1900 2800
774 396 382 45 APPENDIX

274 526 129 40 Since
427 528 177 47 writing
626 530 89 45 this
736 542 138 34 essay,
895 531 74 45 the
990 542 87 34 war
1099 530 95 46 that
1216 529 140 47 might
1376 529 138 47 justly
1530 529 52 47 be
1617 530 98 46 call¬

193 593 52 38 ed
267 594 75 37 the
366 606 86 25 war
470 593 45 38 of
529 596 74 35 the
625 595 188 44 nations,
840 596 94 43 that
959 595 34 44 is
1016 607 97 32 now
1133 595 133 45 being
1288 595 147 45 waged
1455 594 43 46 in
1525 594 186 46 Europe,

194 660 77 36 has
294 658 192 38 afforded
511 665 45 31 to
577 672 169 26 women
770 660 254 46 physicians
1045 661 83 45 and
1166 671 224 35 surgeons,
1435 660 106 46 such
1575 660 140 46 splen¬

194 725 73 37 did
285 725 324 46 opportunities
626 730 44 41 to
684 725 173 46 display
873 725 114 46 their
1003 725 101 46 skill
1120 726 81 45 and
1218 725 152 46 ability
1385 726 137 45 under
1535 725 180 46 circum¬

196 798 171 30 stances
389 791 96 37 that
508 803 71 25 are
601 796 114 32 most
737 791 119 37 cruel
879 791 84 37 and
987 791 163 46 trying,
1206 791 94 46 that
1349 803 85 34 any
1483 790 167 47 history
1671 790 44 47 of

197 869 168 26 women
389 856 42 39 in
456 855 215 40 medicine
712 856 147 39 would
901 856 51 39 be
994 856 261 46 incomplete
1296 856 183 46 without
1500 856 122 46 these
1643 857 72 45 the

197 923 127 37 latest
366 921 323 39 achievements
708 935 7 30 ;
761 922 319 43 achievements
1122 923 95 42 that
1239 921 86 44 will
1349 921 195 44 redound
1576 927 43 38 to
1642 921 73 44 the

197 988 127 46 glory
344 988 48 46 of
413 987 131 47 noble
568 988 286 46 womanhood
878 987 74 47 the
988 987 134 47 world
1163 999 116 35 over.
1324 987 153 47 Hence
1498 988 20 46 I
1543 985 171 49 include

198 1055 115 37 them
331 1066 44 26 as
398 1054 105 46 they
526 1065 121 35 come
665 1053 44 47 in
733 1053 112 47 their
864 1053 125 47 order
1011 1052 45 48 of
1073 1058 163 42 events,
1257 1057 44 43 to
1319 1064 131 36 prove
1472 1063 117 37 more
1602 1050 109 50 fully

198 1132 72 34 my
291 1119 127 47 claim
443 1119 67 47 for
533 1131 169 35 woman
727 1118 44 48 in
795 1118 229 48 medicine.

281 1187 160 36 Doctor
465 1184 133 40 Louis
622 1184 260 46 Livingston
906 1183 198 47 Seaman,
1133 1182 42 48 in
1219 1194 52 36 an
1314 1181 147 49 article
1501 1187 46 43 to
1587 1173 126 57 "The

200 1250 356 47 Independent",
603 1251 114 46 Nov.
765 1253 37 44 2,
852 1251 119 46 1914,
1018 1247 179 50 entitled
1245 1240 95 57 "La
1381 1245 132 52 Croix
1562 1246 152 51 Rouge

197 1317 53 37 de
272 1315 201 39 France"
508 1315 158 46 telling
683 1315 115 46 what
818 1315 75 46 the
916 1314 92 47 Red
1031 1314 128 47 Cross
1180 1313 37 48 is
1237 1311 136 50 doing
1395 1310 44 51 in
1458 1309 132 52 Paris,
1615 1322 97 39 says

198 1383 120 37 there
361 1395 70 25 are
451 1382 123 38 three
595 1380 216 47 principal
836 1378 211 49 societies:

284 1441 6 15 '
303 1441 132 44 'First
451 1447 85 38 and
552 1448 209 37 foremost
773 1446 37 39 is
824 1446 63 40 La
899 1444 134 42 Croix
1051 1445 153 42 Rouge
1217 1440 243 47 Francaise,
1478 1439 230 48 organized

196 1526 101 26 over
320 1514 92 38 half
434 1526 24 26 a
479 1518 185 40 century
682 1524 95 34 ago,
804 1509 144 49 which
982 1509 132 49 today
1155 1507 183 51 extends
1378 1505 55 53 its
1473 1503 238 55 beneficent

196 1579 217 38 influence
434 1591 102 26 over
570 1590 129 33 every
740 1575 165 48 section
947 1574 46 49 of
1032 1573 88 50 this
1160 1570 211 53 beautiful
1412 1570 116 53 land.
1610 1570 39 53 It
1672 1569 35 54 is

194 1646 221 45 governed
450 1644 58 47 by
531 1656 24 35 a
589 1642 164 49 central
788 1639 248 52 committee
1058 1638 45 53 of
1123 1636 98 55 fifty
1254 1635 223 56 members,
1513 1633 193 58 presided

195 1723 101 25 over
317 1710 55 47 by
397 1711 75 46 the
497 1708 195 49 Marquis
713 1708 55 49 de
788 1708 168 49 Vogue.
1024 1705 39 52 It
1104 1701 196 56 includes
1339 1700 120 57 three
1501 1698 208 59 principal

194 1776 222 46 Societies,
452 1777 63 45 La
531 1773 135 49 Croix
688 1774 155 48 Rogue
865 1769 221 53 Militaire,
1111 1766 144 56 which
1277 1764 205 58 formerly
1502 1762 207 60 admitted

196 1843 103 46 only
321 1854 100 35 men
439 1855 7 34 ;
474 1841 49 48 L'
535 1839 146 50 Union
703 1839 77 50 des
797 1836 196 53 Femmes
1015 1835 53 54 de
1084 1832 179 57 France,
1290 1829 104 60 with
1418 1829 103 60 only
1542 1839 165 50 women

196 1919 211 34 surgeons
423 1906 85 47 and
524 1904 267 49 attendants,
810 1900 197 53 presided
1030 1909 100 44 over
1142 1896 58 57 by
1218 1895 199 58 Madame
1435 1894 52 59 D.
1507 1894 197 59 Perouse,

197 1974 83 37 and
304 1975 82 40 Les
409 1974 157 41 Dames
587 1970 55 45 de
677 1967 180 48 France,
894 1965 145 50 whose
1080 1959 288 56 membership
1403 1958 35 57 is
1480 1956 227 59 composed

197 2039 164 46 mainly
384 2037 45 48 of
445 2038 74 47 the
541 2036 133 49 wives
695 2033 46 52 of
760 2032 298 53 Government
1072 2025 203 60 Officials,
1297 2023 45 62 of
1355 2022 140 63 which
1512 2021 197 64 Madame

196 2106 164 38 Carnot
382 2104 37 40 is
434 2103 76 41 the
528 2100 233 48 president.

278 2169 97 40 The
416 2168 100 46 fifty
558 2166 221 48 delegates
814 2159 257 55 composing
1110 2156 75 58 the
1216 2153 247 61 committee
1486 2151 83 63 and
1610 2150 96 64 sub¬

195 2236 274 39 committees
490 2245 72 30 are
583 2232 162 43 chosen
769 2228 111 47 from
903 2227 120 48 these
1045 2224 120 51 three
1186 2218 197 57 societies
1406 2216 82 59 and
1513 2216 109 59 from
1636 2216 73 59 the

195 2303 220 46 delegates
438 2296 245 53 accredited
706 2300 44 49 to
773 2294 74 55 the
871 2290 195 59 Military
1088 2287 298 62 Government
1407 2282 45 67 of
1469 2280 134 69 Paris,
1626 2280 82 69 and

938 2371 40 33 21
