1900 2800
185 288 45 34 10

643 280 201 36 WOMAN
864 279 56 37 IN
940 273 266 43 MEDICINE,

185 401 306 47 astronomy."
552 397 66 51 To
639 398 88 50 this
749 408 86 40 was
859 393 137 55 added
1019 388 309 60 metaphysics,
1369 384 86 64 and
1496 380 211 68 cosmolo¬

186 483 74 34 gy,
288 469 45 48 in
355 467 143 50 which
520 477 117 40 some
656 462 178 55 biology
873 473 89 44 was
991 458 189 59 studied.
1241 452 111 65 This
1394 462 89 55 was
1526 460 24 57 a
1587 446 121 71 thor¬

187 534 170 47 oughly
377 532 196 49 rounded
596 541 152 40 course
769 527 44 54 in
857 523 268 58 intellectual
1174 518 220 63 trainings
1454 508 8 73 '
1490 515 70 66 No
1596 524 116 57 won¬

187 601 77 38 der
287 598 217 41 Professer
527 596 181 45 Huxley
730 592 107 49 said,
858 592 44 49 in
925 590 68 51 his
1015 586 232 55 inaugural
1271 584 177 57 address
1471 592 46 49 as
1551 581 158 60 Rector

186 666 48 38 of
255 662 281 44 Aberdeen,"
566 654 57 52 "I
645 659 136 47 doubt
816 658 34 48 if
888 657 77 49 the
1005 652 268 54 curriculum
1316 648 46 58 of
1402 660 86 46 any
1529 644 179 62 modern

189 729 247 46 university
455 728 145 47 shows
621 737 48 38 so
691 725 113 50 clear
825 723 84 52 and
932 731 216 44 generous
1166 731 23 44 a
1210 711 364 64 comprehension
1599 722 44 53 as
1664 715 45 60 to

192 797 116 39 what
330 795 36 41 is
388 797 146 39 meant
555 792 57 46 by
634 789 170 49 culture
826 800 46 38 as
887 787 88 51 this
1006 785 71 53 old
1120 782 180 56 trivium
1341 792 47 46 or
1428 776 288 62 quadrivium.

188 861 158 39 does."
1072 874 4 26 •
1118 874 4 26 ■

257 953 4 7 .
281 919 176 46 "There
477 923 37 42 is
536 934 56 31 no
622 920 137 45 doubt
780 924 44 41 at
844 918 58 47 all
924 917 132 48 about
1077 916 74 49 the
1183 914 129 51 value
1354 910 45 55 of
1439 910 75 55 the
1554 908 156 57 under¬

189 992 213 47 graduate
423 988 207 51 training,
658 998 79 41 nor
779 984 45 55 of
853 984 75 55 the
969 979 271 60 scholarship
1282 977 45 62 of
1368 976 74 63 the
1483 987 100 52 men
1625 973 84 66 and

190 1068 171 28 women
378 1053 158 43 turned
559 1059 76 37 out
659 1051 134 45 under
815 1049 88 47 this
924 1053 176 43 system,
1124 1057 78 39 nor
1235 1043 46 53 of
1319 1042 115 54 their
1476 1039 152 57 ability
1667 1044 45 52 to

189 1125 281 36 concentrate
484 1117 113 44 their
613 1117 145 44 minds
779 1127 57 34 on
857 1112 183 49 difficult
1062 1111 206 50 subjects.
1329 1107 104 54 Said
1463 1118 82 43 one
1565 1105 47 56 of
1639 1105 74 56 the

188 1187 235 48 graduates
444 1184 45 51 of
510 1182 88 53 this
620 1181 148 54 school
791 1190 42 45 at
855 1178 234 57 Salerno",
1120 1169 56 66 "I
1200 1180 162 55 cannot
1392 1184 75 51 say
1490 1177 72 58 too
1578 1171 131 64 much

188 1253 72 39 for
273 1253 74 39 the
360 1249 195 45 training
575 1248 130 47 given
726 1247 46 48 in
793 1246 103 49 this,
930 1244 75 51 the
1025 1242 95 53 first
1142 1241 46 54 of
1206 1241 77 54 the
1303 1238 185 57 medical
1519 1237 186 58 schools.

191 1319 100 38 One
319 1316 129 45 thing
469 1314 37 47 is
526 1326 113 35 sure,
663 1313 76 48 the
760 1312 239 49 professors
1020 1320 113 41 were
1154 1304 243 57 eminently
1426 1303 183 58 serious,
1636 1302 74 59 the

193 1383 124 40 work
359 1381 132 42 taken
533 1391 59 35 up
613 1390 89 36 was
742 1375 269 51 thoroughly
1038 1371 227 55 scientific,
1292 1370 86 56 and
1415 1368 185 58 some,of
1639 1367 74 59 the

192 1447 160 39 results
366 1446 45 40 of
445 1446 75 40 the
555 1443 182 43 medical
790 1439 335 47 investigations
1160 1437 47 49 of
1239 1437 96 49 that
1370 1435 121 51 early
1525 1435 86 51 day
1647 1444 69 42 are

190 1511 265 47 interesting
475 1522 107 36 even
604 1508 151 50 now."

283 1570 149 45 "That
453 1575 143 40 which
619 1574 36 41 is
675 1578 113 37 most
810 1570 260 46 interesting
1090 1574 46 42 to
1157 1580 52 36 us
1232 1567 44 49 in
1307 1567 75 49 the
1403 1566 178 50 modern
1614 1564 103 52 time

191 1644 51 38 in
262 1643 75 39 the
367 1642 169 46 history
558 1640 46 48 of
623 1639 76 49 the
720 1638 182 50 medical
925 1635 148 53 school
1097 1640 43 48 at
1161 1633 204 55 Salerno,,
1378 1631 38 57 is
1436 1636 46 52 to
1502 1630 54 58 be
1577 1629 139 59 found

193 1709 49 38 in
264 1709 75 38 the
359 1704 321 50 opportunities
697 1703 66 51 for
784 1704 74 50 the
879 1700 185 54 medical
1086 1699 231 55 education
1349 1697 46 57 of
1414 1708 184 46 women,
1634 1694 83 60 and

192 1775 81 38 the
292 1773 231 40 surrender
545 1776 48 37 to
620 1770 119 43 them
761 1768 46 45 of
823 1780 24 33 a
861 1766 142 47 whole
1024 1765 275 48 department
1336 1762 46 51 in
1421 1763 76 50 the
1536 1759 181 54 medical

194 1838 168 44 school,
387 1837 97 45 that
505 1836 45 46 of
569 1835 75 47 the
667 1834 196 48 Diseases
885 1831 46 51 of
953 1830 238 52 Women."
1256 1831 41 51 It
1318 1828 36 54 is
1396 1834 77 48 not
1490 1826 227 56 definitely

194 1904 165 39 known
380 1902 91 47 just
503 1901 127 48 when
673 1899 88 50 this
802 1897 305 52 development
1148 1895 106 54 took
1295 1894 137 55 place.
1493 1891 95 58 The
1628 1891 93 58 first

196 1968 188 48 positive
399 1967 204 49 evidence
616 1964 106 52 with
737 1962 154 54 regard
906 1968 45 48 to
973 1962 33 54 it
1027 1973 143 43 comes
1193 1960 45 56 in
1261 1960 75 56 the
1355 1959 79 57 life
1454 1958 47 58 of
1520 1956 198 60 Trotula,

197 2034 101 39 who
320 2043 138 30 seems
478 2037 45 36 to
543 2031 111 42 have
673 2029 109 44 been
811 2029 75 44 the
921 2026 110 47 head
1072 2026 47 47 of
1168 2026 74 47 the
1276 2025 293 48 department,
1614 2022 107 51 with

198 2099 127 38 other
347 2108 168 29 women
538 2107 47 30 as
606 2094 239 48 professors
868 2092 138 50 under
1021 2092 92 50 her.
1175 2090 89 52 She
1295 2090 37 52 is
1373 2090 93 52 said
1509 2095 45 47 to
1612 2089 111 53 have

195 2162 244 40 flourished
463 2161 130 41 about
615 2161 74 41 the
710 2157 161 45 middle
891 2157 45 45 of
952 2157 73 45 the
1046 2156 202 46 eleventh
1271 2160 200 42 century.
1532 2153 97 49 The
1649 2153 77 49 life

195 2228 53 39 of
267 2227 89 40 this
375 2231 121 42 great
517 2236 185 37 woman,
727 2236 47 37 as
793 2222 147 51 given,
966 2221 36 52 is
1022 2220 292 53 exceedingly
1328 2220 275 53 interesting.
1638 2219 87 54 She

196 2305 93 28 was
304 2305 26 28 a
351 2303 171 30 woman
543 2289 45 44 of
608 2293 122 43 great
751 2288 177 48 literary
959 2286 169 50 ability,
1154 2286 86 50 and
1261 2298 88 38 was
1372 2286 132 50 noted
1547 2287 67 49 for
1648 2285 77 51 her

195 2357 221 46 writings.
477 2355 129 48 Some
627 2355 45 48 of
695 2354 77 49 her
792 2352 138 51 books
951 2363 71 40 are
1044 2350 97 53 well
1162 2351 179 52 known,
1377 2352 85 51 and
1505 2363 71 40 are
1603 2350 121 53 often

196 2423 166 49 quoted
377 2421 166 51 from".

294 2482 214 46 "Salerno
530 2483 235 45 continued
787 2488 45 40 to
854 2481 130 48 enjoy
1023 2481 75 48 the
1138 2480 250 49 reputation
1420 2481 68 48 for
1531 2481 199 48 training
