1900 2800
664 269 200 36 WOMAN
883 270 57 36 IN
971 271 259 36 MEDICINE

1673 271 40 34 11

189 397 172 28 women
385 385 255 49 physicians
670 387 286 48 thoroughly,
982 388 114 47 until
1116 389 97 46 well
1235 401 56 34 on
1319 388 47 47 in
1406 388 74 47 the
1498 387 218 48 .fifteenth

188 457 205 42 century.
454 450 97 49 The
581 458 172 41 custom
775 465 139 34 seems
937 454 90 45 also
1048 459 45 40 to
1115 456 110 43 have
1245 454 108 45 been
1375 453 263 46 transferred
1669 458 45 41 to

191 518 181 47 Naples,
398 519 91 46 and
516 517 184 48 licenses
721 523 45 42 to
783 519 189 47 practice
992 532 112 34 were
1117 521 144 45 issued
1302 525 48 41 to
1380 532 170 34 women
1589 519 125 47 grad¬

190 589 141 34 uates.
392 584 186 39 Salerno
607 584 250 39 influenced
906 586 200 46 Bologna
1144 586 85 46 and
1270 587 75 45 the
1385 586 128 46 north
1555 585 157 47 Italian

188 649 283 40 universities
512 650 241 48 prfoundly
775 650 46 48 in
844 651 56 47 all
923 650 213 48 branches
1158 651 45 47 of
1225 651 212 47 medicine
1458 651 85 47 and
1573 650 136 48 medi¬

191 717 67 38 cal
279 715 249 48 education,
557 716 286 47 particularly
865 716 46 47 in
933 728 198 36 surgery,
1156 717 85 47 and
1257 718 75 46 the
1354 716 185 48 practice
1571 715 46 49 of
1656 715 57 49 al¬

191 782 167 47 lowing
379 783 111 46 such
512 794 170 35 women
705 794 47 35 as
774 782 165 47 wished
962 788 45 41 to
1047 782 187 47 practice
1273 781 214 48 medicine
1526 793 47 36 or
1621 793 92 36 sur¬

191 861 123 35 gery,
340 853 46 43 to
408 853 121 43 enter
551 848 76 48 the
648 847 244 49 university
914 848 183 48 medical
1119 847 184 49 schools.
1364 845 109 51 This
1495 846 36 50 is
1571 858 143 38 exem¬

192 914 150 49 plified
358 914 45 49 in
427 915 73 48 the
522 926 99 37 case
642 913 46 50 of
706 913 257 50 Mondino's
986 913 204 50 assistant
1212 913 47 50 in
1280 918 218 45 anatomy,
1517 911 195 52 Allesan-

193 981 80 38 dra
293 979 169 41 Giliani
483 993 7 33 ;
525 980 174 46 though
720 979 122 47 there
864 991 71 35 are
955 979 147 47 others
1123 979 145 47 whose
1289 990 147 36 names
1478 990 70 36 are
1596 989 117 37 men¬

192 1046 152 39 tioned
366 1045 45 40 in
436 1045 184 46 history.
682 1042 216 49 Through
937 1045 74 46 the
1042 1043 217 48 influence
1298 1043 45 48 of
1384 1043 73 48 the
1516 1041 93 50 first
1630 1042 84 49 and

192 1117 126 43 great
339 1111 247 49 university
614 1110 47 50 in
676 1110 131 50 Italy,
829 1109 210 51 feminine
1050 1108 233 52 education
1296 1108 203 52 obtained
1521 1120 25 40 a
1565 1113 152 47 strong

194 1177 218 47 foothold,
440 1177 86 47 and
550 1175 107 49 with
679 1176 75 48 the
786 1175 169 49 further
995 1174 304 50 development
1338 1173 46 51 of
1423 1172 287 52 universities,

197 1243 214 41 feminine
432 1242 233 42 education
688 1253 121 31 came
830 1246 45 38 to
894 1240 55 44 be
968 1240 75 44 the
1064 1239 107 45 rule.
1232 1237 110 47 This
1357 1238 93 46 rule
1470 1240 77 44 has
1579 1237 136 47 main¬

195 1310 150 39 tained
367 1308 121 41 itself
508 1307 57 42 all
586 1308 131 41 down
739 1307 75 42 the
835 1305 219 44 centuries
1075 1305 45 44 in
1143 1304 130 47 Italy,
1301 1316 46 35 so
1368 1304 96 47 that
1484 1304 121 47 there
1638 1303 78 48 has

196 1381 78 34 not
295 1375 109 40 been
427 1387 24 28 a
472 1373 142 47 single
635 1377 186 43 century
843 1370 120 50 since
985 1371 74 49 the
1080 1369 184 51 twelfth,
1311 1369 44 51 in
1397 1368 142 52 which
1595 1368 121 52 there

198 1443 111 38 have
331 1445 78 36 not
430 1440 109 41 been
560 1450 85 31 one
667 1450 48 31 or
737 1449 118 32 more
876 1435 324 47 distinguished
1231 1446 167 36 women
1435 1434 193 48 teachers
1670 1433 44 49 in

195 1509 77 38 the
293 1505 157 42 Italian
476 1503 277 44 universities
772 1503 46 44 ".

281 1572 169 45 Walsh,
478 1570 45 47 in
554 1568 216 49 speaking
790 1567 45 50 of
857 1567 74 50 the
952 1564 274 53 educational
1262 1563 318 54 opportunities
1621 1568 93 49 out¬

194 1638 96 39 side
310 1637 48 40 of
378 1637 131 46 Italy,
534 1646 102 37 says
655 1648 9 35 :
694 1627 88 56 "in
803 1632 112 51 spite
935 1631 47 52 of
996 1632 74 51 the
1089 1630 183 53 absence
1292 1629 45 54 of
1371 1628 152 55 formal
1562 1639 155 44 oppor¬

196 1703 185 41 tunities
403 1702 67 42 for
491 1700 212 44 feminine
724 1698 232 46 education
980 1697 44 47 in
1067 1694 213 50 medicine
1321 1700 43 44 at
1403 1694 74 50 the
1512 1694 201 50 Western

198 1768 295 43 universities,
521 1780 24 31 a
560 1764 166 47 certain
751 1768 179 43 ainonnt
952 1762 45 49 of
1018 1759 212 52 scientific
1272 1759 259 52 knowledge
1565 1757 46 54 of
1650 1758 63 53 dir

198 1847 143 29 seases
362 1846 47 30 as
430 1833 95 43 well
547 1844 47 32 as
622 1829 202 47 valuable
846 1827 205 49 practical
1071 1825 194 51 training
1285 1825 46 51 in
1352 1824 75 52 the
1454 1836 96 40 care
1569 1823 47 53 of
1642 1823 76 53 the

198 1901 154 47 ailing,
387 1911 88 37 was
497 1903 76 45 not
596 1895 214 53 wanting.
871 1892 95 56 The
987 1891 183 57 medical
1195 1889 254 59 knowledge
1470 1888 45 60 of
1535 1888 75 60 the
1630 1900 85 48 wo¬

198 1979 101 28 men
321 1965 47 42 of
392 1965 224 42 Northern
633 1961 183 46 France,
855 1959 222 48 Germany
1117 1956 85 51 and
1243 1954 217 53 England,
1501 1954 213 53 however,

198 2032 175 47 though
405 2031 34 48 it
460 2030 76 49 did
559 2033 77 46 not
657 2026 167 53 receive
844 2025 74 54 the
939 2030 141 49 stamp
1103 2021 46 58 of
1170 2034 23 45 a
1214 2020 154 59 formal
1409 2019 155 60 degree
1605 2018 111 61 from

199 2099 76 40 the
291 2095 271 47 University,
588 2094 86 48 and
698 2093 75 49 the
794 2088 256 54 distinction
1086 2087 45 55 of
1170 2099 25 43 a
1224 2085 161 57 license
1424 2090 45 52 to
1510 2082 202 60 practice,

199 2176 91 29 was
310 2175 118 30 none
447 2162 77 43 the
542 2160 86 45 less
648 2157 220 48 thorough
890 2156 86 49 and
998 2151 278 54 extensive."

282 2228 111 41 This
414 2227 169 46 history
605 2225 45 48 of
671 2224 74 49 the
775 2220 212 53 medieval
1009 2230 167 43 women
1216 2215 250 58 physicians
1486 2214 145 59 would
1667 2213 55 60 be

198 2295 124 49 quite
344 2292 265 52 incomplete
638 2289 188 55 without
842 2300 24 44 a
887 2286 122 58 short
1032 2282 151 62 sketch
1206 2281 46 63 of
1285 2281 73 63 the
1393 2280 76 64 life
1490 2280 85 64 and
1596 2278 122 66 work

198 2362 49 40 of
266 2374 84 28 one
370 2359 48 43 of
438 2359 57 43 its
518 2362 113 40 most
652 2352 270 50 remarkable
943 2362 184 40 women,
1151 2349 97 53 that
1263 2346 47 56 of
1329 2346 74 56 the
1430 2345 168 57 Abbess
1619 2344 98 58 Hil-

197 2426 207 49 degarde.
466 2422 96 53 The
597 2419 150 56 record
771 2430 46 45 as
837 2417 130 58 given
990 2415 47 60 of
1071 2413 88 62 this
1181 2424 170 51 woman
1374 2410 36 65 is
1446 2424 45 51 as
1514 2410 169 65 follows
1707 2422 8 53 ;

204 2487 10 16 '
226 2486 110 46 'The
357 2491 76 41 life
449 2489 46 43 of
516 2489 75 43 the
604 2486 169 46 Abbess
794 2481 270 51 Hildegarde
1079 2479 36 53 is
1135 2478 171 54 worthy
1319 2477 45 55 of
1382 2475 336 57 consideration,
