1900 2800
197 281 21 32 8

674 275 202 35 WOMAN
896 274 56 36 IN
972 270 262 40 MEDICINE

282 397 73 36 Dr.
381 397 143 44 James
544 395 38 46 J.
610 393 166 48 Walsh,
804 392 156 49 author
982 391 45 50 of
1040 402 23 39 a
1079 393 146 48 recent
1238 385 170 56 history
1423 382 43 59 of
1484 378 231 63 medicine,

198 461 194 46 entitled,
425 455 118 52 "Old
584 458 126 49 Time
735 458 172 49 Makers
948 456 45 51 of
1031 452 272 55 Medicine",
1333 461 127 46 says:
1511 440 116 67 "We
1648 457 71 50 are

197 540 136 31 prone
354 527 44 44 in
421 526 179 45 modern
622 524 125 47 times
770 528 43 43 to
836 522 129 49 think
987 522 93 49 that
1102 531 79 40 our
1198 517 260 54 generation
1482 513 36 58 is
1539 513 75 58 the
1625 511 94 60 first

196 599 45 31 to
264 592 104 38 offer
390 598 44 32 to
457 603 167 27 women
639 603 84 33 any
737 588 215 48 facilities,
980 600 47 36 or
1044 582 336 54 opportunities,
1400 580 67 56 for
1486 577 231 59 education

198 658 45 37 in
265 657 227 39 medicine.
554 657 79 39 We
656 668 70 28 are
744 666 146 35 prone,
910 655 213 46 however,
1143 651 44 50 in
1203 650 73 51 the
1293 659 118 42 same
1432 658 96 43 way
1550 650 44 51 to
1616 656 100 45 con¬

196 724 115 38 sider
331 724 95 38 that
450 735 22 27 a
490 721 181 41 number
693 720 46 42 of
758 719 151 45 things
929 719 96 45 that
1049 730 62 34 we
1128 728 71 36 are
1215 714 139 50 doing
1374 724 71 40 are
1468 723 99 41 now
1586 709 133 55 being

199 790 112 37 done
333 789 67 38 for
421 789 73 38 the
516 786 233 43 first,time.
811 785 61 44 As
896 797 23 32 a
940 788 154 41 matter
1117 782 45 47 of
1185 780 101 49 fact,
1328 778 33 51 it
1401 777 37 52 is
1478 775 239 54 extremely

198 854 184 38 difficult
402 858 45 34 to
469 853 91 39 find
583 865 84 33 any
691 851 237 47 important
949 852 263 46 movement,
1253 858 49 40 or
1322 842 276 56 occupation,
1624 841 95 57 that

199 920 36 38 is
257 925 76 33 not
354 919 161 46 merely
537 931 23 34 a
581 916 229 49 repetition
835 915 45 50 of
901 928 23 37 a
946 914 202 51 previous
1188 912 179 53 interest
1383 910 46 55 of
1450 907 264 58 mankind".

286 978 128 45 "The
435 984 140 39 whole
597 975 230 48 education
849 981 46 42 of
913 991 165 32 women
1101 992 64 31 we
1187 989 73 34 are
1280 981 73 42 apt
1370 980 44 43 to
1436 974 129 49 think
1586 973 47 50 of
1671 985 44 38 as

200 1051 194 45 modern,
421 1049 240 47 forgetting
682 1048 94 48 that
798 1046 137 50 Plato,
963 1045 43 51 in
1043 1044 68 52 his
1157 1036 284 60 "Republic"
1469 1039 180 57 insisted
1672 1051 44 45 as

199 1116 244 46 absolutely
463 1126 46 36 as
531 1127 88 35 any
640 1112 194 50 feminist
855 1111 46 51 of
920 1122 80 40 our
1035 1109 140 53 times,
1221 1108 96 54 that
1356 1118 168 44 women
1560 1104 157 58 should

200 1183 109 38 have
322 1183 74 38 the
413 1192 116 29 same
546 1177 319 48 opportunities
879 1177 66 48 for
958 1174 230 51 education
1204 1185 46 40 as
1263 1185 99 40 men
1381 1186 8 39 ;
1415 1171 85 54 and
1523 1177 42 48 at
1581 1172 136 53 Rome

202 1254 43 31 at
267 1248 74 37 the
361 1246 83 39 end
468 1245 47 40 of
535 1245 75 40 the
650 1242 214 48 Republic
884 1241 85 49 and
993 1243 75 47 the
1088 1238 248 52 beginning
1355 1237 47 53 of
1421 1237 75 53 the
1518 1235 195 55 Empire,

200 1325 167 27 women
390 1310 208 47 occupied
621 1322 103 35 very
747 1308 131 49 much
899 1308 74 49 the
996 1315 117 42 sa:me
1146 1304 188 53 position
1373 1303 44 54 in
1459 1302 131 55 social
1632 1301 84 56 and

199 1369 181 55 literary
399 1376 78 48 life
498 1389 45 35 as
564 1387 82 37 our
666 1387 97 37 own
787 1385 168 39 women
978 1373 47 51 Of
1039 1371 205 53 to-day."
1441 1373 17 51 *

283 1442 187 46 Coming
491 1454 59 34 up
573 1447 44 41 to
639 1440 118 48 early
776 1438 221 50 Christian
1020 1437 142 51 times,
1183 1435 162 53 during
1365 1435 75 53 the
1461 1433 149 55 fourth
1632 1433 84 55 and

198 1509 100 39 fifth
319 1507 230 46 centuries,
576 1507 122 46 there
733 1517 113 36 were
869 1516 131 37 many
1022 1501 324 52 distinguished
1376 1512 169 41 women
1568 1499 147 54 physi¬

200 1574 135 46 cians,
363 1573 83 47 and
470 1574 73 46 the
565 1584 148 36 names
735 1571 45 49 of
801 1583 24 37 a
841 1570 83 50 few
945 1569 46 51 of
1012 1569 117 51 them
1143 1568 110 52 have
1264 1567 108 53 been
1387 1564 273 56 transmitted
1675 1569 44 51 to

202 1652 67 27 us.
331 1640 117 39 Such
471 1651 47 28 as
538 1636 261 45 Theodosia,
827 1640 44 41 at
890 1637 154 44 Rome.
1079 1634 88 47 She
1205 1645 89 36 was
1334 1630 269 51 remarkable
1642 1634 78 47 not

199 1706 105 47 Only
325 1717 46 36 as
393 1717 24 36 a
438 1703 226 50 physician
689 1703 84 50 and
796 1711 202 42 surgeon,
1024 1699 79 54 but
1127 1699 89 54 also
1239 1698 44 55 in
1325 1698 74 55 the
1421 1697 89 56 fact
1530 1696 77 57 she
1628 1696 89 57 suf¬

201 1771 119 38 fered
335 1771 244 45 martydom
597 1768 108 48 with
721 1768 124 48 other
862 1765 245 51 Christians
1127 1765 141 51 under
1288 1764 77 52 the
1385 1761 214 55 Emperor
1619 1760 99 56 Dio¬

202 1836 158 39 cletian
370 1866 22 18 v
438 1834 193 50 Eabiola,
661 1833 36 51 is
719 1833 129 51 noted
865 1830 184 54 because
1070 1831 77 53 she
1171 1841 85 43 was
1279 1830 75 54 the
1376 1828 186 56 founder
1584 1827 44 57 of
1648 1827 74 57 the

200 1902 94 38 first
315 1900 189 47 hospital
528 1899 45 48 in
595 1900 153 47 Rome.
809 1896 141 51 There
973 1907 72 40 are
1065 1901 85 46 two
1191 1896 124 51 other
1337 1905 150 42 names
1509 1893 45 54 of
1575 1890 142 57 Greek

201 1966 265 48 physicians,
494 1963 221 51 Origenia,
761 1961 249 53 mentioned
1033 1961 56 53 by
1111 1961 73 53 the
1205 1965 123 49 great
1348 1969 188 45 surgeon
1560 1951 153 63 Galen',

203 2032 84 38 and
309 2030 198 47 Aspasia,
534 2028 248 49 mentioned
805 2028 58 49 by
885 2026 170 51 Aetius,
1082 2036 23 41 a
1143 2024 325 53 distinguished
1490 2016 229 61 physiciaii

203 2097 85 38 and
310 2102 188 40 surgeon
522 2094 43 48 in
588 2094 68 48 his
676 2094 100 48 day.
838 2094 79 48 We
939 2093 109 49 have
1070 2090 204 52 evidence
1297 2091 175 51 enough
1511 2093 48 49 to
1600 2089 120 53 show

202 2161 95 39 that
318 2160 144 40 Greek
484 2168 166 32 Women
674 2157 249 48 physicians
946 2166 111 39 were
1079 2161 76 44 not
1176 2168 106 37 very
1309 2168 111 37 rare.
1701 2147 7 58 ;

284 2209 25 15 "
319 2217 181 37 Women
524 2226 159 33 among
704 2214 74 45 the
798 2211 167 48 Greeks
988 2211 83 48 and
1096 2212 192 47 Romans
1310 2211 186 48 enjoyed
1519 2210 106 49 both
1641 2221 75 38 en¬

203 2275 305 41 couragement
530 2269 83 47 and
637 2266 285 50 opportunity
942 2272 45 44 to
1008 2266 132 50 study
1163 2266 92 50 and.
1270 2265 189 51 practice
1500 2265 217 51 medicine

200 2326 51 41 in.
267 2326 84 41 the.
358 2325 116 46 early
484 2323 220 48 centuries
717 2323 47 48 of
783 2322 75 49 the
879 2320 221 51 Christian
1123 2320 125 51 era'.'.
1291 2320 122 51 .And
1435 2320 104 51 why
1560 2320 158 51 shpul.d

202 2379 87 39 this
311 2384 76 34 not
408 2380 108 38 have
538 2378 107 40 been
668 2389 62 34 so,
758 2377 123 46 when
904 2376 74 47 the
1000 2375 200 48 example
1221 2376 85 47 and
1328 2374 219 49 influence
1568 2375 46 48 of
1646 2375 75 48 the

205 2436 134 38 Great
360 2433 249 47 Physician,
654 2433 74 47 the
749 2430 294 50 emancipator
1083 2429 46 51 of
1168 2441 169 39 women
1379 2430 46 50 in
1468 2425 85 55 His
1595 2417 122 63 timej

204 2488 246 40 dominated
473 2488 94 40 that
588 2486 172 48 portion
783 2485 44 49 of
848 2486 73 48 the
944 2483 133 51 world
1096 2484 16 50 ?
