1900 2800
303 288 60 49 62

656 298 241 36 AFRICAN
930 297 327 39 METHODISM

359 418 307 53 Organization
699 432 87 39 was
820 418 179 53 effected
1029 417 56 54 by
1116 414 72 57 the
1220 413 177 58 election
1430 412 48 59 of
1510 411 106 60 Rev.

300 485 78 41 Dr.
411 485 166 50 George
604 486 69 49 W.
705 486 173 49 Bryant,
910 484 243 51 Secretary;
1182 482 105 53 Rev.
1317 480 55 55 A.
1405 480 56 55 N.
1489 479 126 56 Jack¬

303 564 89 36 son,
427 551 218 49 statistical
680 557 221 45 secretary.
960 547 93 55 The
1086 548 240 54 "Wayman
1362 545 255 57 Cyclopedia

303 619 47 40 of
382 619 180 40 African
596 617 287 42 Methodism"
917 631 87 28 was
1036 615 164 53 bought
1230 615 55 53 by
1317 614 72 54 the
1418 611 197 57 brethren

309 686 103 39 with
434 685 184 50 alacrity.
678 686 39 49 It
740 684 34 51 is
797 684 116 51 quite
932 683 232 52 noticeable
1185 682 102 53 here
1307 695 46 40 as
1377 681 43 54 in
1442 681 56 54 all
1520 695 94 40 pre¬

309 751 121 41 vious
459 750 282 42 Conferences
766 750 111 48 held,
902 748 92 50 that
1019 762 82 36 any
1125 746 174 52 brother
1322 747 99 51 who
1445 747 78 51 left
1547 745 65 53 his

304 818 120 39 work
443 817 42 40 in
504 817 72 40 the
595 815 176 42 interval
791 816 48 41 of
857 814 71 43 the
950 814 262 43 Conference
1231 813 179 44 without
1429 814 71 43 the
1519 827 93 39 per¬

301 883 175 40 mission
500 881 46 42 of
567 881 72 43 the
662 881 228 53 Presiding
911 880 130 54 Elder
1063 895 49 39 or
1135 881 160 53 Bishop
1318 895 86 39 was
1428 879 185 55 severely

302 950 111 40 dealt
443 949 115 41 with.

359 1028 222 40 Admitted
622 1041 55 27 on
719 1027 244 52 probation:
996 1026 46 53 C.
1072 1028 70 51 WL
1170 1027 253 54 Raspberry,
1466 1026 49 55 G.
1558 1024 50 57 T.

303 1092 199 54 Fontroy,
547 1095 37 51 J.
615 1095 155 51 James,
813 1095 70 51 W.
928 1095 47 51 L.
1021 1094 161 53 Billips,
1225 1095 54 52 D.
1323 1095 57 52 H.
1426 1095 181 52 Hunter,

304 1161 141 52 James
480 1160 184 53 Hollins,
700 1159 49 54 G.
786 1161 48 52 B.
870 1161 121 52 West
1025 1162 83 51 and
1144 1160 140 53 Caesar
1317 1161 151 53 Jones';
1502 1161 104 53 Rev.

300 1227 52 43 A.
378 1227 47 43 B.
450 1225 144 45 Evans
617 1228 221 51 presented
859 1228 65 51 his
948 1227 246 52 credentials
1217 1242 45 37 as
1285 1242 53 37 an
1361 1228 113 51 elder
1498 1228 111 51 from

300 1294 72 41 the
397 1293 46 42 C.
471 1294 61 41 M.
558 1292 50 45 E.
636 1293 182 44 Church.

356 1374 193 40 Deacons
586 1373 225 41 ordained:
843 1374 124 41 Peter
1004 1374 117 52 Inge,
1159 1375 48 51 L.
1245 1375 180 52 Dudley,
1463 1374 53 53 A.
1553 1374 53 53 A.

299 1442 137 43 Lucas
461 1441 84 44 and
568 1439 50 46 E.
642 1441 37 52 J.
704 1441 204 52 Johnson.
967 1439 173 54 Elders:
1164 1442 157 52 Joseph
1347 1440 259 55 Mahogany,

301 1510 32 40 L
366 1508 227 48 Shellman,
623 1506 46 50 F.
700 1508 48 48 B.
779 1509 236 50 Moreland,
1045 1507 42 52 S.
1117 1508 103 51 HiU,
1249 1507 50 52 E.
1328 1509 57 50 H.
1413 1509 193 50 Watson,

301 1576 41 42 S.
370 1576 164 52 Yonge,
563 1576 51 52 R.
642 1574 207 54 Emanuel
874 1577 83 51 and
984 1577 61 51 M.
1075 1577 60 51 M.
1164 1577 142 52 Mayo,
1334 1577 101 52 with
1461 1591 26 38 a
1510 1591 96 39 pro¬

297 1644 93 40 viso
413 1643 90 41 that
527 1642 70 42 the
622 1643 121 41 latter
767 1644 51 40 be
840 1649 75 35 not
940 1643 201 41 ordained
1165 1643 62 41 till
1252 1642 69 43 the
1346 1644 260 53 adjustment

296 1711 48 39 of
374 1724 116 27 some
522 1709 146 54 family
699 1709 247 54 difficulties.

350 1778 103 42 Rev.
482 1778 50 42 R.
559 1778 69 42 W.
656 1778 193 42 Howard
874 1777 207 52 preached
1106 1777 71 52 the
1203 1778 171 51 Annual
1404 1778 199 51 Sermon;

294 1852 112 34 text:
430 1844 59 44 St.
512 1845 120 43 Luke
654 1845 70 51 5th
745 1843 183 54 chapter,
949 1846 73 51 4th
1044 1859 131 38 verse,
1198 1846 202 51 "Launch
1422 1853 73 44 out
1516 1847 88 50 into

292 1912 70 40 the
387 1912 143 52 deep."'

347 1988 92 43 The
473 1989 261 42 Conference
768 1989 330 42 Commissioner
1131 1992 47 40 of
1212 1989 250 52 Education,
1497 1992 103 49 Rev.

300 2058 33 39 I.
366 2057 53 40 N.
452 2054 256 52 Fitzpatrick
735 2057 122 49 made
886 2071 25 35 a
940 2064 140 42 report
1108 2072 54 34 on
1191 2058 71 48 the
1292 2058 184 48 Garfield
1505 2061 93 45 Me¬

297 2122 149 41 morial
469 2123 258 48 University.
785 2120 91 51 The
899 2123 89 48 first
1010 2123 157 48 edition
1190 2124 47 47 of
1258 2123 66 48 his
1347 2125 139 46 charts
1509 2132 89 39 cost

288 2188 240 51 $1,700.00;
552 2186 130 53 Elder
706 2185 256 54 Fitzpatrick
985 2190 196 51 reported
1202 2189 221 53 $1,673.00
1445 2192 150 50 raised.

289 2254 72 52 Up
386 2261 45 45 to
454 2253 71 53 the
550 2254 100 52 time
676 2254 46 52 of
747 2253 82 53 this
854 2253 173 53 history,
1054 2255 72 51 the
1150 2254 248 55 University
1423 2255 76 54 has
1524 2264 76 45 not

288 2321 282 40 materialized
599 2334 98 27 save
724 2335 55 26 on
805 2334 140 38 paper.

348 2399 102 40 Rev.
482 2398 41 43 S.
551 2400 47 43 L.
628 2399 130 44 Mims
786 2413 85 30 was
898 2399 260 44 transferred
1186 2400 112 43 from
1324 2402 72 41 the
1422 2399 173 46 Florida

289 2464 260 42 Conference
573 2465 84 41 and
682 2463 207 43 stationed
913 2471 42 35 at
979 2462 199 53 Eufaula,
1204 2465 96 50 Ala.
