1900 2800
671 318 250 31 AFRICAN
945 315 341 37 METHODISM.
1551 302 86 50 165

312 447 136 37 prove
470 434 139 50 itself;
632 433 54 51 he
708 434 201 50 petitions'
929 434 92 50 that
1044 434 65 50 his
1133 447 96 37 race
1250 435 52 49 be
1324 440 62 44 set
1411 434 90 50 free
1526 433 112 51 from

311 500 74 41 the
412 500 192 41 shackles
632 502 47 39 of
705 501 221 49 prejudice
951 502 84 48 and
1062 501 333 49 discrimination
1421 501 92 49 that
1537 499 102 51 bind

310 568 57 39 its
389 567 294 50 development
704 566 43 51 in
767 565 159 52 tighter
947 567 84 50 and
1050 579 118 38 more
1189 567 162 50 galling
1371 566 145 51 chains
1537 566 101 51 than

313 647 100 27 ever
431 632 180 42 fettered
628 635 71 39 the
716 634 122 40 limbs
856 634 48 40 of
921 648 25 26 a
963 632 137 50 slave;
1117 632 57 50 he
1189 633 143 49 pleads
1351 631 91 51 that
1459 631 71 51 the
1548 633 90 49 lash

312 702 51 39 of
387 702 201 49 ignorant
614 714 177 37 censure
814 701 93 50 that
932 701 35 50 is
992 713 118 38 more
1134 699 140 52 brutal
1297 699 104 52 than
1428 712 97 39 ever
1551 712 87 39 was

313 767 116 52 whip
458 768 46 51 of
533 780 196 39 overseer
755 780 99 39 may
881 767 52 52 be
960 767 241 52 suspended
1228 765 107 54 until
1363 766 138 53 actual
1530 765 107 54 facts

313 849 74 27 are
411 835 296 49 investigated.
766 832 135 52 Then,
927 835 76 49 but
1025 841 76 43 not
1125 834 107 50 until
1257 834 111 50 then,
1394 833 54 51 he
1472 834 35 50 is
1533 833 104 51 will¬

312 903 80 48 ing
413 902 90 49 that
526 902 65 49 his
616 914 95 37 race
734 899 107 52 shall
862 902 53 49 be
935 901 165 50 judged
1122 901 55 50 by
1200 901 52 50 its
1276 901 154 50 works.

360 981 83 40 Mr.
466 980 191 41 Councill
677 980 151 41 denied
846 979 92 42 that
955 981 71 40 the
1045 980 193 48 Negroes
1258 979 47 49 of
1322 979 72 49 the
1414 977 135 51 South
1568 992 72 36 are

315 1047 225 50 returning
566 1054 46 43 to
636 1047 247 50 barbarism.
943 1046 66 51 By
1037 1047 198 50 statistics
1264 1043 204 54 gathered
1497 1044 142 53 exclu¬

319 1115 131 49 sively
470 1115 55 49 by
546 1114 128 50 white
693 1128 107 36 men,
824 1114 52 50 he
897 1114 160 50 proved
1078 1113 91 51 that
1188 1110 74 54 the
1281 1113 156 51 charge
1458 1112 34 52 is
1515 1112 119 52 with¬

315 1188 76 34 out
419 1181 266 41 foundation.
745 1180 233 49 Referring
1001 1187 44 42 to
1069 1180 72 49 the
1165 1179 134 50 awful
1324 1179 150 50 crimes
1500 1176 139 53 which

314 1248 129 49 bring
472 1247 72 50 the
574 1260 96 37 race
699 1247 136 50 under
866 1245 104 52 such
1001 1245 269 52 unrelenting
1300 1245 338 52 condemnation,

315 1314 57 41 he
396 1314 91 41 s'aid
511 1314 92 41 that
627 1328 83 35 any
736 1314 151 49 Negro
909 1313 99 50 who
1032 1313 208 50 outraged
1264 1327 25 36 a
1312 1325 167 38 woman
1505 1309 136 54 ought

319 1390 43 31 to
386 1382 51 39 be
461 1381 165 40 burned
649 1387 48 34 to
721 1381 136 40 death.
919 1380 72 41 No
1014 1379 272 50 punishment
1310 1387 90 42 was'
1423 1384 74 45 too
1520 1384 121 45 great

318 1449 69 38 lor
412 1446 72 41 the
509 1447 141 40 crime.
711 1446 86 41 But
822 1445 177 52 legalize
1023 1447 43 50 it.
1126 1445 197 52 Legalize
1348 1445 208 52 burning;
1584 1444 56 53 le¬

320 1515 136 49 galize
489 1515 353 49 dismembering;
875 1513 176 51 legalize
1084 1525 82 39 any
1198 1518 162 46 torture
1391 1512 93 52 that
1515 1511 125 53 could

317 1583 53 39 be
404 1582 184 46 devised,
623 1581 85 47 and
739 1581 55 47 he
827 1580 144 48 would
1004 1593 186 37 approve
1223 1580 42 50 it.
1326 1579 39 51 It
1396 1579 35 51 is
1463 1585 75 45 not
1569 1579 70 51 the

320 1647 284 51 punishment,
634 1648 31 50 it
690 1648 34 50 is
750 1647 72 51 the
847 1659 176 39 manner
1049 1647 43 51 in
1117 1644 140 54 which
1282 1645 33 53 it
1340 1645 35 53 is
1402 1645 139 53 meted
1567 1650 74 48 out

317 1714 92 41 that
430 1713 54 42 he
506 1714 161 50 objects
690 1719 55 45 to.
806 1710 92 54 The
919 1711 138 53 whole
1077 1713 135 51 moral
1233 1717 98 47 tone
1352 1712 47 52 of
1420 1711 71 53 the
1512 1724 129 40 coun¬

317 1789 70 43 try
417 1783 34 49 is
481 1781 185 51 lowered
695 1780 123 52 when
847 1779 72 53 the
946 1780 100 52 mob
1074 1785 195 47 executes
1298 1779 53 53 its
1381 1777 115 55 laws.
1556 1778 86 54 But

317 1850 119 39 there
463 1849 34 40 is
524 1848 179 41 another
728 1846 164 43 feature
916 1847 48 42 of
987 1847 71 42 the
1084 1846 150 49 Negro
1257 1845 192 50 question
1474 1845 91 50 that
1588 1843 54 52 he

320 1915 162 41 wished
506 1921 46 35 to
575 1914 201 42 mention.
835 1913 82 43 We
941 1913 48 43 of
1011 1911 71 45 the
1108 1912 140 44 North
1272 1918 114 38 must
1411 1911 230 45 remember

318 1981 94 40 that
440 1981 126 40 while
592 1980 72 41 the
695 1978 136 43 South
858 1992 129 36 pours
1016 1985 74 43 out
1117 1977 71 51 the
1216 1978 105 50 vials
1350 1977 47 51 of
1425 1977 52 51 its
1506 1976 135 52 wrath

320 2062 117 38 upon
466 2047 72 53 the
568 2048 150 52 Negro
745 2046 122 54 brute
896 2045 98 55 who
1023 2051 198 49 outrages
1252 2058 23 42 a
1304 2043 129 57 white
1461 2056 181 44 woman,

322 2116 72 39 the
427 2115 150 51 people
609 2114 47 52 of
688 2113 72 53 the
794 2112 140 54 North
967 2124 109 42 pour
1108 2117 73 49 out
1213 2108 71 58 the
1316 2109 109 57 vials'
1456 2109 47 57 of
1535 2109 109 57 their

323 2182 135 40 wrath
486 2195 115 37 upon
628 2179 71 53 the
725 2193 105 39 poor
856 2177 149 55 honest
1034 2177 149 55 Negro
1209 2177 163 55 laborer
1400 2175 96 57 who
1524 2176 118 56 seeks

320 2256 48 33 to
393 2262 99 27 earn
517 2247 65 42 his
608 2247 130 42 bread
760 2247 46 42 in
830 2243 107 46 their
963 2243 306 46 communities.

382 2328 83 40 Mr.
503 2325 193 43 Councill
731 2324 99 44 does
863 2329 74 39 not
967 2322 161 46 believe
1158 2322 91 46 that
1283 2320 94 48 God
1409 2322 123 46 made
1564 2336 79 32 one

322 2408 97 26 race
442 2392 194 50 superior
658 2398 45 44 to
725 2388 189 54 another,
940 2388 82 54 and
1039 2386 100 56 then
1153 2386 99 56 held
1267 2387 101 55 both
1384 2393 43 49 to
1443 2388 71 54 the
1529 2401 116 41 same

323 2459 205 42 standard
577 2459 47 42 of
674 2454 335 48 accountability.
1069 2454 140 48 When
1260 2452 154 50 Caesar
1462 2455 181 47 invaded
