1899 2798
715 305 59 31 IN
805 296 285 40 ALABAMA.

1498 268 88 47 157

325 419 105 38 Rev.
461 417 198 40 Harmon
687 407 232 54 organized
946 403 85 58 and
1058 413 111 48 gave
1194 404 45 57 to
1266 395 72 66 the
1364 392 53 69 A.
1448 391 63 70 M.
1540 386 50 75 E.

268 485 252 40 connection
557 479 74 46 the
663 476 156 49 second
855 471 159 54 church
1049 475 44 50 at
1129 467 319 58 Montgomery,
1483 455 111 70 Ala.,

271 551 140 41 which
438 551 36 41 is
500 561 99 31 now
628 545 61 47 St.
719 541 210 51 Stephens
956 538 53 54 A.
1040 536 62 56 M.
1130 531 50 61 E.
1210 525 184 67 Church.
1453 521 154 71 While'

271 624 145 45 pastor
447 622 42 47 at
518 612 148 57 White
694 607 116 62 Hall,
840 606 111 63 Ala.,
980 602 55 67 he
1061 600 108 69 built
1197 598 72 71 the
1296 592 149 77 pulpit,
1476 590 119 79 altar,

274 684 144 42 seated
445 682 73 44 the
540 677 176 49 church,
744 673 166 53 bought
935 671 86 55 and
1047 667 100 59 paid
1176 665 69 61 for
1270 678 25 48 a
1321 658 82 68 bell
1433 658 69 68 for
1527 654 73 72 the

275 749 170 49 church,
471 748 106 50 built
599 762 25 36 a
646 743 153 55 belfry,
823 741 84 57 and
931 737 42 61 in
998 752 26 46 a
1045 742 89 56 two
1153 729 154 69 week's
1332 723 159 75 revival
1514 720 85 78 had

281 829 77 40 157
381 821 208 48 converts,
614 825 116 44 some
754 808 47 61 of
824 807 142 62 whom
990 818 70 51 are
1083 798 223 71 preachers
1329 794 85 75 and
1436 791 164 78 officers

278 888 42 39 in
350 885 73 42 the
450 879 158 48 church
637 891 111 36 now.
808 875 60 52 At
896 868 235 59 Abbeville,
1160 865 111 62 Ala.,
1298 860 57 67 he
1381 859 107 68 built
1517 855 85 72 and

280 953 99 51 paid
407 952 70 52 for
502 963 24 41 a
553 948 120 56 three
697 956 120 48 room
844 947 261 57 parsonage;
1132 929 218 75 increased
1375 927 72 77 the
1473 937 130 67 mem¬

281 1020 171 48 bership
475 1017 47 51 of
544 1016 72 52 the
639 1010 158 58 church
822 1009 113 59 from
958 1006 50 62 61
1036 1011 45 57 to
1108 1012 100 56 149;
1231 998 91 70 also
1343 992 181 76 finished
1547 1003 57 65 up

285 1102 24 25 a
338 1084 158 43 church
525 1095 101 32 near
655 1075 221 52 Abbeville
905 1073 83 54 and
1015 1069 101 58 paid
1142 1068 34 59 it
1203 1071 75 56 out
1305 1063 49 64 of
1382 1061 110 66 debt,
1521 1058 85 69 and

286 1153 165 51 greatly
488 1147 217 57 increased
741 1144 71 60 the
849 1135 283 69 membership
1169 1135 48 69 of
1254 1130 73 74 the
1361 1141 128 63 same.
1548 1125 60 79 At

287 1220 147 46 Wells,
464 1217 110 49 Ala.,
604 1215 55 51 he
688 1208 230 58 organized
947 1220 26 46 a
1001 1201 172 65 church,
1200 1196 166 70 bought
1394 1194 101 72 land
1525 1192 83 74 and

290 1288 163 39 lumber
494 1284 69 43 for
601 1281 70 46 the
712 1277 155 50 edifice.
927 1274 60 53 At
1025 1267 201 60 Eufaula,
1267 1264 110 63 Ala.,
1416 1263 55 64 he
1506 1273 101 54 pur¬

289 1353 157 41 chased
472 1364 26 30 a
522 1347 82 47 bell
632 1347 69 47 for
725 1344 74 50 the
822 1340 160 54 church
1008 1343 44 51 at
1076 1350 26 44 a
1126 1340 91 54 cost
1242 1332 48 62 of
1314 1331 123 63 $135,
1463 1341 56 53 an
1543 1338 68 56 or-

292 1435 84 25 ^an
402 1420 69 40 for
493 1418 122 48 $120,
640 1412 106 54 built
768 1426 26 40 a
817 1420 137 46 recess
978 1406 70 60 for
1071 1400 130 66 choir,
1226 1396 137 70 pulpit
1385 1393 85 73 and
1493 1390 120 76 altar,

292 1483 286 45 wainscoated
600 1482 85 46 and
707 1476 211 52 plastered
940 1471 72 57 the
1035 1468 158 60 church
1217 1465 84 63 and
1324 1462 90 66 also
1435 1454 180 74 finished

294 1569 58 35 up
373 1553 72 51 the
467 1561 238 43 parsonage
726 1551 43 53 at
792 1558 24 46 a
837 1542 104 62 total
963 1545 91 59 cost
1075 1536 47 68 of
1144 1534 163 70 $1,100,
1331 1529 85 75 and
1438 1525 99 79 paid
1559 1523 55 81 all

294 1622 49 39 of
365 1621 32 40 it
418 1623 151 38 except
589 1615 123 49 $190,
736 1611 102 53 with
861 1623 25 41 a
906 1601 285 63 membership
1213 1600 47 64 of
1287 1604 89 60 125.
1435 1592 72 72 He
1528 1602 90 62 car¬

299 1687 89 41 ried
424 1687 104 48 $101
568 1689 47 46 to
648 1679 66 56 his
751 1676 252 59 conference
1039 1671 114 64 from
1189 1665 71 70 the
1298 1675 115 60 same
1450 1658 169 77 charge,

298 1752 138 43 which
456 1764 87 31 was
562 1751 72 44 the
652 1748 159 47 largest
829 1746 176 49 amount
1024 1750 97 45 ever
1140 1730 196 65 reported
1356 1729 112 66 from
1487 1722 129 73 there.

301 1823 51 39 In
384 1822 203 49 January,
626 1812 117 59 1898,
776 1811 53 60 he
861 1821 87 50 was
980 1798 263 73 transferred
1273 1803 48 68 to
1362 1792 74 79 the
1481 1786 141 85 North

302 1886 187 52 Georgia
534 1882 268 56 Conference
842 1874 85 64 and
970 1867 201 71 assigned
1212 1872 45 66 to
1299 1862 71 76 the
1415 1858 208 80 Palmetto

304 1954 174 44 Circuit.
538 1952 42 46 A
607 1962 95 36 new
731 1943 161 55 church
921 1953 88 45 was
1039 1934 138 64 added
1205 1940 47 58 to
1277 1930 72 68 the
1377 1922 247 76 connection

305 2024 86 41 and
420 2036 25 29 a
473 2020 84 50 $50
585 2015 83 55 bell
699 2026 87 44 was
817 2009 100 61 paid
949 2007 69 63 for
1047 2001 85 69 and
1162 2005 77 65 put
1268 2010 56 60 on
1353 1992 71 78 the
1453 1988 171 82 church.

307 2090 93 42 The
426 2082 285 50 membership
738 2092 87 40 was
853 2071 217 61 increased
1096 2067 93 65 also
1213 2063 84 69 and
1322 2061 73 71 the
1419 2057 121 75 work
1566 2069 62 63 re¬

308 2158 138 43 vived.
535 2153 71 48 He
644 2161 89 40 was
771 2151 103 50 next
911 2135 228 66 appointed
1190 2139 46 62 to
1288 2130 206 71 Newnan,
1549 2122 76 79 Ga.

308 2224 142 41 There
469 2222 56 43 he
545 2218 100 51 paid
666 2214 64 55 off
748 2210 74 59 the
841 2203 295 66 indebtedness
1159 2198 49 71 of
1228 2194 71 75 the
1320 2191 181 78 church;
1524 2200 108 69 gave

309 2307 96 26 new
430 2290 76 43 life
528 2293 47 40 to
596 2283 72 50 the
691 2278 158 55 church
873 2274 85 59 and
981 2267 165 66 greatly
1168 2261 219 72 increased
1409 2257 71 76 the
1502 2269 129 64 mem¬

311 2356 183 49 bership.
554 2352 61 53 At
646 2348 72 57 the
749 2345 81 60 last
862 2338 142 67 North
1035 2332 185 73 Georgia
1250 2327 172 78 Annual
1454 2323 178 82 Confer¬

314 2439 102 28 ence
440 2423 47 44 of
509 2420 72 47 the
605 2416 53 51 A.
684 2413 62 54 M.
772 2409 50 58 E.
849 2403 185 64 Church,
1057 2399 84 68 this
1166 2391 311 76 distinguished
1499 2388 135 79 pulpit

314 2498 146 34 orator
484 2499 88 33 was
597 2476 229 56 appointed
849 2477 144 55 pastor
1016 2468 48 64 of
1087 2465 73 67 the
1181 2460 263 72 Thomaston
1468 2456 167 76 station,
