1921 2814
662 289 250 34 AFRICAN
936 291 341 35 METHODISM.

1545 286 82 45 127

361 392 61 43 St.
450 395 149 51 John's
628 396 317 54 Montgomery,
973 397 110 53 Ala.,
1111 400 103 50 Rev.
1244 401 68 49 W.
1343 402 47 48 B.
1418 403 207 51 Johnson,

306 460 48 40 A.
393 461 76 49 M.,
502 469 157 44 pastor.
722 460 102 53 This
858 465 34 48 is
927 479 79 34 one
1038 467 46 46 of
1116 466 71 47 the
1219 468 172 53 leading-
1423 468 203 53 churches

300 528 48 38 of
385 528 73 40 the
497 528 129 43 State.
723 531 259 52 Regardless
1019 534 47 49 of
1105 535 351 52 denominations,
1495 537 131 50 Elder

298 594 193 52 Johnson
519 611 87 35 was
633 598 72 48 the
731 598 89 48 first
846 600 206 53 principal
1079 602 46 51 of
1154 603 145 52 Payne
1327 603 166 52 School.
1554 606 70 49 He

298 663 76 40 has
397 676 130 29 never
554 665 129 41 failed
706 667 43 39 in
772 665 71 43 the
867 668 267 41 schoolroom
1158 684 48 27 or
1229 670 149 53 pulpit.

357 729 59 44 St.
442 731 132 50 Luke,
599 729 202 54 Eufaula,
826 734 108 51 Ala.,
959 736 102 49 Rev.
1089 736 44 49 C.
1160 736 48 49 G.
1234 738 208 50 Hatchen,
1467 747 155 45 pastor.

299 795 131 45 Elder
463 798 198 42 Hatchen
694 802 35 40 is
762 816 24 26 a
818 816 148 40 young
997 817 98 39 man
1128 804 99 52 who
1258 806 34 50 is
1324 806 164 50 blessed
1521 808 101 48 with

296 871 122 44 great
440 878 156 38 power.

354 930 267 51 Emmanuel,
658 935 172 50 Mobile,
866 937 104 48 Rev.
1006 937 56 48 H.
1100 939 54 46 N.
1189 940 239 48 Newsome,
1462 948 156 46 pastor.

297 999 130 41 Elder
455 1001 226 42 Newsome
707 1003 34 40 is
767 1003 71 42 the
862 1012 111 33 most
998 1008 234 40 successful
1257 1022 147 39 young
1429 1010 190 51 minister

297 1066 43 39 in
364 1065 73 42 the
463 1066 129 43 State.

352 1133 104 42 Rev.
487 1135 144 42 Moses
658 1137 237 49 Moreland,
925 1139 161 51 Bethel,
1114 1141 170 49 Mobile.
1345 1141 141 49 When
1513 1144 103 46 Rev.

298 1200 227 42 Moreland
551 1216 87 27 was
665 1204 228 51 appointed
918 1211 46 44 to
987 1205 84 50 this
1098 1207 166 50 station,
1291 1207 73 50 the
1387 1210 148 52 people
1561 1211 59 51 al¬

297 1274 110 34 most
440 1276 111 33 went
582 1269 88 41 into
702 1270 202 42 rebellion
931 1273 180 41 because
1141 1275 47 39 of
1219 1274 64 43 his
1315 1275 200 53 youthful
1546 1292 72 38 ap¬

296 1348 216 38 pearance.
603 1336 103 50 Rev.
741 1338 48 48 L.
826 1338 205 52 Gardner,
1068 1341 226 55 Presiding
1327 1342 141 54 Elder,
1503 1345 114 51 said:

296 1402 47 40 "I
369 1403 85 40 will
478 1416 58 40 go
558 1404 65 52 his
649 1407 183 51 security
854 1406 91 52 that
969 1406 53 52 he
1045 1410 86 48 will
1156 1410 109 48 have
1288 1412 207 46 success."
1526 1410 91 48 The

294 1471 147 51 people
466 1478 93 44 sent
583 1472 226 52 telegrams
836 1476 84 48 and
945 1488 103 36 even
1075 1491 24 33 a
1123 1480 240 44 committee
1386 1486 45 38 to
1457 1479 157 54 Bishop

294 1534 168 44 Turner
491 1538 42 40 in
563 1540 176 41 Atlanta
766 1548 43 34 to
838 1540 110 43 have
975 1544 88 40 him
1095 1545 209 42 removed.
1365 1544 120 56 They
1514 1555 101 45 took

290 1603 89 41 him
406 1619 53 26 on
486 1605 107 41 trial.
654 1607 131 42 What
810 1607 76 42 has
911 1611 104 40 been
1039 1611 71 41 the
1136 1613 158 39 result?
1353 1613 97 42 One
1473 1615 47 40 of
1544 1616 71 40 the

292 1680 110 33 most
435 1673 249 42 substantial
716 1677 84 40 and
831 1678 208 41 beautiful
1070 1686 85 35 two
1188 1688 116 45 story
1336 1681 158 52 church
1527 1683 87 50 edi¬

290 1739 97 41 fices
415 1743 164 39 erected
605 1743 41 40 in
672 1742 73 43 the
771 1743 259 45 Connection
1055 1748 54 51 by
1134 1748 65 51 his
1225 1748 192 55 untiring
1442 1764 169 40 energy.

290 1805 130 42 Elder
444 1808 226 42 Moreland
691 1808 77 43 has
791 1811 103 40 been
918 1820 144 44 pastor
1084 1814 45 50 in
1149 1815 82 49 this
1255 1816 96 48 field
1375 1817 81 47 five
1477 1831 134 38 years,

288 1874 84 41 and
400 1875 36 40 if
463 1875 77 41 left
566 1882 46 35 to
635 1878 72 40 the
734 1879 158 51 people,
921 1878 54 52 he
1000 1881 125 49 could
1152 1883 114 47 wind
1294 1897 58 38 up
1378 1885 64 50 his
1468 1899 143 36 career

286 1940 129 41 there.

345 2008 59 44 St.
434 2011 132 46 Luke,
595 2011 194 52 Opelika,
819 2013 109 51 Ala.,
956 2015 103 49 Rev.
1090 2014 46 50 F.
1166 2017 55 47 H.
1253 2016 235 52 Goodman,
1516 2035 93 38 pas¬

286 2084 78 33 tor.
426 2075 86 44 Eor
540 2087 264 35 earnestness
832 2083 83 40 and
944 2083 192 41 firmness
1165 2084 42 40 in
1236 2086 215 52 principle,
1481 2086 131 52 Elder

284 2141 223 44 Goodman
532 2143 75 43 has
634 2146 84 41 few
742 2147 154 51 equals.

341 2209 59 44 St.
429 2211 157 51 James,
614 2212 237 51 Avondale,
880 2214 103 49 Rev.
1014 2215 44 48 C.
1090 2215 45 48 C.
1159 2217 323 54 .Montgomery,
1512 2234 95 39 pas¬

282 2284 78 34 tor.
423 2279 49 39 In
502 2278 72 42 the
603 2280 150 41 winter
783 2282 48 39 of
864 2282 103 52 1887
996 2281 53 53 he
1079 2284 231 52 organized
1339 2285 82 51 this
1453 2288 153 48 station

283 2344 41 40 in
354 2358 53 26 an
437 2345 70 40 old
537 2346 147 41 saloon
712 2347 208 53 building,
950 2349 157 51 known
1136 2361 46 39 as
1210 2352 71 48 the
1310 2351 173 49 "White
1511 2351 93 49 Ele¬

280 2411 173 51 phant."
514 2411 131 51 Elder
673 2414 304 53 Montgomery
1004 2417 33 50 is
1066 2416 130 51 doing
1222 2432 25 35 a
1272 2419 188 51 glorious
1486 2424 117 46 work

277 2476 131 41 there.
