<?xml version="1.0" encoding="utf-8"?>
<alto xmlns:xlink="http://www.w3.org/1999/xlink" xmlns:xsi="http://www.w3.org/2001/XMLSchema-instance" xsi:schemaLocation="http://www.loc.gov/standards/alto/ns-v2# http://www.loc.gov/standards/alto/alto-v2.0.xsd" xmlns="http://www.loc.gov/standards/alto/ns-v2#">
  <Description>
    <MeasurementUnit>pixel</MeasurementUnit>
    <sourceImageInformation>
      <fileName>0150.tif</fileName>
    </sourceImageInformation>
    <OCRProcessing ID="Processing">
      <ocrProcessingStep>
        <processingStepSettings>Image Resolution:400</processingStepSettings>
        <processingSoftware>
          <softwareCreator>I2S Kirtas</softwareCreator>
          <softwareName>Limb</softwareName>
          <softwareVersion>1.0</softwareVersion>
          <applicationDescription>Abbyy10 OCR Engine</applicationDescription>
        </processingSoftware>
      </ocrProcessingStep>
    </OCRProcessing>
  </Description>
  <Styles>
    <TextStyle ID="StyleId-0" FONTSIZE="8" FONTFAMILY="Times New Roman" />
    <TextStyle ID="StyleId-1" FONTSIZE="9" FONTFAMILY="Times New Roman" />
  </Styles>
  <Layout>
    <Page ID="P149" PHYSICAL_IMG_NR="149" HEIGHT="2799" WIDTH="1900" ACCURACY="0.774939954" QUALITY_DETAIL="290 words, 1234 chars, 964 with recognition greater than 50% (78.12%)">
      <TopMargin ID="P149_TM00001" HPOS="0" VPOS="0" WIDTH="1900" HEIGHT="309" />
      <LeftMargin ID="P149_LM00001" HPOS="0" VPOS="309" WIDTH="263" HEIGHT="2180" />
      <RightMargin ID="P149_RM00001" HPOS="1638" VPOS="309" WIDTH="262" HEIGHT="2180" />
      <BottomMargin ID="P149_BM00001" HPOS="0" VPOS="2489" WIDTH="1900" HEIGHT="310" />
      <PrintSpace ID="P149_PS00001" HPOS="263" VPOS="309" WIDTH="1375" HEIGHT="2180">
        <TextBlock ID="P149_TB00001" HPOS="608" VPOS="304" WIDTH="654" HEIGHT="44">
          <TextLine ID="P149_TL00001" HPOS="616" VPOS="312" WIDTH="638" HEIGHT="29">
            <String ID="P149_S00001" HPOS="616" VPOS="313" WIDTH="247" HEIGHT="33" STYLEREFS="StyleId-0" CONTENT="AFRICAN" WC="0.541428566" CC="41074006" />
            <SP ID="P149_SP00001" WIDTH="0" HPOS="0" VPOS="0" />
            <String ID="P149_S00002" HPOS="905" VPOS="303" WIDTH="349" HEIGHT="43" STYLEREFS="StyleId-0" CONTENT="METHODISM." WC="0.561" CC="0827484602" />
          </TextLine>
        </TextBlock>
        <TextBlock ID="P149_TB00002" HPOS="264" VPOS="406" WIDTH="1374" HEIGHT="2083">
          <TextLine ID="P149_TL00002" HPOS="289" VPOS="413" WIDTH="1308" HEIGHT="47">
            <String ID="P149_S00003" HPOS="289" VPOS="438" WIDTH="186" HEIGHT="40" STYLEREFS="StyleId-1" CONTENT="persons." WC="0.9275" CC="50000000" />
            <SP ID="P149_SP00002" WIDTH="0" HPOS="0" VPOS="0" />
            <String ID="P149_S00004" HPOS="535" VPOS="423" WIDTH="49" HEIGHT="55" STYLEREFS="StyleId-1" CONTENT="In" WC="0.83" CC="03" />
            <SP ID="P149_SP00003" WIDTH="0" HPOS="0" VPOS="0" />
            <String ID="P149_S00005" HPOS="616" VPOS="422" WIDTH="115" HEIGHT="56" STYLEREFS="StyleId-1" CONTENT="1892," WC="0.626" CC="36260" />
            <SP ID="P149_SP00004" WIDTH="0" HPOS="0" VPOS="0" />
            <String ID="P149_S00006" HPOS="758" VPOS="421" WIDTH="53" HEIGHT="57" STYLEREFS="StyleId-1" CONTENT="he" WC="0.705" CC="50" />
            <SP ID="P149_SP00005" WIDTH="0" HPOS="0" VPOS="0" />
            <String ID="P149_S00007" HPOS="838" VPOS="432" WIDTH="86" HEIGHT="46" STYLEREFS="StyleId-1" CONTENT="was" WC="1" CC="000" />
            <SP ID="P149_SP00006" WIDTH="0" HPOS="0" VPOS="0" />
            <String ID="P149_S00008" HPOS="952" VPOS="412" WIDTH="202" HEIGHT="66" STYLEREFS="StyleId-1" CONTENT="ordained" WC="0.83375" CC="20004600" />
            <SP ID="P149_SP00007" WIDTH="0" HPOS="0" VPOS="0" />
            <String ID="P149_S00009" HPOS="1180" VPOS="423" WIDTH="24" HEIGHT="55" STYLEREFS="StyleId-1" CONTENT="a" WC="1" CC="0" />
            <SP ID="P149_SP00008" WIDTH="0" HPOS="0" VPOS="0" />
            <String ID="P149_S00010" HPOS="1232" VPOS="409" WIDTH="157" HEIGHT="69" STYLEREFS="StyleId-1" CONTENT="deacon" WC="0.9033333" CC="000005" />
            <SP ID="P149_SP00009" WIDTH="0" HPOS="0" VPOS="0" />
            <String ID="P149_S00011" HPOS="1417" VPOS="408" WIDTH="42" HEIGHT="70" STYLEREFS="StyleId-1" CONTENT="at" WC="0.465" CC="45" />
            <SP ID="P149_SP00010" WIDTH="0" HPOS="0" VPOS="0" />
            <String ID="P149_S00012" HPOS="1486" VPOS="396" WIDTH="111" HEIGHT="82" STYLEREFS="StyleId-1" CONTENT="Tus-" WC="0.775" CC="0305" />
          </TextLine>
          <TextLine ID="P149_TL00003" HPOS="289" VPOS="491" WIDTH="661" HEIGHT="45">
            <String ID="P149_S00013" HPOS="289" VPOS="491" WIDTH="166" HEIGHT="41" STYLEREFS="StyleId-1" CONTENT="cumbia" WC="0.876666665" CC="000240" />
            <SP ID="P149_SP00011" WIDTH="0" HPOS="0" VPOS="0" />
            <String ID="P149_S00014" HPOS="473" VPOS="490" WIDTH="54" HEIGHT="52" STYLEREFS="StyleId-1" CONTENT="by" WC="0.675" CC="60" />
            <SP ID="P149_SP00012" WIDTH="0" HPOS="0" VPOS="0" />
            <String ID="P149_S00015" HPOS="548" VPOS="488" WIDTH="159" HEIGHT="54" STYLEREFS="StyleId-1" CONTENT="Bishop" WC="0.651666641" CC="340706" />
            <SP ID="P149_SP00013" WIDTH="0" HPOS="0" VPOS="0" />
            <String ID="P149_S00016" HPOS="729" VPOS="487" WIDTH="53" HEIGHT="55" STYLEREFS="StyleId-1" CONTENT="A." WC="0.785" CC="04" />
            <SP ID="P149_SP00014" WIDTH="0" HPOS="0" VPOS="0" />
            <String ID="P149_S00017" HPOS="806" VPOS="484" WIDTH="144" HEIGHT="58" STYLEREFS="StyleId-1" CONTENT="Grant." WC="0.811666667" CC="410500" />
          </TextLine>
          <TextLine ID="P149_TL00004" HPOS="342" VPOS="557" WIDTH="1257" HEIGHT="47">
            <String ID="P149_S00018" HPOS="342" VPOS="569" WIDTH="51" HEIGHT="39" STYLEREFS="StyleId-1" CONTENT="In" WC="0.75" CC="50" />
            <SP ID="P149_SP00015" WIDTH="0" HPOS="0" VPOS="0" />
            <String ID="P149_S00019" HPOS="427" VPOS="567" WIDTH="116" HEIGHT="52" STYLEREFS="StyleId-1" CONTENT="1894," WC="0.77" CC="01026" />
            <SP ID="P149_SP00016" WIDTH="0" HPOS="0" VPOS="0" />
            <String ID="P149_S00020" HPOS="576" VPOS="563" WIDTH="140" HEIGHT="56" STYLEREFS="StyleId-1" CONTENT="North" WC="0.89" CC="50000" />
            <SP ID="P149_SP00017" WIDTH="0" HPOS="0" VPOS="0" />
            <String ID="P149_S00021" HPOS="748" VPOS="564" WIDTH="219" HEIGHT="55" STYLEREFS="StyleId-1" CONTENT="Bessemer" WC="0.85875" CC="30004003" />
            <SP ID="P149_SP00018" WIDTH="0" HPOS="0" VPOS="0" />
            <String ID="P149_S00022" HPOS="997" VPOS="572" WIDTH="87" HEIGHT="47" STYLEREFS="StyleId-1" CONTENT="was" WC="1" CC="000" />
            <SP ID="P149_SP00019" WIDTH="0" HPOS="0" VPOS="0" />
            <String ID="P149_S00023" HPOS="1117" VPOS="552" WIDTH="204" HEIGHT="67" STYLEREFS="StyleId-1" CONTENT="detached" WC="0.77125" CC="30160600" />
            <SP ID="P149_SP00020" WIDTH="0" HPOS="0" VPOS="0" />
            <String ID="P149_S00024" HPOS="1353" VPOS="549" WIDTH="113" HEIGHT="70" STYLEREFS="StyleId-1" CONTENT="from" WC="0.575" CC="1464" />
            <SP ID="P149_SP00021" WIDTH="0" HPOS="0" VPOS="0" />
            <String ID="P149_S00025" HPOS="1496" VPOS="540" WIDTH="103" HEIGHT="79" STYLEREFS="StyleId-1" CONTENT="Dol¬" WC="0.5125" CC="6624" />
          </TextLine>
          <TextLine ID="P149_TL00005" HPOS="287" VPOS="626" WIDTH="1315" HEIGHT="44">
            <String ID="P149_S00026" HPOS="287" VPOS="635" WIDTH="138" HEIGHT="48" STYLEREFS="StyleId-1" CONTENT="omite," WC="0.83" CC="204004" />
            <SP ID="P149_SP00022" WIDTH="0" HPOS="0" VPOS="0" />
            <String ID="P149_S00027" HPOS="456" VPOS="634" WIDTH="83" HEIGHT="49" STYLEREFS="StyleId-1" CONTENT="and" WC="0.9533333" CC="001" />
            <SP ID="P149_SP00023" WIDTH="0" HPOS="0" VPOS="0" />
            <String ID="P149_S00028" HPOS="568" VPOS="632" WIDTH="54" HEIGHT="51" STYLEREFS="StyleId-1" CONTENT="he" WC="0.68" CC="60" />
            <SP ID="P149_SP00024" WIDTH="0" HPOS="0" VPOS="0" />
            <String ID="P149_S00029" HPOS="649" VPOS="646" WIDTH="87" HEIGHT="37" STYLEREFS="StyleId-1" CONTENT="was" WC="0.69" CC="090" />
            <SP ID="P149_SP00025" WIDTH="0" HPOS="0" VPOS="0" />
            <String ID="P149_S00030" HPOS="766" VPOS="628" WIDTH="228" HEIGHT="55" STYLEREFS="StyleId-1" CONTENT="appointed" WC="0.8666667" CC="090020000" />
            <SP ID="P149_SP00026" WIDTH="0" HPOS="0" VPOS="0" />
            <String ID="P149_S00031" HPOS="1020" VPOS="632" WIDTH="48" HEIGHT="51" STYLEREFS="StyleId-1" CONTENT="to" WC="0.63" CC="07" />
            <SP ID="P149_SP00027" WIDTH="0" HPOS="0" VPOS="0" />
            <String ID="P149_S00032" HPOS="1097" VPOS="619" WIDTH="141" HEIGHT="64" STYLEREFS="StyleId-1" CONTENT="North" WC="0.948" CC="00200" />
            <SP ID="P149_SP00028" WIDTH="0" HPOS="0" VPOS="0" />
            <String ID="P149_S00033" HPOS="1268" VPOS="618" WIDTH="222" HEIGHT="65" STYLEREFS="StyleId-1" CONTENT="Bessemer" WC="0.84" CC="50000204" />
            <SP ID="P149_SP00029" WIDTH="0" HPOS="0" VPOS="0" />
            <String ID="P149_S00034" HPOS="1518" VPOS="608" WIDTH="84" HEIGHT="75" STYLEREFS="StyleId-1" CONTENT="and" WC="0.486666679" CC="077" />
          </TextLine>
          <TextLine ID="P149_TL00006" HPOS="287" VPOS="694" WIDTH="1318" HEIGHT="43">
            <String ID="P149_S00035" HPOS="287" VPOS="701" WIDTH="263" HEIGHT="43" STYLEREFS="StyleId-1" CONTENT="Woodward" WC="0.875" CC="010000000" />
            <SP ID="P149_SP00030" WIDTH="0" HPOS="0" VPOS="0" />
            <String ID="P149_S00036" HPOS="574" VPOS="700" WIDTH="89" HEIGHT="44" STYLEREFS="StyleId-1" CONTENT="Ore" WC="0.8233333" CC="050" />
            <SP ID="P149_SP00031" WIDTH="0" HPOS="0" VPOS="0" />
            <String ID="P149_S00037" HPOS="686" VPOS="698" WIDTH="154" HEIGHT="47" STYLEREFS="StyleId-1" CONTENT="Mines," WC="1" CC="000000" />
            <SP ID="P149_SP00032" WIDTH="0" HPOS="0" VPOS="0" />
            <String ID="P149_S00038" HPOS="865" VPOS="696" WIDTH="142" HEIGHT="49" STYLEREFS="StyleId-1" CONTENT="where" WC="0.874" CC="50000" />
            <SP ID="P149_SP00033" WIDTH="0" HPOS="0" VPOS="0" />
            <String ID="P149_S00039" HPOS="1028" VPOS="693" WIDTH="55" HEIGHT="52" STYLEREFS="StyleId-1" CONTENT="he" WC="1" CC="00" />
            <SP ID="P149_SP00034" WIDTH="0" HPOS="0" VPOS="0" />
            <String ID="P149_S00040" HPOS="1105" VPOS="695" WIDTH="122" HEIGHT="50" STYLEREFS="StyleId-1" CONTENT="spent" WC="1" CC="00000" />
            <SP ID="P149_SP00035" WIDTH="0" HPOS="0" VPOS="0" />
            <String ID="P149_S00041" HPOS="1251" VPOS="688" WIDTH="101" HEIGHT="57" STYLEREFS="StyleId-1" CONTENT="four" WC="0.7025" CC="2062" />
            <SP ID="P149_SP00036" WIDTH="0" HPOS="0" VPOS="0" />
            <String ID="P149_S00042" HPOS="1373" VPOS="694" WIDTH="122" HEIGHT="51" STYLEREFS="StyleId-1" CONTENT="years" WC="0.79" CC="30420" />
            <SP ID="P149_SP00037" WIDTH="0" HPOS="0" VPOS="0" />
            <String ID="P149_S00043" HPOS="1520" VPOS="676" WIDTH="85" HEIGHT="69" STYLEREFS="StyleId-1" CONTENT="and" WC="0.236666664" CC="697" />
          </TextLine>
          <TextLine ID="P149_TL00007" HPOS="289" VPOS="762" WIDTH="1314" HEIGHT="32">
            <String ID="P149_S00044" HPOS="290" VPOS="770" WIDTH="105" HEIGHT="41" STYLEREFS="StyleId-1" CONTENT="built" WC="0.854" CC="04030" />
            <SP ID="P149_SP00038" WIDTH="0" HPOS="0" VPOS="0" />
            <String ID="P149_S00045" HPOS="415" VPOS="784" WIDTH="26" HEIGHT="27" STYLEREFS="StyleId-1" CONTENT="a" WC="1" CC="0" />
            <SP ID="P149_SP00039" WIDTH="0" HPOS="0" VPOS="0" />
            <String ID="P149_S00046" HPOS="461" VPOS="768" WIDTH="157" HEIGHT="43" STYLEREFS="StyleId-1" CONTENT="church" WC="0.816666663" CC="000505" />
            <SP ID="P149_SP00040" WIDTH="0" HPOS="0" VPOS="0" />
            <String ID="P149_S00047" HPOS="639" VPOS="772" WIDTH="43" HEIGHT="39" STYLEREFS="StyleId-1" CONTENT="at" WC="1" CC="00" />
            <SP ID="P149_SP00041" WIDTH="0" HPOS="0" VPOS="0" />
            <String ID="P149_S00048" HPOS="702" VPOS="766" WIDTH="220" HEIGHT="45" STYLEREFS="StyleId-1" CONTENT="Bessemer" WC="0.8725" CC="60000003" />
            <SP ID="P149_SP00042" WIDTH="0" HPOS="0" VPOS="0" />
            <String ID="P149_S00049" HPOS="944" VPOS="760" WIDTH="84" HEIGHT="51" STYLEREFS="StyleId-1" CONTENT="and" WC="0.82" CC="050" />
            <SP ID="P149_SP00043" WIDTH="0" HPOS="0" VPOS="0" />
            <String ID="P149_S00050" HPOS="1049" VPOS="772" WIDTH="82" HEIGHT="39" STYLEREFS="StyleId-1" CONTENT="one" WC="0.696666658" CC="503" />
            <SP ID="P149_SP00044" WIDTH="0" HPOS="0" VPOS="0" />
            <String ID="P149_S00051" HPOS="1150" VPOS="762" WIDTH="44" HEIGHT="49" STYLEREFS="StyleId-1" CONTENT="at" WC="1" CC="00" />
            <SP ID="P149_SP00045" WIDTH="0" HPOS="0" VPOS="0" />
            <String ID="P149_S00052" HPOS="1213" VPOS="747" WIDTH="278" HEIGHT="64" STYLEREFS="StyleId-1" CONTENT="Woodward." WC="0.543333352" CC="738004565" />
            <SP ID="P149_SP00046" WIDTH="0" HPOS="0" VPOS="0" />
            <String ID="P149_S00053" HPOS="1549" VPOS="744" WIDTH="54" HEIGHT="67" STYLEREFS="StyleId-1" CONTENT="In" WC="0.67" CC="33" />
          </TextLine>
          <TextLine ID="P149_TL00008" HPOS="292" VPOS="831" WIDTH="1313" HEIGHT="40">
            <String ID="P149_S00054" HPOS="293" VPOS="835" WIDTH="116" HEIGHT="53" STYLEREFS="StyleId-1" CONTENT="1896," WC="0.792" CC="24003" />
            <SP ID="P149_SP00047" WIDTH="0" HPOS="0" VPOS="0" />
            <String ID="P149_S00055" HPOS="434" VPOS="834" WIDTH="54" HEIGHT="54" STYLEREFS="StyleId-1" CONTENT="he" WC="1" CC="00" />
            <SP ID="P149_SP00048" WIDTH="0" HPOS="0" VPOS="0" />
            <String ID="P149_S00056" HPOS="513" VPOS="847" WIDTH="87" HEIGHT="41" STYLEREFS="StyleId-1" CONTENT="was" WC="0.6666667" CC="0100" />
            <SP ID="P149_SP00049" WIDTH="0" HPOS="0" VPOS="0" />
            <String ID="P149_S00057" HPOS="628" VPOS="831" WIDTH="228" HEIGHT="57" STYLEREFS="StyleId-1" CONTENT="appointed" WC="0.567777753" CC="7910632000" />
            <SP ID="P149_SP00050" WIDTH="0" HPOS="0" VPOS="0" />
            <String ID="P149_S00058" HPOS="880" VPOS="835" WIDTH="46" HEIGHT="53" STYLEREFS="StyleId-1" CONTENT="to" WC="0.69" CC="06" />
            <SP ID="P149_SP00051" WIDTH="0" HPOS="0" VPOS="0" />
            <String ID="P149_S00059" HPOS="953" VPOS="826" WIDTH="61" HEIGHT="62" STYLEREFS="StyleId-1" CONTENT="St." WC="0.65" CC="604" />
            <SP ID="P149_SP00052" WIDTH="0" HPOS="0" VPOS="0" />
            <String ID="P149_S00060" HPOS="1044" VPOS="824" WIDTH="108" HEIGHT="64" STYLEREFS="StyleId-1" CONTENT="Paul" WC="0.8475" CC="5000" />
            <SP ID="P149_SP00053" WIDTH="0" HPOS="0" VPOS="0" />
            <String ID="P149_S00061" HPOS="1181" VPOS="821" WIDTH="179" HEIGHT="67" STYLEREFS="StyleId-1" CONTENT="Station," WC="0.765" CC="30002093" />
            <SP ID="P149_SP00054" WIDTH="0" HPOS="0" VPOS="0" />
            <String ID="P149_S00062" HPOS="1388" VPOS="814" WIDTH="217" HEIGHT="74" STYLEREFS="StyleId-1" CONTENT="Birming¬" WC="0.63875" CC="60236370" />
          </TextLine>
          <TextLine ID="P149_TL00009" HPOS="287" VPOS="896" WIDTH="1319" HEIGHT="43">
            <String ID="P149_S00063" HPOS="287" VPOS="903" WIDTH="114" HEIGHT="49" STYLEREFS="StyleId-1" CONTENT="ham," WC="0.9225" CC="0003" />
            <SP ID="P149_SP00055" WIDTH="0" HPOS="0" VPOS="0" />
            <String ID="P149_S00064" HPOS="427" VPOS="902" WIDTH="141" HEIGHT="50" STYLEREFS="StyleId-1" CONTENT="where" WC="0.85" CC="70000" />
            <SP ID="P149_SP00056" WIDTH="0" HPOS="0" VPOS="0" />
            <String ID="P149_S00065" HPOS="590" VPOS="899" WIDTH="54" HEIGHT="53" STYLEREFS="StyleId-1" CONTENT="he" WC="1" CC="00" />
            <SP ID="P149_SP00057" WIDTH="0" HPOS="0" VPOS="0" />
            <String ID="P149_S00066" HPOS="669" VPOS="904" WIDTH="121" HEIGHT="48" STYLEREFS="StyleId-1" CONTENT="spent" WC="0.858" CC="00007" />
            <SP ID="P149_SP00058" WIDTH="0" HPOS="0" VPOS="0" />
            <String ID="P149_S00067" HPOS="813" VPOS="902" WIDTH="88" HEIGHT="50" STYLEREFS="StyleId-1" CONTENT="two" WC="0.896666646" CC="003" />
            <SP ID="P149_SP00059" WIDTH="0" HPOS="0" VPOS="0" />
            <String ID="P149_S00068" HPOS="924" VPOS="906" WIDTH="133" HEIGHT="46" STYLEREFS="StyleId-1" CONTENT="years." WC="0.8983333" CC="000104" />
            <SP ID="P149_SP00060" WIDTH="0" HPOS="0" VPOS="0" />
            <String ID="P149_S00069" HPOS="1113" VPOS="891" WIDTH="76" HEIGHT="61" STYLEREFS="StyleId-1" CONTENT="On" WC="0.645" CC="70" />
            <SP ID="P149_SP00061" WIDTH="0" HPOS="0" VPOS="0" />
            <String ID="P149_S00070" HPOS="1213" VPOS="888" WIDTH="74" HEIGHT="64" STYLEREFS="StyleId-1" CONTENT="the" WC="0.8933333" CC="030" />
            <SP ID="P149_SP00062" WIDTH="0" HPOS="0" VPOS="0" />
            <String ID="P149_S00071" HPOS="1310" VPOS="886" WIDTH="81" HEIGHT="66" STYLEREFS="StyleId-1" CONTENT="last" WC="0.7325" CC="5023" />
            <SP ID="P149_SP00063" WIDTH="0" HPOS="0" VPOS="0" />
            <String ID="P149_S00072" HPOS="1414" VPOS="894" WIDTH="103" HEIGHT="58" STYLEREFS="StyleId-1" CONTENT="year" WC="0.755" CC="7001" />
            <SP ID="P149_SP00064" WIDTH="0" HPOS="0" VPOS="0" />
            <String ID="P149_S00073" HPOS="1542" VPOS="879" WIDTH="64" HEIGHT="73" STYLEREFS="StyleId-1" CONTENT="St." WC="0.6566667" CC="512" />
          </TextLine>
          <TextLine ID="P149_TL00010" HPOS="288" VPOS="967" WIDTH="1319" HEIGHT="39">
            <String ID="P149_S00074" HPOS="288" VPOS="972" WIDTH="142" HEIGHT="52" STYLEREFS="StyleId-1" CONTENT="James" WC="0.862" CC="20400" />
            <SP ID="P149_SP00065" WIDTH="0" HPOS="0" VPOS="0" />
            <String ID="P149_S00075" HPOS="464" VPOS="976" WIDTH="42" HEIGHT="48" STYLEREFS="StyleId-1" CONTENT="at" WC="1" CC="00" />
            <SP ID="P149_SP00066" WIDTH="0" HPOS="0" VPOS="0" />
            <String ID="P149_S00076" HPOS="538" VPOS="966" WIDTH="235" HEIGHT="58" STYLEREFS="StyleId-1" CONTENT="Brookside" WC="0.8322222" CC="400001900" />
            <SP ID="P149_SP00067" WIDTH="0" HPOS="0" VPOS="0" />
            <String ID="P149_S00077" HPOS="805" VPOS="978" WIDTH="87" HEIGHT="46" STYLEREFS="StyleId-1" CONTENT="was" WC="0.826666653" CC="050" />
            <SP ID="P149_SP00068" WIDTH="0" HPOS="0" VPOS="0" />
            <String ID="P149_S00078" HPOS="925" VPOS="959" WIDTH="205" HEIGHT="65" STYLEREFS="StyleId-1" CONTENT="attached." WC="0.9677778" CC="000000002" />
            <SP ID="P149_SP00069" WIDTH="0" HPOS="0" VPOS="0" />
            <String ID="P149_S00079" HPOS="1190" VPOS="958" WIDTH="72" HEIGHT="66" STYLEREFS="StyleId-1" CONTENT="He" WC="0.845" CC="30" />
            <SP ID="P149_SP00070" WIDTH="0" HPOS="0" VPOS="0" />
            <String ID="P149_S00080" HPOS="1292" VPOS="967" WIDTH="88" HEIGHT="57" STYLEREFS="StyleId-1" CONTENT="was" WC="0.626666665" CC="407" />
            <SP ID="P149_SP00071" WIDTH="0" HPOS="0" VPOS="0" />
            <String ID="P149_S00081" HPOS="1413" VPOS="950" WIDTH="194" HEIGHT="74" STYLEREFS="StyleId-1" CONTENT="appoint¬" WC="0.7525" CC="00964000" />
          </TextLine>
          <TextLine ID="P149_TL00011" HPOS="291" VPOS="1032" WIDTH="1318" HEIGHT="38">
            <String ID="P149_S00082" HPOS="292" VPOS="1037" WIDTH="52" HEIGHT="40" STYLEREFS="StyleId-1" CONTENT="ed" WC="1" CC="00" />
            <SP ID="P149_SP00072" WIDTH="0" HPOS="0" VPOS="0" />
            <String ID="P149_S00083" HPOS="375" VPOS="1035" WIDTH="99" HEIGHT="42" STYLEREFS="StyleId-1" CONTENT="here" WC="1" CC="0000" />
            <SP ID="P149_SP00073" WIDTH="0" HPOS="0" VPOS="0" />
            <String ID="P149_S00084" HPOS="505" VPOS="1034" WIDTH="54" HEIGHT="50" STYLEREFS="StyleId-1" CONTENT="by" WC="0.69" CC="60" />
            <SP ID="P149_SP00074" WIDTH="0" HPOS="0" VPOS="0" />
            <String ID="P149_S00085" HPOS="593" VPOS="1030" WIDTH="160" HEIGHT="54" STYLEREFS="StyleId-1" CONTENT="Bishop" WC="0.6016667" CC="370660" />
            <SP ID="P149_SP00075" WIDTH="0" HPOS="0" VPOS="0" />
            <String ID="P149_S00086" HPOS="800" VPOS="1029" WIDTH="58" HEIGHT="55" STYLEREFS="StyleId-1" CONTENT="H." WC="0.695" CC="23" />
            <SP ID="P149_SP00076" WIDTH="0" HPOS="0" VPOS="0" />
            <String ID="P149_S00087" HPOS="907" VPOS="1028" WIDTH="62" HEIGHT="56" STYLEREFS="StyleId-1" CONTENT="M." WC="1" CC="00" />
            <SP ID="P149_SP00077" WIDTH="0" HPOS="0" VPOS="0" />
            <String ID="P149_S00088" HPOS="1016" VPOS="1022" WIDTH="168" HEIGHT="62" STYLEREFS="StyleId-1" CONTENT="Turner" WC="0.49333334" CC="745940" />
            <SP ID="P149_SP00078" WIDTH="0" HPOS="0" VPOS="0" />
            <String ID="P149_S00089" HPOS="1230" VPOS="1020" WIDTH="85" HEIGHT="64" STYLEREFS="StyleId-1" CONTENT="and" WC="0.8933333" CC="300" />
            <SP ID="P149_SP00079" WIDTH="0" HPOS="0" VPOS="0" />
            <String ID="P149_S00090" HPOS="1361" VPOS="1017" WIDTH="132" HEIGHT="67" STYLEREFS="StyleId-1" CONTENT="relaid" WC="0.521666646" CC="805860" />
            <SP ID="P149_SP00080" WIDTH="0" HPOS="0" VPOS="0" />
            <String ID="P149_S00091" HPOS="1536" VPOS="1014" WIDTH="73" HEIGHT="70" STYLEREFS="StyleId-1" CONTENT="the" WC="0.74666667" CC="106" />
          </TextLine>
          <TextLine ID="P149_TL00012" HPOS="292" VPOS="1101" WIDTH="1318" HEIGHT="36">
            <String ID="P149_S00092" HPOS="292" VPOS="1102" WIDTH="253" HEIGHT="42" STYLEREFS="StyleId-1" CONTENT="foundation" WC="0.592" CC="0660800656" />
            <SP ID="P149_SP00081" WIDTH="0" HPOS="0" VPOS="0" />
            <String ID="P149_S00093" HPOS="568" VPOS="1101" WIDTH="48" HEIGHT="43" STYLEREFS="StyleId-1" CONTENT="of" WC="0.87" CC="02" />
            <SP ID="P149_SP00082" WIDTH="0" HPOS="0" VPOS="0" />
            <String ID="P149_S00094" HPOS="642" VPOS="1098" WIDTH="60" HEIGHT="46" STYLEREFS="StyleId-1" CONTENT="St." WC="0.803333342" CC="230" />
            <SP ID="P149_SP00083" WIDTH="0" HPOS="0" VPOS="0" />
            <String ID="P149_S00095" HPOS="730" VPOS="1096" WIDTH="106" HEIGHT="48" STYLEREFS="StyleId-1" CONTENT="Paul" WC="0.6125" CC="0465" />
            <SP ID="P149_SP00084" WIDTH="0" HPOS="0" VPOS="0" />
            <String ID="P149_S00096" HPOS="860" VPOS="1095" WIDTH="84" HEIGHT="49" STYLEREFS="StyleId-1" CONTENT="and" WC="0.626666665" CC="055" />
            <SP ID="P149_SP00085" WIDTH="0" HPOS="0" VPOS="0" />
            <String ID="P149_S00097" HPOS="968" VPOS="1100" WIDTH="76" HEIGHT="45" STYLEREFS="StyleId-1" CONTENT="put" WC="0.5133333" CC="059" />
            <SP ID="P149_SP00086" WIDTH="0" HPOS="0" VPOS="0" />
            <String ID="P149_S00098" HPOS="1068" VPOS="1106" WIDTH="57" HEIGHT="39" STYLEREFS="StyleId-1" CONTENT="up" WC="1" CC="00" />
            <SP ID="P149_SP00087" WIDTH="0" HPOS="0" VPOS="0" />
            <String ID="P149_S00099" HPOS="1148" VPOS="1090" WIDTH="73" HEIGHT="55" STYLEREFS="StyleId-1" CONTENT="the" WC="0.6666667" CC="0100" />
            <SP ID="P149_SP00088" WIDTH="0" HPOS="0" VPOS="0" />
            <String ID="P149_S00100" HPOS="1244" VPOS="1089" WIDTH="139" HEIGHT="56" STYLEREFS="StyleId-1" CONTENT="frame" WC="0.694" CC="00716" />
            <SP ID="P149_SP00089" WIDTH="0" HPOS="0" VPOS="0" />
            <String ID="P149_S00101" HPOS="1404" VPOS="1085" WIDTH="112" HEIGHT="60" STYLEREFS="StyleId-1" CONTENT="after" WC="0.756" CC="65000" />
            <SP ID="P149_SP00090" WIDTH="0" HPOS="0" VPOS="0" />
            <String ID="P149_S00102" HPOS="1538" VPOS="1083" WIDTH="72" HEIGHT="62" STYLEREFS="StyleId-1" CONTENT="the" WC="0.61" CC="047" />
          </TextLine>
          <TextLine ID="P149_TL00013" HPOS="292" VPOS="1168" WIDTH="1318" HEIGHT="38">
            <String ID="P149_S00103" HPOS="292" VPOS="1172" WIDTH="90" HEIGHT="39" STYLEREFS="StyleId-1" CONTENT="first" WC="0.92" CC="22000" />
            <SP ID="P149_SP00091" WIDTH="0" HPOS="0" VPOS="0" />
            <String ID="P149_S00104" HPOS="405" VPOS="1168" WIDTH="196" HEIGHT="52" STYLEREFS="StyleId-1" CONTENT="building" WC="0.53375" CC="705264210" />
            <SP ID="P149_SP00092" WIDTH="0" HPOS="0" VPOS="0" />
            <String ID="P149_S00105" HPOS="622" VPOS="1166" WIDTH="87" HEIGHT="54" STYLEREFS="StyleId-1" CONTENT="had" WC="0.5933333" CC="704" />
            <SP ID="P149_SP00093" WIDTH="0" HPOS="0" VPOS="0" />
            <String ID="P149_S00106" HPOS="731" VPOS="1165" WIDTH="105" HEIGHT="55" STYLEREFS="StyleId-1" CONTENT="been" WC="0.455" CC="6509" />
            <SP ID="P149_SP00094" WIDTH="0" HPOS="0" VPOS="0" />
            <String ID="P149_S00107" HPOS="861" VPOS="1159" WIDTH="225" HEIGHT="61" STYLEREFS="StyleId-1" CONTENT="destroyed" WC="0.6933333" CC="800019070" />
            <SP ID="P149_SP00095" WIDTH="0" HPOS="0" VPOS="0" />
            <String ID="P149_S00108" HPOS="1109" VPOS="1159" WIDTH="56" HEIGHT="61" STYLEREFS="StyleId-1" CONTENT="by" WC="0.635" CC="70" />
            <SP ID="P149_SP00096" WIDTH="0" HPOS="0" VPOS="0" />
            <String ID="P149_S00109" HPOS="1188" VPOS="1162" WIDTH="146" HEIGHT="58" STYLEREFS="StyleId-1" CONTENT="storm." WC="0.82" CC="009100" />
            <SP ID="P149_SP00097" WIDTH="0" HPOS="0" VPOS="0" />
            <String ID="P149_S00110" HPOS="1393" VPOS="1153" WIDTH="73" HEIGHT="67" STYLEREFS="StyleId-1" CONTENT="He" WC="0.73" CC="50" />
            <SP ID="P149_SP00098" WIDTH="0" HPOS="0" VPOS="0" />
            <String ID="P149_S00111" HPOS="1486" VPOS="1155" WIDTH="124" HEIGHT="65" STYLEREFS="StyleId-1" CONTENT="spent" WC="0.626" CC="68040" />
          </TextLine>
          <TextLine ID="P149_TL00014" HPOS="292" VPOS="1234" WIDTH="1318" HEIGHT="37">
            <String ID="P149_S00112" HPOS="292" VPOS="1238" WIDTH="119" HEIGHT="40" STYLEREFS="StyleId-1" CONTENT="three" WC="0.866" CC="06000" />
            <SP ID="P149_SP00099" WIDTH="0" HPOS="0" VPOS="0" />
            <String ID="P149_S00113" HPOS="440" VPOS="1248" WIDTH="120" HEIGHT="39" STYLEREFS="StyleId-1" CONTENT="years" WC="1" CC="00000" />
            <SP ID="P149_SP00100" WIDTH="0" HPOS="0" VPOS="0" />
            <String ID="P149_S00114" HPOS="590" VPOS="1239" WIDTH="43" HEIGHT="48" STYLEREFS="StyleId-1" CONTENT="at" WC="0.555" CC="80" />
            <SP ID="P149_SP00101" WIDTH="0" HPOS="0" VPOS="0" />
            <String ID="P149_S00115" HPOS="664" VPOS="1230" WIDTH="247" HEIGHT="57" STYLEREFS="StyleId-1" CONTENT="Brookside." WC="0.666" CC="50105602003" />
            <SP ID="P149_SP00102" WIDTH="0" HPOS="0" VPOS="0" />
            <String ID="P149_S00116" HPOS="971" VPOS="1228" WIDTH="51" HEIGHT="59" STYLEREFS="StyleId-1" CONTENT="In" WC="0.645" CC="70" />
            <SP ID="P149_SP00103" WIDTH="0" HPOS="0" VPOS="0" />
            <String ID="P149_S00117" HPOS="1057" VPOS="1224" WIDTH="117" HEIGHT="63" STYLEREFS="StyleId-1" CONTENT="1898," WC="0.75" CC="42022" />
            <SP ID="P149_SP00104" WIDTH="0" HPOS="0" VPOS="0" />
            <String ID="P149_S00118" HPOS="1205" VPOS="1223" WIDTH="57" HEIGHT="64" STYLEREFS="StyleId-1" CONTENT="he" WC="0.445" CC="73" />
            <SP ID="P149_SP00105" WIDTH="0" HPOS="0" VPOS="0" />
            <String ID="P149_S00119" HPOS="1289" VPOS="1235" WIDTH="87" HEIGHT="52" STYLEREFS="StyleId-1" CONTENT="was" WC="0.7733333" CC="060" />
            <SP ID="P149_SP00106" WIDTH="0" HPOS="0" VPOS="0" />
            <String ID="P149_S00120" HPOS="1407" VPOS="1216" WIDTH="203" HEIGHT="71" STYLEREFS="StyleId-1" CONTENT="ordained" WC="0.6225" CC="70074190" />
          </TextLine>
          <TextLine ID="P149_TL00015" HPOS="295" VPOS="1301" WIDTH="1311" HEIGHT="39">
            <String ID="P149_S00121" HPOS="295" VPOS="1320" WIDTH="54" HEIGHT="27" STYLEREFS="StyleId-1" CONTENT="an" WC="0.755" CC="40" />
            <SP ID="P149_SP00107" WIDTH="0" HPOS="0" VPOS="0" />
            <String ID="P149_S00122" HPOS="382" VPOS="1305" WIDTH="115" HEIGHT="42" STYLEREFS="StyleId-1" CONTENT="elder" WC="0.57" CC="76601" />
            <SP ID="P149_SP00108" WIDTH="0" HPOS="0" VPOS="0" />
            <String ID="P149_S00123" HPOS="527" VPOS="1303" WIDTH="56" HEIGHT="51" STYLEREFS="StyleId-1" CONTENT="by" WC="0.52" CC="09" />
            <SP ID="P149_SP00109" WIDTH="0" HPOS="0" VPOS="0" />
            <String ID="P149_S00124" HPOS="615" VPOS="1301" WIDTH="161" HEIGHT="53" STYLEREFS="StyleId-1" CONTENT="Bishop" WC="0.585" CC="352607" />
            <SP ID="P149_SP00110" WIDTH="0" HPOS="0" VPOS="0" />
            <String ID="P149_S00125" HPOS="808" VPOS="1298" WIDTH="58" HEIGHT="56" STYLEREFS="StyleId-1" CONTENT="H." WC="0.72" CC="50" />
            <SP ID="P149_SP00111" WIDTH="0" HPOS="0" VPOS="0" />
            <String ID="P149_S00126" HPOS="902" VPOS="1297" WIDTH="62" HEIGHT="57" STYLEREFS="StyleId-1" CONTENT="M." WC="1" CC="00" />
            <SP ID="P149_SP00112" WIDTH="0" HPOS="0" VPOS="0" />
            <String ID="P149_S00127" HPOS="998" VPOS="1291" WIDTH="169" HEIGHT="63" STYLEREFS="StyleId-1" CONTENT="Turner" WC="0.7583333" CC="770000" />
            <SP ID="P149_SP00113" WIDTH="0" HPOS="0" VPOS="0" />
            <String ID="P149_S00128" HPOS="1199" VPOS="1291" WIDTH="84" HEIGHT="63" STYLEREFS="StyleId-1" CONTENT="and" WC="0.75333333" CC="330" />
            <SP ID="P149_SP00114" WIDTH="0" HPOS="0" VPOS="0" />
            <String ID="P149_S00129" HPOS="1316" VPOS="1290" WIDTH="98" HEIGHT="64" STYLEREFS="StyleId-1" CONTENT="Drs." WC="0.8875" CC="0004" />
            <SP ID="P149_SP00115" WIDTH="0" HPOS="0" VPOS="0" />
            <String ID="P149_S00130" HPOS="1446" VPOS="1287" WIDTH="69" HEIGHT="67" STYLEREFS="StyleId-1" CONTENT="W." WC="0.84" CC="03" />
            <SP ID="P149_SP00116" WIDTH="0" HPOS="0" VPOS="0" />
            <String ID="P149_S00131" HPOS="1550" VPOS="1286" WIDTH="56" HEIGHT="68" STYLEREFS="StyleId-1" CONTENT="H." WC="0.565" CC="62" />
          </TextLine>
          <TextLine ID="P149_TL00016" HPOS="297" VPOS="1370" WIDTH="1313" HEIGHT="37">
            <String ID="P149_S00132" HPOS="297" VPOS="1373" WIDTH="166" HEIGHT="45" STYLEREFS="StyleId-1" CONTENT="Mixon," WC="0.6166667" CC="064164" />
            <SP ID="P149_SP00117" WIDTH="0" HPOS="0" VPOS="0" />
            <String ID="P149_S00133" HPOS="495" VPOS="1370" WIDTH="38" HEIGHT="52" STYLEREFS="StyleId-1" CONTENT="J." WC="0.71" CC="50" />
            <SP ID="P149_SP00118" WIDTH="0" HPOS="0" VPOS="0" />
            <String ID="P149_S00134" HPOS="566" VPOS="1369" WIDTH="53" HEIGHT="53" STYLEREFS="StyleId-1" CONTENT="A." WC="1" CC="00" />
            <SP ID="P149_SP00119" WIDTH="0" HPOS="0" VPOS="0" />
            <String ID="P149_S00135" HPOS="654" VPOS="1367" WIDTH="184" HEIGHT="55" STYLEREFS="StyleId-1" CONTENT="Brocket" WC="0.86" CC="2007000" />
            <SP ID="P149_SP00120" WIDTH="0" HPOS="0" VPOS="0" />
            <String ID="P149_S00136" HPOS="869" VPOS="1363" WIDTH="84" HEIGHT="59" STYLEREFS="StyleId-1" CONTENT="and" WC="0.88" CC="030" />
            <SP ID="P149_SP00121" WIDTH="0" HPOS="0" VPOS="0" />
            <String ID="P149_S00137" HPOS="984" VPOS="1363" WIDTH="128" HEIGHT="59" STYLEREFS="StyleId-1" CONTENT="Revs." WC="0.89" CC="50000" />
            <SP ID="P149_SP00122" WIDTH="0" HPOS="0" VPOS="0" />
            <String ID="P149_S00138" HPOS="1146" VPOS="1359" WIDTH="54" HEIGHT="63" STYLEREFS="StyleId-1" CONTENT="A." WC="0.925" CC="01" />
            <SP ID="P149_SP00123" WIDTH="0" HPOS="0" VPOS="0" />
            <String ID="P149_S00139" HPOS="1233" VPOS="1358" WIDTH="69" HEIGHT="64" STYLEREFS="StyleId-1" CONTENT="W." WC="0.865" CC="02" />
            <SP ID="P149_SP00124" WIDTH="0" HPOS="0" VPOS="0" />
            <String ID="P149_S00140" HPOS="1336" VPOS="1357" WIDTH="204" HEIGHT="65" STYLEREFS="StyleId-1" CONTENT="Atwater," WC="0.8625" CC="00600022" />
            <SP ID="P149_SP00125" WIDTH="0" HPOS="0" VPOS="0" />
            <String ID="P149_S00141" HPOS="1570" VPOS="1352" WIDTH="39" HEIGHT="70" STYLEREFS="StyleId-1" CONTENT="J." WC="0.47" CC="73" />
          </TextLine>
          <TextLine ID="P149_TL00017" HPOS="295" VPOS="1435" WIDTH="1314" HEIGHT="28">
            <String ID="P149_S00142" HPOS="295" VPOS="1441" WIDTH="57" HEIGHT="39" STYLEREFS="StyleId-1" CONTENT="H." WC="0.595" CC="34" />
            <SP ID="P149_SP00126" WIDTH="0" HPOS="0" VPOS="0" />
            <String ID="P149_S00143" HPOS="373" VPOS="1437" WIDTH="199" HEIGHT="43" STYLEREFS="StyleId-1" CONTENT="Warrick" WC="0.742857158" CC="10003400" />
            <SP ID="P149_SP00127" WIDTH="0" HPOS="0" VPOS="0" />
            <String ID="P149_S00144" HPOS="590" VPOS="1436" WIDTH="84" HEIGHT="44" STYLEREFS="StyleId-1" CONTENT="and" WC="0.8666667" CC="040" />
            <SP ID="P149_SP00128" WIDTH="0" HPOS="0" VPOS="0" />
            <String ID="P149_S00145" HPOS="692" VPOS="1433" WIDTH="153" HEIGHT="47" STYLEREFS="StyleId-1" CONTENT="Daniel" WC="0.9683333" CC="100000" />
            <SP ID="P149_SP00129" WIDTH="0" HPOS="0" VPOS="0" />
            <String ID="P149_S00146" HPOS="864" VPOS="1432" WIDTH="170" HEIGHT="48" STYLEREFS="StyleId-1" CONTENT="Brown." WC="0.858333349" CC="600001" />
            <SP ID="P149_SP00130" WIDTH="0" HPOS="0" VPOS="0" />
            <String ID="P149_S00147" HPOS="1093" VPOS="1424" WIDTH="105" HEIGHT="56" STYLEREFS="StyleId-1" CONTENT="This" WC="0.885" CC="0210" />
            <SP ID="P149_SP00131" WIDTH="0" HPOS="0" VPOS="0" />
            <String ID="P149_S00148" HPOS="1218" VPOS="1439" WIDTH="87" HEIGHT="41" STYLEREFS="StyleId-1" CONTENT="was" WC="0.6666667" CC="0100" />
            <SP ID="P149_SP00132" WIDTH="0" HPOS="0" VPOS="0" />
            <String ID="P149_S00149" HPOS="1326" VPOS="1425" WIDTH="110" HEIGHT="55" STYLEREFS="StyleId-1" CONTENT="done" WC="0.675" CC="03100" />
            <SP ID="P149_SP00133" WIDTH="0" HPOS="0" VPOS="0" />
            <String ID="P149_S00150" HPOS="1452" VPOS="1422" WIDTH="41" HEIGHT="58" STYLEREFS="StyleId-1" CONTENT="in" WC="0.81" CC="30" />
            <SP ID="P149_SP00134" WIDTH="0" HPOS="0" VPOS="0" />
            <String ID="P149_S00151" HPOS="1515" VPOS="1420" WIDTH="94" HEIGHT="60" STYLEREFS="StyleId-1" CONTENT="Bir¬" WC="0.7625" CC="4320" />
          </TextLine>
          <TextLine ID="P149_TL00018" HPOS="299" VPOS="1505" WIDTH="232" HEIGHT="49">
            <String ID="P149_S00152" HPOS="299" VPOS="1503" WIDTH="231" HEIGHT="52" STYLEREFS="StyleId-1" CONTENT="mingham." WC="0.65875" CC="027107000" />
          </TextLine>
          <TextLine ID="P149_TL00019" HPOS="352" VPOS="1580" WIDTH="1259" HEIGHT="38">
            <String ID="P149_S00153" HPOS="352" VPOS="1584" WIDTH="50" HEIGHT="39" STYLEREFS="StyleId-1" CONTENT="In" WC="0.75" CC="40" />
            <SP ID="P149_SP00135" WIDTH="0" HPOS="0" VPOS="0" />
            <String ID="P149_S00154" HPOS="435" VPOS="1580" WIDTH="322" HEIGHT="52" STYLEREFS="StyleId-1" CONTENT="1898-99-1900," WC="0.8130769" CC="0004003310314" />
            <SP ID="P149_SP00136" WIDTH="0" HPOS="0" VPOS="0" />
            <String ID="P149_S00155" HPOS="783" VPOS="1577" WIDTH="55" HEIGHT="55" STYLEREFS="StyleId-1" CONTENT="he" WC="0.735" CC="50" />
            <SP ID="P149_SP00137" WIDTH="0" HPOS="0" VPOS="0" />
            <String ID="P149_S00156" HPOS="863" VPOS="1575" WIDTH="103" HEIGHT="57" STYLEREFS="StyleId-1" CONTENT="took" WC="0.74" CC="0640" />
            <SP ID="P149_SP00138" WIDTH="0" HPOS="0" VPOS="0" />
            <String ID="P149_S00157" HPOS="992" VPOS="1587" WIDTH="25" HEIGHT="45" STYLEREFS="StyleId-1" CONTENT="a" WC="1" CC="0" />
            <SP ID="P149_SP00139" WIDTH="0" HPOS="0" VPOS="0" />
            <String ID="P149_S00158" HPOS="1045" VPOS="1569" WIDTH="201" HEIGHT="63" STYLEREFS="StyleId-1" CONTENT="scientific" WC="0.894" CC="0040006000" />
            <SP ID="P149_SP00140" WIDTH="0" HPOS="0" VPOS="0" />
            <String ID="P149_S00159" HPOS="1272" VPOS="1566" WIDTH="163" HEIGHT="66" STYLEREFS="StyleId-1" CONTENT="normal" WC="0.873333335" CC="006001" />
            <SP ID="P149_SP00141" WIDTH="0" HPOS="0" VPOS="0" />
            <String ID="P149_S00160" HPOS="1464" VPOS="1577" WIDTH="146" HEIGHT="55" STYLEREFS="StyleId-1" CONTENT="course" WC="0.8883333" CC="051000" />
          </TextLine>
          <TextLine ID="P149_TL00020" HPOS="298" VPOS="1648" WIDTH="1315" HEIGHT="36">
            <String ID="P149_S00161" HPOS="298" VPOS="1650" WIDTH="113" HEIGHT="40" STYLEREFS="StyleId-1" CONTENT="from" WC="0.93" CC="0020" />
            <SP ID="P149_SP00142" WIDTH="0" HPOS="0" VPOS="0" />
            <String ID="P149_S00162" HPOS="448" VPOS="1648" WIDTH="72" HEIGHT="42" STYLEREFS="StyleId-1" CONTENT="the" WC="0.77" CC="060" />
            <SP ID="P149_SP00143" WIDTH="0" HPOS="0" VPOS="0" />
            <String ID="P149_S00163" HPOS="557" VPOS="1646" WIDTH="201" HEIGHT="44" STYLEREFS="StyleId-1" CONTENT="National" WC="1" CC="00000000" />
            <SP ID="P149_SP00144" WIDTH="0" HPOS="0" VPOS="0" />
            <String ID="P149_S00164" HPOS="797" VPOS="1641" WIDTH="374" HEIGHT="52" STYLEREFS="StyleId-1" CONTENT="Correspondence" WC="0.725714266" CC="52720007390000" />
            <SP ID="P149_SP00145" WIDTH="0" HPOS="0" VPOS="0" />
            <String ID="P149_S00165" HPOS="1209" VPOS="1635" WIDTH="178" HEIGHT="58" STYLEREFS="StyleId-1" CONTENT="Normal" WC="0.845" CC="060003" />
            <SP ID="P149_SP00146" WIDTH="0" HPOS="0" VPOS="0" />
            <String ID="P149_S00166" HPOS="1427" VPOS="1631" WIDTH="185" HEIGHT="62" STYLEREFS="StyleId-1" CONTENT="College," WC="0.50125" CC="595401040" />
          </TextLine>
          <TextLine ID="P149_TL00021" HPOS="300" VPOS="1715" WIDTH="1313" HEIGHT="36">
            <String ID="P149_S00167" HPOS="300" VPOS="1716" WIDTH="177" HEIGHT="49" STYLEREFS="StyleId-1" CONTENT="Fenton," WC="0.6" CC="70105104" />
            <SP ID="P149_SP00147" WIDTH="0" HPOS="0" VPOS="0" />
            <String ID="P149_S00168" HPOS="515" VPOS="1714" WIDTH="235" HEIGHT="51" STYLEREFS="StyleId-1" CONTENT="Michigan," WC="0.701111138" CC="040740073" />
            <SP ID="P149_SP00148" WIDTH="0" HPOS="0" VPOS="0" />
            <String ID="P149_S00169" HPOS="788" VPOS="1710" WIDTH="118" HEIGHT="55" STYLEREFS="StyleId-1" CONTENT="Prof." WC="0.666" CC="43520" />
            <SP ID="P149_SP00149" WIDTH="0" HPOS="0" VPOS="0" />
            <String ID="P149_S00170" HPOS="944" VPOS="1709" WIDTH="68" HEIGHT="56" STYLEREFS="StyleId-1" CONTENT="W." WC="0.895" CC="02" />
            <SP ID="P149_SP00150" WIDTH="0" HPOS="0" VPOS="0" />
            <String ID="P149_S00171" HPOS="1051" VPOS="1708" WIDTH="52" HEIGHT="57" STYLEREFS="StyleId-1" CONTENT="A." WC="0.925" CC="01" />
            <SP ID="P149_SP00151" WIDTH="0" HPOS="0" VPOS="0" />
            <String ID="P149_S00172" HPOS="1144" VPOS="1705" WIDTH="247" HEIGHT="60" STYLEREFS="StyleId-1" CONTENT="Stevenson," WC="0.762" CC="06000101203" />
            <SP ID="P149_SP00152" WIDTH="0" HPOS="0" VPOS="0" />
            <String ID="P149_S00173" HPOS="1431" VPOS="1699" WIDTH="75" HEIGHT="66" STYLEREFS="StyleId-1" CONTENT="Ph." WC="0.63" CC="271" />
            <SP ID="P149_SP00153" WIDTH="0" HPOS="0" VPOS="0" />
            <String ID="P149_S00174" HPOS="1543" VPOS="1699" WIDTH="69" HEIGHT="66" STYLEREFS="StyleId-1" CONTENT="D.," WC="0.88" CC="003" />
          </TextLine>
          <TextLine ID="P149_TL00022" HPOS="299" VPOS="1783" WIDTH="1314" HEIGHT="36">
            <String ID="P149_S00175" HPOS="299" VPOS="1785" WIDTH="231" HEIGHT="40" STYLEREFS="StyleId-1" CONTENT="President." WC="0.852" CC="5000500300" />
            <SP ID="P149_SP00154" WIDTH="0" HPOS="0" VPOS="0" />
            <String ID="P149_S00176" HPOS="564" VPOS="1782" WIDTH="49" HEIGHT="43" STYLEREFS="StyleId-1" CONTENT="In" WC="0.885" CC="20" />
            <SP ID="P149_SP00155" WIDTH="0" HPOS="0" VPOS="0" />
            <String ID="P149_S00177" HPOS="641" VPOS="1791" WIDTH="114" HEIGHT="40" STYLEREFS="StyleId-1" CONTENT="1900," WC="0.838" CC="00503" />
            <SP ID="P149_SP00156" WIDTH="0" HPOS="0" VPOS="0" />
            <String ID="P149_S00178" HPOS="778" VPOS="1777" WIDTH="53" HEIGHT="54" STYLEREFS="StyleId-1" CONTENT="he" WC="0.645" CC="70" />
            <SP ID="P149_SP00157" WIDTH="0" HPOS="0" VPOS="0" />
            <String ID="P149_S00179" HPOS="852" VPOS="1787" WIDTH="89" HEIGHT="44" STYLEREFS="StyleId-1" CONTENT="was'" WC="0.7775" CC="7001" />
            <SP ID="P149_SP00158" WIDTH="0" HPOS="0" VPOS="0" />
            <String ID="P149_S00180" HPOS="961" VPOS="1773" WIDTH="227" HEIGHT="58" STYLEREFS="StyleId-1" CONTENT="appointed" WC="0.835555553" CC="000086000" />
            <SP ID="P149_SP00159" WIDTH="0" HPOS="0" VPOS="0" />
            <String ID="P149_S00181" HPOS="1209" VPOS="1779" WIDTH="46" HEIGHT="52" STYLEREFS="StyleId-1" CONTENT="to" WC="0.83" CC="03" />
            <SP ID="P149_SP00160" WIDTH="0" HPOS="0" VPOS="0" />
            <String ID="P149_S00182" HPOS="1277" VPOS="1770" WIDTH="154" HEIGHT="61" STYLEREFS="StyleId-1" CONTENT="Gaines" WC="0.831666648" CC="404000" />
            <SP ID="P149_SP00161" WIDTH="0" HPOS="0" VPOS="0" />
            <String ID="P149_S00183" HPOS="1455" VPOS="1767" WIDTH="158" HEIGHT="64" STYLEREFS="StyleId-1" CONTENT="Chapel" WC="0.841666639" CC="220004" />
          </TextLine>
          <TextLine ID="P149_TL00023" HPOS="302" VPOS="1848" WIDTH="1313" HEIGHT="38">
            <String ID="P149_S00184" HPOS="302" VPOS="1853" WIDTH="164" HEIGHT="42" STYLEREFS="StyleId-1" CONTENT="Station" WC="0.708571434" CC="2040670" />
            <SP ID="P149_SP00162" WIDTH="0" HPOS="0" VPOS="0" />
            <String ID="P149_S00185" HPOS="494" VPOS="1851" WIDTH="56" HEIGHT="50" STYLEREFS="StyleId-1" CONTENT="by" WC="1" CC="00" />
            <SP ID="P149_SP00163" WIDTH="0" HPOS="0" VPOS="0" />
            <String ID="P149_S00186" HPOS="578" VPOS="1848" WIDTH="159" HEIGHT="53" STYLEREFS="StyleId-1" CONTENT="Bishop" WC="0.748333335" CC="033440" />
            <SP ID="P149_SP00164" WIDTH="0" HPOS="0" VPOS="0" />
            <String ID="P149_S00187" HPOS="753" VPOS="1842" WIDTH="81" HEIGHT="59" STYLEREFS="StyleId-1" CONTENT="*W." WC="0.6" CC="740" />
            <SP ID="P149_SP00165" WIDTH="0" HPOS="0" VPOS="0" />
            <String ID="P149_S00188" HPOS="864" VPOS="1844" WIDTH="37" HEIGHT="57" STYLEREFS="StyleId-1" CONTENT="J." WC="0.64" CC="60" />
            <SP ID="P149_SP00166" WIDTH="0" HPOS="0" VPOS="0" />
            <String ID="P149_S00189" HPOS="933" VPOS="1841" WIDTH="165" HEIGHT="60" STYLEREFS="StyleId-1" CONTENT="Gaines," WC="0.774285734" CC="0065003" />
            <SP ID="P149_SP00167" WIDTH="0" HPOS="0" VPOS="0" />
            <String ID="P149_S00190" HPOS="1129" VPOS="1838" WIDTH="142" HEIGHT="63" STYLEREFS="StyleId-1" CONTENT="where" WC="0.77" CC="07003" />
            <SP ID="P149_SP00168" WIDTH="0" HPOS="0" VPOS="0" />
            <String ID="P149_S00191" HPOS="1296" VPOS="1838" WIDTH="54" HEIGHT="63" STYLEREFS="StyleId-1" CONTENT="he" WC="0.625" CC="70" />
            <SP ID="P149_SP00169" WIDTH="0" HPOS="0" VPOS="0" />
            <String ID="P149_S00192" HPOS="1379" VPOS="1836" WIDTH="35" HEIGHT="65" STYLEREFS="StyleId-1" CONTENT="is" WC="0.755" CC="40" />
            <SP ID="P149_SP00170" WIDTH="0" HPOS="0" VPOS="0" />
            <String ID="P149_S00193" HPOS="1442" VPOS="1835" WIDTH="173" HEIGHT="66" STYLEREFS="StyleId-1" CONTENT="serving" WC="0.7814286" CC="00005010" />
          </TextLine>
          <TextLine ID="P149_TL00024" HPOS="297" VPOS="1917" WIDTH="1315" HEIGHT="36">
            <String ID="P149_S00194" HPOS="297" VPOS="1920" WIDTH="66" HEIGHT="39" STYLEREFS="StyleId-1" CONTENT="his" WC="0.74" CC="610" />
            <SP ID="P149_SP00171" WIDTH="0" HPOS="0" VPOS="0" />
            <String ID="P149_S00195" HPOS="399" VPOS="1916" WIDTH="154" HEIGHT="43" STYLEREFS="StyleId-1" CONTENT="second" WC="0.8983333" CC="000600" />
            <SP ID="P149_SP00172" WIDTH="0" HPOS="0" VPOS="0" />
            <String ID="P149_S00196" HPOS="586" VPOS="1926" WIDTH="112" HEIGHT="41" STYLEREFS="StyleId-1" CONTENT="year." WC="0.586" CC="001064" />
            <SP ID="P149_SP00173" WIDTH="0" HPOS="0" VPOS="0" />
            <String ID="P149_S00197" HPOS="757" VPOS="1912" WIDTH="72" HEIGHT="55" STYLEREFS="StyleId-1" CONTENT="He" WC="0.7" CC="60" />
            <SP ID="P149_SP00174" WIDTH="0" HPOS="0" VPOS="0" />
            <String ID="P149_S00198" HPOS="860" VPOS="1910" WIDTH="76" HEIGHT="57" STYLEREFS="StyleId-1" CONTENT="has" WC="0.766666651" CC="700" />
            <SP ID="P149_SP00175" WIDTH="0" HPOS="0" VPOS="0" />
            <String ID="P149_S00199" HPOS="970" VPOS="1907" WIDTH="126" HEIGHT="60" STYLEREFS="StyleId-1" CONTENT="taken" WC="0.966" CC="00001" />
            <SP ID="P149_SP00176" WIDTH="0" HPOS="0" VPOS="0" />
            <String ID="P149_S00200" HPOS="1135" VPOS="1916" WIDTH="118" HEIGHT="51" STYLEREFS="StyleId-1" CONTENT="1,450" WC="0.91" CC="04000" />
            <SP ID="P149_SP00177" WIDTH="0" HPOS="0" VPOS="0" />
            <String ID="P149_S00201" HPOS="1286" VPOS="1904" WIDTH="208" HEIGHT="63" STYLEREFS="StyleId-1" CONTENT="members" WC="0.8042857" CC="0706000" />
            <SP ID="P149_SP00178" WIDTH="0" HPOS="0" VPOS="0" />
            <String ID="P149_S00202" HPOS="1529" VPOS="1901" WIDTH="83" HEIGHT="66" STYLEREFS="StyleId-1" CONTENT="and" WC="0.72" CC="017" />
          </TextLine>
          <TextLine ID="P149_TL00025" HPOS="298" VPOS="1984" WIDTH="1315" HEIGHT="34">
            <String ID="P149_S00203" HPOS="298" VPOS="1990" WIDTH="193" HEIGHT="36" STYLEREFS="StyleId-1" CONTENT="converts" WC="0.865" CC="06004000" />
            <SP ID="P149_SP00179" WIDTH="0" HPOS="0" VPOS="0" />
            <String ID="P149_S00204" HPOS="524" VPOS="1982" WIDTH="90" HEIGHT="44" STYLEREFS="StyleId-1" CONTENT="into" WC="0.71" CC="0406" />
            <SP ID="P149_SP00180" WIDTH="0" HPOS="0" VPOS="0" />
            <String ID="P149_S00205" HPOS="644" VPOS="1979" WIDTH="70" HEIGHT="47" STYLEREFS="StyleId-1" CONTENT="the" WC="0.696666658" CC="062" />
            <SP ID="P149_SP00181" WIDTH="0" HPOS="0" VPOS="0" />
            <String ID="P149_S00206" HPOS="746" VPOS="1977" WIDTH="169" HEIGHT="49" STYLEREFS="StyleId-1" CONTENT="church." WC="0.7128571" CC="0770050" />
            <SP ID="P149_SP00182" WIDTH="0" HPOS="0" VPOS="0" />
            <String ID="P149_S00207" HPOS="1003" VPOS="1974" WIDTH="49" HEIGHT="52" STYLEREFS="StyleId-1" CONTENT="In" WC="0.695" CC="60" />
            <SP ID="P149_SP00183" WIDTH="0" HPOS="0" VPOS="0" />
            <String ID="P149_S00208" HPOS="1086" VPOS="1973" WIDTH="157" HEIGHT="53" STYLEREFS="StyleId-1" CONTENT="society" WC="0.987142861" CC="0000000" />
            <SP ID="P149_SP00184" WIDTH="0" HPOS="0" VPOS="0" />
            <String ID="P149_S00209" HPOS="1274" VPOS="1971" WIDTH="146" HEIGHT="55" STYLEREFS="StyleId-1" CONTENT="circles" WC="0.952857137" CC="0300000" />
            <SP ID="P149_SP00185" WIDTH="0" HPOS="0" VPOS="0" />
            <String ID="P149_S00210" HPOS="1450" VPOS="1970" WIDTH="55" HEIGHT="56" STYLEREFS="StyleId-1" CONTENT="he" WC="0.625" CC="70" />
            <SP ID="P149_SP00186" WIDTH="0" HPOS="0" VPOS="0" />
            <String ID="P149_S00211" HPOS="1536" VPOS="1967" WIDTH="77" HEIGHT="59" STYLEREFS="StyleId-1" CONTENT="has" WC="0.79" CC="600" />
          </TextLine>
          <TextLine ID="P149_TL00026" HPOS="297" VPOS="2048" WIDTH="1318" HEIGHT="37">
            <String ID="P149_S00212" HPOS="297" VPOS="2053" WIDTH="103" HEIGHT="39" STYLEREFS="StyleId-1" CONTENT="been" WC="0.9075" CC="3000" />
            <SP ID="P149_SP00187" WIDTH="0" HPOS="0" VPOS="0" />
            <String ID="P149_S00213" HPOS="420" VPOS="2065" WIDTH="25" HEIGHT="27" STYLEREFS="StyleId-1" CONTENT="a" WC="1" CC="0" />
            <SP ID="P149_SP00188" WIDTH="0" HPOS="0" VPOS="0" />
            <String ID="P149_S00214" HPOS="464" VPOS="2050" WIDTH="167" HEIGHT="45" STYLEREFS="StyleId-1" CONTENT="Mason," WC="0.85" CC="000503" />
            <SP ID="P149_SP00189" WIDTH="0" HPOS="0" VPOS="0" />
            <String ID="P149_S00215" HPOS="652" VPOS="2045" WIDTH="101" HEIGHT="50" STYLEREFS="StyleId-1" CONTENT="Odd" WC="1" CC="000" />
            <SP ID="P149_SP00190" WIDTH="0" HPOS="0" VPOS="0" />
            <String ID="P149_S00216" HPOS="772" VPOS="2042" WIDTH="158" HEIGHT="53" STYLEREFS="StyleId-1" CONTENT="Fellow" WC="0.716666639" CC="703320" />
            <SP ID="P149_SP00191" WIDTH="0" HPOS="0" VPOS="0" />
            <String ID="P149_S00217" HPOS="949" VPOS="2041" WIDTH="84" HEIGHT="54" STYLEREFS="StyleId-1" CONTENT="and" WC="0.9533333" CC="010" />
            <SP ID="P149_SP00192" WIDTH="0" HPOS="0" VPOS="0" />
            <String ID="P149_S00218" HPOS="1052" VPOS="2040" WIDTH="53" HEIGHT="55" STYLEREFS="StyleId-1" CONTENT="K." WC="1" CC="00" />
            <SP ID="P149_SP00193" WIDTH="0" HPOS="0" VPOS="0" />
            <String ID="P149_S00219" HPOS="1126" VPOS="2039" WIDTH="48" HEIGHT="56" STYLEREFS="StyleId-1" CONTENT="of" WC="0.28" CC="104" />
            <SP ID="P149_SP00194" WIDTH="0" HPOS="0" VPOS="0" />
            <String ID="P149_S00220" HPOS="1195" VPOS="2038" WIDTH="45" HEIGHT="57" STYLEREFS="StyleId-1" CONTENT="P." WC="0.985" CC="00" />
            <SP ID="P149_SP00195" WIDTH="0" HPOS="0" VPOS="0" />
            <String ID="P149_S00221" HPOS="1263" VPOS="2038" WIDTH="68" HEIGHT="57" STYLEREFS="StyleId-1" CONTENT="for" WC="0.836666644" CC="301" />
            <SP ID="P149_SP00196" WIDTH="0" HPOS="0" VPOS="0" />
            <String ID="P149_S00222" HPOS="1350" VPOS="2050" WIDTH="134" HEIGHT="45" STYLEREFS="StyleId-1" CONTENT="years." WC="0.93" CC="000004" />
            <SP ID="P149_SP00197" WIDTH="0" HPOS="0" VPOS="0" />
            <String ID="P149_S00223" HPOS="1543" VPOS="2036" WIDTH="72" HEIGHT="59" STYLEREFS="StyleId-1" CONTENT="He" WC="0.54" CC="53" />
          </TextLine>
          <TextLine ID="P149_TL00027" HPOS="300" VPOS="2116" WIDTH="1316" HEIGHT="35">
            <String ID="P149_S00224" HPOS="300" VPOS="2118" WIDTH="34" HEIGHT="39" STYLEREFS="StyleId-1" CONTENT="is" WC="0.735" CC="50" />
            <SP ID="P149_SP00198" WIDTH="0" HPOS="0" VPOS="0" />
            <String ID="P149_S00225" HPOS="365" VPOS="2131" WIDTH="24" HEIGHT="26" STYLEREFS="StyleId-1" CONTENT="a" WC="1" CC="0" />
            <SP ID="P149_SP00199" WIDTH="0" HPOS="0" VPOS="0" />
            <String ID="P149_S00226" HPOS="420" VPOS="2127" WIDTH="50" HEIGHT="40" STYLEREFS="StyleId-1" CONTENT="33" WC="0.97" CC="00" />
            <SP ID="P149_SP00200" WIDTH="0" HPOS="0" VPOS="0" />
            <String ID="P149_S00227" HPOS="501" VPOS="2115" WIDTH="154" HEIGHT="52" STYLEREFS="StyleId-1" CONTENT="degree" WC="0.7783333" CC="0010300" />
            <SP ID="P149_SP00201" WIDTH="0" HPOS="0" VPOS="0" />
            <String ID="P149_S00228" HPOS="682" VPOS="2111" WIDTH="169" HEIGHT="56" STYLEREFS="StyleId-1" CONTENT="Mason," WC="0.928333342" CC="000004" />
            <SP ID="P149_SP00202" WIDTH="0" HPOS="0" VPOS="0" />
            <String ID="P149_S00229" HPOS="883" VPOS="2106" WIDTH="148" HEIGHT="61" STYLEREFS="StyleId-1" CONTENT="served" WC="0.9116667" CC="500000" />
            <SP ID="P149_SP00203" WIDTH="0" HPOS="0" VPOS="0" />
            <String ID="P149_S00230" HPOS="1061" VPOS="2119" WIDTH="45" HEIGHT="48" STYLEREFS="StyleId-1" CONTENT="as" WC="1" CC="00" />
            <SP ID="P149_SP00204" WIDTH="0" HPOS="0" VPOS="0" />
            <String ID="P149_S00231" HPOS="1136" VPOS="2103" WIDTH="184" HEIGHT="64" STYLEREFS="StyleId-1" CONTENT="Worthy" WC="0.6616667" CC="0103070" />
            <SP ID="P149_SP00205" WIDTH="0" HPOS="0" VPOS="0" />
            <String ID="P149_S00232" HPOS="1351" VPOS="2104" WIDTH="166" HEIGHT="63" STYLEREFS="StyleId-1" CONTENT="Master" WC="0.99666667" CC="000000" />
            <SP ID="P149_SP00206" WIDTH="0" HPOS="0" VPOS="0" />
            <String ID="P149_S00233" HPOS="1544" VPOS="2103" WIDTH="72" HEIGHT="64" STYLEREFS="StyleId-1" CONTENT="for" WC="0.69" CC="504" />
          </TextLine>
          <TextLine ID="P149_TL00028" HPOS="298" VPOS="2181" WIDTH="1317" HEIGHT="37">
            <String ID="P149_S00234" HPOS="298" VPOS="2184" WIDTH="80" HEIGHT="39" STYLEREFS="StyleId-1" CONTENT="five" WC="0.715" CC="1190" />
            <SP ID="P149_SP00207" WIDTH="0" HPOS="0" VPOS="0" />
            <String ID="P149_S00235" HPOS="401" VPOS="2194" WIDTH="120" HEIGHT="40" STYLEREFS="StyleId-1" CONTENT="years" WC="0.862" CC="00006" />
            <SP ID="P149_SP00208" WIDTH="0" HPOS="0" VPOS="0" />
            <String ID="P149_S00236" HPOS="546" VPOS="2179" WIDTH="84" HEIGHT="55" STYLEREFS="StyleId-1" CONTENT="and" WC="0.79" CC="410" />
            <SP ID="P149_SP00209" WIDTH="0" HPOS="0" VPOS="0" />
            <String ID="P149_S00237" HPOS="653" VPOS="2178" WIDTH="171" HEIGHT="56" STYLEREFS="StyleId-1" CONTENT="Deputy" WC="0.99" CC="000000" />
            <SP ID="P149_SP00210" WIDTH="0" HPOS="0" VPOS="0" />
            <String ID="P149_S00238" HPOS="849" VPOS="2173" WIDTH="145" HEIGHT="61" STYLEREFS="StyleId-1" CONTENT="Grand" WC="0.73" CC="35040" />
            <SP ID="P149_SP00211" WIDTH="0" HPOS="0" VPOS="0" />
            <String ID="P149_S00239" HPOS="1020" VPOS="2172" WIDTH="163" HEIGHT="62" STYLEREFS="StyleId-1" CONTENT="Master" WC="1" CC="000000" />
            <SP ID="P149_SP00212" WIDTH="0" HPOS="0" VPOS="0" />
            <String ID="P149_S00240" HPOS="1208" VPOS="2171" WIDTH="72" HEIGHT="63" STYLEREFS="StyleId-1" CONTENT="for" WC="0.276666671" CC="686" />
            <SP ID="P149_SP00213" WIDTH="0" HPOS="0" VPOS="0" />
            <String ID="P149_S00241" HPOS="1302" VPOS="2183" WIDTH="80" HEIGHT="51" STYLEREFS="StyleId-1" CONTENT="one" WC="1" CC="000" />
            <SP ID="P149_SP00214" WIDTH="0" HPOS="0" VPOS="0" />
            <String ID="P149_S00242" HPOS="1405" VPOS="2183" WIDTH="101" HEIGHT="51" STYLEREFS="StyleId-1" CONTENT="year" WC="0.9" CC="0210" />
            <SP ID="P149_SP00215" WIDTH="0" HPOS="0" VPOS="0" />
            <String ID="P149_S00243" HPOS="1529" VPOS="2169" WIDTH="86" HEIGHT="65" STYLEREFS="StyleId-1" CONTENT="and" WC="0.836666644" CC="400" />
          </TextLine>
          <TextLine ID="P149_TL00029" HPOS="302" VPOS="2248" WIDTH="1313" HEIGHT="34">
            <String ID="P149_S00244" HPOS="302" VPOS="2249" WIDTH="146" HEIGHT="40" STYLEREFS="StyleId-1" CONTENT="Grand" WC="0.758" CC="25040" />
            <SP ID="P149_SP00216" WIDTH="0" HPOS="0" VPOS="0" />
            <String ID="P149_S00245" HPOS="479" VPOS="2245" WIDTH="121" HEIGHT="51" STYLEREFS="StyleId-1" CONTENT="High" WC="0.3275" CC="64105" />
            <SP ID="P149_SP00217" WIDTH="0" HPOS="0" VPOS="0" />
            <String ID="P149_S00246" HPOS="633" VPOS="2243" WIDTH="137" HEIGHT="53" STYLEREFS="StyleId-1" CONTENT="Priest" WC="0.945" CC="003000" />
            <SP ID="P149_SP00218" WIDTH="0" HPOS="0" VPOS="0" />
            <String ID="P149_S00247" HPOS="800" VPOS="2242" WIDTH="70" HEIGHT="54" STYLEREFS="StyleId-1" CONTENT="for" WC="0.876666665" CC="300" />
            <SP ID="P149_SP00219" WIDTH="0" HPOS="0" VPOS="0" />
            <String ID="P149_S00248" HPOS="898" VPOS="2246" WIDTH="86" HEIGHT="50" STYLEREFS="StyleId-1" CONTENT="two" WC="0.86" CC="400" />
            <SP ID="P149_SP00220" WIDTH="0" HPOS="0" VPOS="0" />
            <String ID="P149_S00249" HPOS="1014" VPOS="2250" WIDTH="133" HEIGHT="46" STYLEREFS="StyleId-1" CONTENT="years," WC="0.936666667" CC="000003" />
            <SP ID="P149_SP00221" WIDTH="0" HPOS="0" VPOS="0" />
            <String ID="P149_S00250" HPOS="1179" VPOS="2236" WIDTH="85" HEIGHT="60" STYLEREFS="StyleId-1" CONTENT="and" WC="0.9633333" CC="100" />
            <SP ID="P149_SP00222" WIDTH="0" HPOS="0" VPOS="0" />
            <String ID="P149_S00251" HPOS="1296" VPOS="2236" WIDTH="53" HEIGHT="60" STYLEREFS="StyleId-1" CONTENT="N." WC="0.81" CC="03" />
            <SP ID="P149_SP00223" WIDTH="0" HPOS="0" VPOS="0" />
            <String ID="P149_S00252" HPOS="1385" VPOS="2235" WIDTH="50" HEIGHT="61" STYLEREFS="StyleId-1" CONTENT="G." WC="1" CC="00" />
            <SP ID="P149_SP00224" WIDTH="0" HPOS="0" VPOS="0" />
            <String ID="P149_S00253" HPOS="1466" VPOS="2236" WIDTH="44" HEIGHT="60" STYLEREFS="StyleId-1" CONTENT="in" WC="0.63" CC="61" />
            <SP ID="P149_SP00225" WIDTH="0" HPOS="0" VPOS="0" />
            <String ID="P149_S00254" HPOS="1541" VPOS="2235" WIDTH="74" HEIGHT="61" STYLEREFS="StyleId-1" CONTENT="the" WC="0.683333337" CC="036" />
          </TextLine>
          <TextLine ID="P149_TL00030" HPOS="300" VPOS="2313" WIDTH="1314" HEIGHT="31">
            <String ID="P149_S00255" HPOS="300" VPOS="2315" WIDTH="102" HEIGHT="40" STYLEREFS="StyleId-1" CONTENT="Odd" WC="1" CC="000" />
            <SP ID="P149_SP00226" WIDTH="0" HPOS="0" VPOS="0" />
            <String ID="P149_S00256" HPOS="431" VPOS="2311" WIDTH="179" HEIGHT="44" STYLEREFS="StyleId-1" CONTENT="Fdlows" WC="0.566666663" CC="073780" />
            <SP ID="P149_SP00227" WIDTH="0" HPOS="0" VPOS="0" />
            <String ID="P149_S00257" HPOS="641" VPOS="2311" WIDTH="70" HEIGHT="44" STYLEREFS="StyleId-1" CONTENT="for" WC="0.84" CC="400" />
            <SP ID="P149_SP00228" WIDTH="0" HPOS="0" VPOS="0" />
            <String ID="P149_S00258" HPOS="737" VPOS="2309" WIDTH="119" HEIGHT="46" STYLEREFS="StyleId-1" CONTENT="three" WC="0.958" CC="01000" />
            <SP ID="P149_SP00229" WIDTH="0" HPOS="0" VPOS="0" />
            <String ID="P149_S00259" HPOS="881" VPOS="2318" WIDTH="132" HEIGHT="37" STYLEREFS="StyleId-1" CONTENT="years," WC="0.74" CC="403340" />
            <SP ID="P149_SP00230" WIDTH="0" HPOS="0" VPOS="0" />
            <String ID="P149_S00260" HPOS="1044" VPOS="2303" WIDTH="84" HEIGHT="52" STYLEREFS="StyleId-1" CONTENT="and" WC="0.5566667" CC="039" />
            <SP ID="P149_SP00231" WIDTH="0" HPOS="0" VPOS="0" />
            <String ID="P149_S00261" HPOS="1157" VPOS="2301" WIDTH="147" HEIGHT="54" STYLEREFS="StyleId-1" CONTENT="Grand" WC="0.996" CC="00000" />
            <SP ID="P149_SP00232" WIDTH="0" HPOS="0" VPOS="0" />
            <String ID="P149_S00262" HPOS="1333" VPOS="2303" WIDTH="204" HEIGHT="52" STYLEREFS="StyleId-1" CONTENT="Lecturer" WC="0.8" CC="100004100" />
            <SP ID="P149_SP00233" WIDTH="0" HPOS="0" VPOS="0" />
            <String ID="P149_S00263" HPOS="1563" VPOS="2303" WIDTH="51" HEIGHT="52" STYLEREFS="StyleId-1" CONTENT="of" WC="0.34" CC="76" />
          </TextLine>
          <TextLine ID="P149_TL00031" HPOS="302" VPOS="2377" WIDTH="1312" HEIGHT="38">
            <String ID="P149_S00264" HPOS="302" VPOS="2380" WIDTH="71" HEIGHT="40" STYLEREFS="StyleId-1" CONTENT="the" WC="0.74666667" CC="070" />
            <SP ID="P149_SP00234" WIDTH="0" HPOS="0" VPOS="0" />
            <String ID="P149_S00265" HPOS="400" VPOS="2379" WIDTH="55" HEIGHT="41" STYLEREFS="StyleId-1" CONTENT="U." WC="1" CC="00" />
            <SP ID="P149_SP00235" WIDTH="0" HPOS="0" VPOS="0" />
            <String ID="P149_S00266" HPOS="488" VPOS="2378" WIDTH="42" HEIGHT="42" STYLEREFS="StyleId-1" CONTENT="S." WC="1" CC="00" />
            <SP ID="P149_SP00236" WIDTH="0" HPOS="0" VPOS="0" />
            <String ID="P149_S00267" HPOS="560" VPOS="2378" WIDTH="53" HEIGHT="42" STYLEREFS="StyleId-1" CONTENT="A." WC="1" CC="00" />
            <SP ID="P149_SP00237" WIDTH="0" HPOS="0" VPOS="0" />
            <String ID="P149_S00268" HPOS="644" VPOS="2376" WIDTH="48" HEIGHT="44" STYLEREFS="StyleId-1" CONTENT="of" WC="0.555" CC="62" />
            <SP ID="P149_SP00238" WIDTH="0" HPOS="0" VPOS="0" />
            <String ID="P149_S00269" HPOS="721" VPOS="2373" WIDTH="49" HEIGHT="47" STYLEREFS="StyleId-1" CONTENT="G." WC="1" CC="00" />
            <SP ID="P149_SP00239" WIDTH="0" HPOS="0" VPOS="0" />
            <String ID="P149_S00270" HPOS="801" VPOS="2372" WIDTH="55" HEIGHT="48" STYLEREFS="StyleId-1" CONTENT="U." WC="1" CC="00" />
            <SP ID="P149_SP00240" WIDTH="0" HPOS="0" VPOS="0" />
            <String ID="P149_S00271" HPOS="888" VPOS="2370" WIDTH="53" HEIGHT="50" STYLEREFS="StyleId-1" CONTENT="O." WC="0.925" CC="01" />
            <SP ID="P149_SP00241" WIDTH="0" HPOS="0" VPOS="0" />
            <String ID="P149_S00272" HPOS="971" VPOS="2370" WIDTH="48" HEIGHT="50" STYLEREFS="StyleId-1" CONTENT="of" WC="0.635" CC="70" />
            <SP ID="P149_SP00242" WIDTH="0" HPOS="0" VPOS="0" />
            <String ID="P149_S00273" HPOS="1048" VPOS="2368" WIDTH="49" HEIGHT="52" STYLEREFS="StyleId-1" CONTENT="G." WC="1" CC="00" />
            <SP ID="P149_SP00243" WIDTH="0" HPOS="0" VPOS="0" />
            <String ID="P149_S00274" HPOS="1129" VPOS="2366" WIDTH="46" HEIGHT="54" STYLEREFS="StyleId-1" CONTENT="F." WC="0.895" CC="02" />
            <SP ID="P149_SP00244" WIDTH="0" HPOS="0" VPOS="0" />
            <String ID="P149_S00275" HPOS="1206" VPOS="2381" WIDTH="81" HEIGHT="39" STYLEREFS="StyleId-1" CONTENT="one" WC="0.56" CC="840" />
            <SP ID="P149_SP00245" WIDTH="0" HPOS="0" VPOS="0" />
            <String ID="P149_S00276" HPOS="1313" VPOS="2381" WIDTH="123" HEIGHT="39" STYLEREFS="StyleId-1" CONTENT="year;" WC="0.692" CC="80006" />
            <SP ID="P149_SP00246" WIDTH="0" HPOS="0" VPOS="0" />
            <String ID="P149_S00277" HPOS="1466" VPOS="2367" WIDTH="148" HEIGHT="53" STYLEREFS="StyleId-1" CONTENT="Grand" WC="0.494" CC="80726" />
          </TextLine>
          <TextLine ID="P149_TL00032" HPOS="301" VPOS="2445" WIDTH="1315" HEIGHT="37">
            <String ID="P149_S00278" HPOS="301" VPOS="2447" WIDTH="121" HEIGHT="52" STYLEREFS="StyleId-1" CONTENT="High" WC="0.345" CC="55105" />
            <SP ID="P149_SP00247" WIDTH="0" HPOS="0" VPOS="0" />
            <String ID="P149_S00279" HPOS="448" VPOS="2446" WIDTH="137" HEIGHT="53" STYLEREFS="StyleId-1" CONTENT="Priest" WC="0.655" CC="616005" />
            <SP ID="P149_SP00248" WIDTH="0" HPOS="0" VPOS="0" />
            <String ID="P149_S00280" HPOS="608" VPOS="2443" WIDTH="48" HEIGHT="56" STYLEREFS="StyleId-1" CONTENT="of" WC="0.7" CC="41" />
            <SP ID="P149_SP00249" WIDTH="0" HPOS="0" VPOS="0" />
            <String ID="P149_S00281" HPOS="678" VPOS="2443" WIDTH="72" HEIGHT="56" STYLEREFS="StyleId-1" CONTENT="the" WC="0.64" CC="370" />
            <SP ID="P149_SP00250" WIDTH="0" HPOS="0" VPOS="0" />
            <String ID="P149_S00282" HPOS="773" VPOS="2440" WIDTH="51" HEIGHT="59" STYLEREFS="StyleId-1" CONTENT="R." WC="0.695" CC="41" />
            <SP ID="P149_SP00251" WIDTH="0" HPOS="0" VPOS="0" />
            <String ID="P149_S00283" HPOS="850" VPOS="2440" WIDTH="47" HEIGHT="59" STYLEREFS="StyleId-1" CONTENT="L." WC="0.5" CC="100" />
            <SP ID="P149_SP00252" WIDTH="0" HPOS="0" VPOS="0" />
            <String ID="P149_S00284" HPOS="923" VPOS="2437" WIDTH="57" HEIGHT="62" STYLEREFS="StyleId-1" CONTENT="H." WC="0.69" CC="42" />
            <SP ID="P149_SP00253" WIDTH="0" HPOS="0" VPOS="0" />
            <String ID="P149_S00285" HPOS="1006" VPOS="2436" WIDTH="49" HEIGHT="63" STYLEREFS="StyleId-1" CONTENT="of" WC="0.365" CC="84" />
            <SP ID="P149_SP00254" WIDTH="0" HPOS="0" VPOS="0" />
            <String ID="P149_S00286" HPOS="1077" VPOS="2434" WIDTH="72" HEIGHT="65" STYLEREFS="StyleId-1" CONTENT="the" WC="0.803333342" CC="050" />
            <SP ID="P149_SP00255" WIDTH="0" HPOS="0" VPOS="0" />
            <String ID="P149_S00287" HPOS="1173" VPOS="2434" WIDTH="141" HEIGHT="65" STYLEREFS="StyleId-1" CONTENT="Order" WC="0.97" CC="00001" />
            <SP ID="P149_SP00256" WIDTH="0" HPOS="0" VPOS="0" />
            <String ID="P149_S00288" HPOS="1336" VPOS="2435" WIDTH="85" HEIGHT="64" STYLEREFS="StyleId-1" CONTENT="and" WC="0.566666663" CC="750" />
            <SP ID="P149_SP00257" WIDTH="0" HPOS="0" VPOS="0" />
            <String ID="P149_S00289" HPOS="1444" VPOS="2433" WIDTH="77" HEIGHT="66" STYLEREFS="StyleId-1" CONTENT="has" WC="0.543333352" CC="760" />
            <SP ID="P149_SP00258" WIDTH="0" HPOS="0" VPOS="0" />
            <String ID="P149_S00290" HPOS="1545" VPOS="2448" WIDTH="71" HEIGHT="51" STYLEREFS="StyleId-1" CONTENT="or-" WC="0.7366667" CC="502" />
          </TextLine>
        </TextBlock>
      </PrintSpace>
    </Page>
  </Layout>
</alto>