1920 2814
763 271 52 30 1.N
854 271 283 34 ALABAMA.

1530 260 89 46 145

295 369 76 40 life
394 372 39 38 in
462 372 264 43 Kalamazoo
747 376 83 39 and
856 375 219 48 Marshall,
1102 378 233 51 Michigan,
1361 381 260 52 graduating

294 438 40 39 in
359 452 23 26 a
406 440 116 51 large
546 442 105 49 class
676 442 83 49 and
781 443 149 52 taking
953 445 89 50 first
1064 445 169 50 honors.
1295 447 125 48 Later
1443 448 53 47 he
1517 450 101 45 took

291 517 24 25 a
338 513 95 43 post
456 508 208 48 graduate
686 522 149 34 course
858 517 41 39 at
922 511 282 45 Wilberforce
1227 513 260 53 University.
1549 515 69 51 He

293 572 76 40 has
399 574 103 40 been
531 576 205 51 principal
767 578 47 49 of
843 591 116 36 some
987 578 47 49 of
1062 580 70 47 the
1160 580 90 47 best
1280 581 165 46 schools
1474 583 42 44 in
1546 584 72 43 tfhe

293 638 148 51 South,
467 643 84 46 and
571 642 99 47 held
692 643 72 46 the
786 644 311 54 distinguished
1119 649 182 50 position
1326 651 46 48 of
1397 650 220 49 President

291 707 48 41 of
361 708 145 52 Payne
528 710 260 53 University,
814 712 153 51 Selma,
990 713 108 50 Ala.,
1122 717 83 46 and
1226 716 89 47 also
1336 716 69 47 the
1426 716 190 47 honored

291 776 187 51 position?
503 776 49 51 of
575 778 178 54 mailing
778 781 113 51 clerk
917 781 41 51 in
984 781 72 51 the
1082 782 161 50 United
1271 782 137 50 States
1438 783 176 49 Custom

291 842 151 42 House
467 844 42 40 in
535 844 189 51 Atlanta,
753 846 75 49 Ga.
890 845 86 50 For
1001 850 160 45 several
1187 864 120 39 years
1334 850 53 53 he
1411 852 77 51 has
1514 851 96 52 held

290 911 69 39 the
383 917 215 45 pastorate
619 914 47 48 of
691 926 116 36 some
830 915 47 47 of
900 915 70 47 the
993 917 90 45 best
1104 915 207 47 churches
1335 918 42 44 in
1400 917 72 45 the
1497 917 118 45 State

290 977 47 41 of
361 977 196 54 Georgia,
581 981 84 50 and
686 980 76 51 has
785 982 153 51 gained
961 982 127 51 much
1112 984 214 49 eminence
1348 1000 45 33 as
1416 1001 23 32 a
1461 986 153 47 lectur¬

290 1058 57 36 er,
372 1047 84 47 and
480 1059 45 35 as
551 1049 136 45 stated
711 1049 53 53 by
788 1049 69 53 Rt.
883 1050 104 52 Rev.
1015 1050 56 52 H.
1098 1052 61 50 M.
1186 1049 179 53 Turner,
1390 1053 52 49 D.
1468 1054 67 49 D.,
1560 1054 53 49 he

289 1114 35 40 is
353 1128 52 26 an
435 1122 143 33 orator
606 1118 226 50 surpassed
860 1118 54 51 by
945 1119 82 50 few
1056 1134 53 35 on
1138 1118 71 51 the
1238 1122 145 47 sacred
1412 1129 197 40 rostrum.

290 1180 70 41 He
390 1181 33 41 is
457 1180 220 56 Secretary
706 1184 46 52 of
781 1183 70 53 the
885 1185 280 55 Supervisory
1196 1188 142 52 Board
1367 1189 47 51 of
1444 1187 168 53 Turner

287 1245 275 56 Theological
594 1248 235 55 Seminary,
860 1253 47 50 of
937 1253 159 50 Morris
1127 1254 157 49 Brown
1315 1255 184 54 College,
1529 1257 79 52 At¬

286 1316 126 47 lanta,
441 1314 74 49 Ga.
575 1316 145 47 While
744 1318 42 45 in
812 1317 70 46 the
909 1320 156 43 Macon
1099 1320 125 52 (Ga.)
1259 1321 273 51 Conference,
1558 1323 53 49 he

285 1395 87 28 was
393 1383 215 50 president
628 1385 47 48 of
695 1383 73 50 the
789 1385 232 48 Ministers'
1044 1385 273 54 Evangelical
1340 1389 269 50 Association

287 1448 45 41 of
354 1450 156 40 Macon
531 1450 83 41 and
636 1451 107 42 Bibb
763 1451 214 42 Counties.
1038 1454 61 40 As
1119 1470 25 25 a
1163 1455 174 52 linguist
1358 1457 52 50 he
1427 1457 76 50 has
1526 1458 83 49 few

288 1516 157 51 equals,
476 1517 208 53 speaking
709 1518 54 52 all
792 1519 46 51 of
866 1517 72 53 the
963 1520 177 50 modern
1169 1521 246 53 languages.
1477 1524 69 50 He
1573 1525 35 49 is

287 1597 23 26 a
338 1583 158 41 sincere
524 1598 95 28 race
645 1584 117 42 lover
789 1587 83 39 and
899 1587 268 52 participates
1194 1589 42 50 in
1266 1589 52 50 all
1346 1598 261 41 movements

287 1651 68 41 for
377 1652 71 40 the
470 1652 252 41 betterment
745 1654 47 40 of
814 1654 65 41 his
902 1655 159 52 people.

370 2507 45 30 10
