1899 2799
279 301 59 42 34

632 303 240 34 AFRICAN
909 290 328 47 METHODISM

285 429 215 48 itineracy.
561 423 142 54 Selma
743 417 190 60 District,
977 412 48 65 G.
1069 411 49 66 B.
1160 404 172 73 Taylor,
1364 400 46 77 P.
1440 395 66 82 E.,
1535 405 65 72 re¬

283 493 150 53 ported
459 490 168 56 George
653 481 309 65 McClanahan,
987 476 123 70 York
1135 474 163 72 Reeves
1340 464 83 82 and
1464 461 140 85 Lacey

281 560 130 51 Jones
443 557 69 54 for
540 555 72 56 the
639 553 213 58 itineracy.
913 546 304 65 Montgomery
1247 529 192 82 District,
1468 526 52 85 R.
1553 524 48 87 B.

286 625 159 50 Bailey,
476 623 46 52 P.
552 619 63 56 E.,
646 615 195 60 reported
868 614 147 61 Dixon
1045 607 188 68 Morton,
1264 597 133 78 Louis
1427 592 177 83 Motley,

286 689 227 51 Benjamin
552 685 221 55 Gholston,
814 679 161 61 Nelson
1015 674 190 66 Morton,
1243 662 159 78 Joseph
1444 658 161 82 Carew,

288 755 161 39 Robert
488 752 161 44 Carew,
689 748 114 48 Wm.
845 744 145 52 Gross,
1032 735 175 61 Charles
1247 731 240 65 Lypscome
1523 722 84 74 and

293 821 169 48 Hillary
492 816 195 53 Dowdell
718 814 69 55 for
830 811 72 58 the
944 807 215 62 itineracy.
1233 797 147 72 Union
1427 792 179 77 Springs

290 884 190 47 District,
518 882 58 49 H.
616 880 169 51 Stubbs,
823 876 47 55 P.
908 872 65 59 E.,
1012 865 196 66 reported
1245 862 161 69 Martin
1445 858 162 73 Clarke,

292 952 152 49 Henry
480 949 144 52 Blunt,
660 944 131 57 Louis
829 940 119 61 Mile,
985 937 189 64 January
1210 929 200 72 Thomas,
1450 926 159 75 Nelson

293 1016 151 41 Butler
476 1014 69 43 for
576 1013 72 44 the
680 1011 202 48 itineracy
923 1002 174 57 (local),
1131 996 187 63 Richard
1351 994 257 65 Hardaway,

293 1082 128 39 Allen
448 1079 104 42 Hall
577 1078 85 43 and
688 1073 190 48 Thomas
906 1072 196 49 Persons.

338 1145 223 41 Admitted
595 1144 44 42 in'
674 1142 79 44 full
787 1134 307 52 membership;
1127 1132 105 54 Cain
1268 1130 177 56 Rogers,
1481 1124 131 62 Louis

299 1214 182 49 Hillary,
508 1209 104 54 Levi
637 1207 188 56 Walker,
853 1205 49 58 G.
930 1203 48 60 B.
1005 1198 160 65 Taylor
1188 1198 83 65 and
1295 1196 68 67 W.
1390 1195 52 68 D.
1471 1194 142 69 Mayo.

299 1281 218 38 Deacons:
548 1275 131 52 Jacob
710 1270 46 57 F.
790 1270 182 57 Crozier,
1004 1264 187 63 Thomas
1221 1261 211 66 Winfield,
1464 1259 148 68 Cimbo

303 1347 141 51 Jones,
466 1343 151 55 Henry
636 1340 130 58 Byrd,
784 1335 205 63 Anthony
1009 1332 150 66 Sharp,
1179 1329 167 69 Gabriel
1366 1323 247 75 Saltmarsh,

302 1413 148 39 Butler
488 1410 198 50 Jacks'on,
726 1405 136 55 Owen
902 1403 246 57 Lypscome,
1189 1397 167 63 George
1393 1392 220 68 Hawkins,

302 1479 153 41 Daniel
491 1476 139 45 Allen,
667 1473 167 50 George
871 1468 225 55 Snowden,
1133 1465 51 58 A.
1223 1462 44 61 C.
1305 1460 310 63 Cunningham,

302 1546 137 53 Jessie
464 1542 182 57 Whims,
673 1540 82 59 Job
779 1539 124 60 Jette,
930 1534 147 65 Enoch
1104 1530 171 69 Taylor,
1302 1529 102 70 Levi
1432 1526 185 73 Walker,

301 1613 214 53 Jefferson
548 1608 225 58 Childress,
805 1604 180 62 Amison
1014 1602 201 64 Dawson,
1245 1597 158 69 Robert
1432 1592 184 74 Ventris,

302 1681 81 52 Job
406 1678 178 55 Cephas,
604 1675 142 58 James
767 1671 183 62 Jackson
973 1669 84 64 and
1078 1665 191 68 R'egulus
1293 1664 194 69 Persons'.
1545 1658 71 75 El¬

305 1748 96 39 ders
437 1742 202 45 ordained
672 1746 42 41 at
748 1738 82 49 this
866 1734 184 53 session:
1081 1730 187 57 Thomas
1304 1727 200 60 Winfield
1537 1724 83 63 and

303 1811 133 53 Jacob
461 1807 182 57 Crozier.

362 1878 103 39 Rev.
504 1874 45 43 C.
587 1872 46 45 L.
671 1867 209 50 Bradwell
916 1866 83 51 and
1034 1862 49 55 E.
1121 1862 48 55 L.
1206 1861 158 56 Bailey,
1402 1859 118 58 from1
1550 1858 71 59 the

306 1943 185 50 Georgia
532 1939 273 54 Conference,
845 1944 109 49 were
1008 1926 262 67 introduced.
1331 1926 103 67 Rev.
1477 1925 52 68 A.
1573 1923 46 70 C.

307 2007 300 51 Cunningham
634 2015 85 43 was
747 1995 236 63 suspended
1012 1995 112 63 from
1150 1994 65 64 his
1243 1993 149 65 official
1421 1991 202 67 standing

306 2078 43 38 in
386 2075 71 41 the
492 2070 158 46 church
688 2068 67 48 for
792 2062 301 54 drunkenness.

363 2141 117 37 Here
505 2150 64 28 we
594 2138 126 46 quote
743 2131 70 53 the
839 2133 121 51 exact
986 2126 147 58 record
1160 2126 40 58 in
1229 2126 217 58 reference
1470 2130 47 54 to
1541 2137 81 47 one

305 2220 95 28 case
421 2205 90 43 that
533 2215 86 33 was
641 2198 129 50 tried:
792 2196 41 52 A
855 2192 227 56 complaint
1104 2205 87 43 was
1212 2191 219 57 preferred
1454 2193 54 55 by
1530 2190 92 58 An¬

307 2274 152 38 derson
487 2269 186 43 Dawson
701 2261 166 51 against
895 2258 190 54 Regulus
1115 2257 182 55 Persons
1328 2258 69 54 for
1424 2256 197 56 interfer¬

308 2340 75 48 ing
409 2348 53 40 on
489 2334 63 54 his
577 2331 157 57 charge
759 2327 53 61 by
838 2324 151 64 saying
1013 2322 90 66 that
1130 2322 51 66 he
1208 2322 83 66 had
1318 2323 101 65 been
1449 2329 46 59 to
1521 2336 99 52 con¬

310 2405 177 40 ference,
510 2399 81 46 and
613 2396 88 49 said
721 2392 88 53 that
828 2390 72 55 the
919 2402 94 43 men
1034 2401 108 44 were
1161 2395 47 50 to
1225 2401 80 44 pay
1327 2398 49 47 25
1399 2395 115 50 cents
1536 2391 85 54 and

306 2470 73 39 the
402 2478 162 31 women
596 2472 44 38 15
667 2465 125 45 cents,
820 2456 81 54 and
925 2455 90 55 that
1041 2453 166 57 nobody
1234 2454 82 56 else
1342 2467 85 43 was
1455 2461 45 49 to
1523 2455 97 55 take
