<?xml version="1.0" encoding="utf-8"?>
<alto xmlns:xlink="http://www.w3.org/1999/xlink" xmlns:xsi="http://www.w3.org/2001/XMLSchema-instance" xsi:schemaLocation="http://www.loc.gov/standards/alto/ns-v2# http://www.loc.gov/standards/alto/alto-v2.0.xsd" xmlns="http://www.loc.gov/standards/alto/ns-v2#">
  <Description>
    <MeasurementUnit>pixel</MeasurementUnit>
    <sourceImageInformation>
      <fileName>0009.tif</fileName>
    </sourceImageInformation>
    <OCRProcessing ID="Processing">
      <ocrProcessingStep>
        <processingStepSettings>Image Resolution:400</processingStepSettings>
        <processingSoftware>
          <softwareCreator>I2S Kirtas</softwareCreator>
          <softwareName>Limb</softwareName>
          <softwareVersion>1.0</softwareVersion>
          <applicationDescription>Abbyy10 OCR Engine</applicationDescription>
        </processingSoftware>
      </ocrProcessingStep>
    </OCRProcessing>
  </Description>
  <Styles>
    <TextStyle ID="StyleId-0" FONTSIZE="9" FONTFAMILY="Times New Roman" />
    <TextStyle ID="StyleId-1" FONTSIZE="8" FONTFAMILY="Times New Roman" />
  </Styles>
  <Layout>
    <Page ID="P8" PHYSICAL_IMG_NR="8" HEIGHT="2800" WIDTH="1900" ACCURACY="0.7839049" QUALITY_DETAIL="213 words, 1041 chars, 836 with recognition greater than 50% (80.31%)">
      <TopMargin ID="P8_TM00001" HPOS="0" VPOS="0" WIDTH="1900" HEIGHT="458" />
      <LeftMargin ID="P8_LM00001" HPOS="0" VPOS="458" WIDTH="271" HEIGHT="1889" />
      <RightMargin ID="P8_RM00001" HPOS="1631" VPOS="458" WIDTH="269" HEIGHT="1889" />
      <BottomMargin ID="P8_BM00001" HPOS="0" VPOS="2347" WIDTH="1900" HEIGHT="453" />
      <PrintSpace ID="P8_PS00001" HPOS="271" VPOS="458" WIDTH="1360" HEIGHT="1889">
        <TextBlock ID="P8_TB00001" HPOS="689" VPOS="456" WIDTH="507" HEIGHT="57">
          <TextLine ID="P8_TL00001" HPOS="697" VPOS="464" WIDTH="490" HEIGHT="41">
            <String ID="P8_S00001" HPOS="697" VPOS="462" WIDTH="490" HEIGHT="45" STYLEREFS="StyleId-0" CONTENT="INTRODUCTION." WC="0.808461547" CC="0170000570002" />
          </TextLine>
        </TextBlock>
        <TextBlock ID="P8_TB00002" HPOS="272" VPOS="696" WIDTH="1359" HEIGHT="1651">
          <TextLine ID="P8_TL00002" HPOS="339" VPOS="703" WIDTH="1269" HEIGHT="52">
            <String ID="P8_S00002" HPOS="339" VPOS="709" WIDTH="104" HEIGHT="42" STYLEREFS="StyleId-0" CONTENT="This" WC="0.805" CC="0160" />
            <SP ID="P8_SP00001" WIDTH="0" HPOS="0" VPOS="0" />
            <String ID="P8_S00003" HPOS="477" VPOS="709" WIDTH="107" HEIGHT="42" STYLEREFS="StyleId-0" CONTENT="little" WC="0.74" CC="431050" />
            <SP ID="P8_SP00002" WIDTH="0" HPOS="0" VPOS="0" />
            <String ID="P8_S00004" HPOS="615" VPOS="708" WIDTH="171" HEIGHT="43" STYLEREFS="StyleId-0" CONTENT="volume" WC="0.691666663" CC="034640" />
            <SP ID="P8_SP00003" WIDTH="0" HPOS="0" VPOS="0" />
            <String ID="P8_S00005" HPOS="818" VPOS="711" WIDTH="201" HEIGHT="47" STYLEREFS="StyleId-0" CONTENT="purports" WC="0.67875" CC="35047500" />
            <SP ID="P8_SP00004" WIDTH="0" HPOS="0" VPOS="0" />
            <String ID="P8_S00006" HPOS="1067" VPOS="710" WIDTH="45" HEIGHT="48" STYLEREFS="StyleId-0" CONTENT="to" WC="0.755" CC="04" />
            <SP ID="P8_SP00005" WIDTH="0" HPOS="0" VPOS="0" />
            <String ID="P8_S00007" HPOS="1157" VPOS="703" WIDTH="54" HEIGHT="55" STYLEREFS="StyleId-0" CONTENT="be" WC="0.765" CC="40" />
            <SP ID="P8_SP00006" WIDTH="0" HPOS="0" VPOS="0" />
            <String ID="P8_S00008" HPOS="1254" VPOS="715" WIDTH="54" HEIGHT="43" STYLEREFS="StyleId-0" CONTENT="an" WC="0.76" CC="04" />
            <SP ID="P8_SP00007" WIDTH="0" HPOS="0" VPOS="0" />
            <String ID="P8_S00009" HPOS="1356" VPOS="698" WIDTH="252" HEIGHT="60" STYLEREFS="StyleId-0" CONTENT="epitomized" WC="0.492" CC="055010365410" />
          </TextLine>
          <TextLine ID="P8_TL00003" HPOS="281" VPOS="773" WIDTH="1328" HEIGHT="49">
            <String ID="P8_S00010" HPOS="281" VPOS="776" WIDTH="147" HEIGHT="42" STYLEREFS="StyleId-0" CONTENT="sketch" WC="0.845" CC="020007" />
            <SP ID="P8_SP00008" WIDTH="0" HPOS="0" VPOS="0" />
            <String ID="P8_S00011" HPOS="454" VPOS="776" WIDTH="47" HEIGHT="42" STYLEREFS="StyleId-0" CONTENT="of" WC="1" CC="00" />
            <SP ID="P8_SP00009" WIDTH="0" HPOS="0" VPOS="0" />
            <String ID="P8_S00012" HPOS="527" VPOS="775" WIDTH="72" HEIGHT="43" STYLEREFS="StyleId-0" CONTENT="the" WC="0.75" CC="070" />
            <SP ID="P8_SP00010" WIDTH="0" HPOS="0" VPOS="0" />
            <String ID="P8_S00013" HPOS="624" VPOS="772" WIDTH="306" HEIGHT="54" STYLEREFS="StyleId-0" CONTENT="organization," WC="0.663846135" CC="3075630203703" />
            <SP ID="P8_SP00011" WIDTH="0" HPOS="0" VPOS="0" />
            <String ID="P8_S00014" HPOS="958" VPOS="772" WIDTH="188" HEIGHT="54" STYLEREFS="StyleId-0" CONTENT="increase" WC="0.84875" CC="200001000" />
            <SP ID="P8_SP00012" WIDTH="0" HPOS="0" VPOS="0" />
            <String ID="P8_S00015" HPOS="1170" VPOS="769" WIDTH="84" HEIGHT="57" STYLEREFS="StyleId-0" CONTENT="and" WC="1" CC="000" />
            <SP ID="P8_SP00013" WIDTH="0" HPOS="0" VPOS="0" />
            <String ID="P8_S00016" HPOS="1279" VPOS="773" WIDTH="170" HEIGHT="53" STYLEREFS="StyleId-0" CONTENT="present" WC="0.7785714" CC="8000303" />
            <SP ID="P8_SP00014" WIDTH="0" HPOS="0" VPOS="0" />
            <String ID="P8_S00017" HPOS="1474" VPOS="772" WIDTH="135" HEIGHT="54" STYLEREFS="StyleId-0" CONTENT="status" WC="0.678333342" CC="050175" />
          </TextLine>
          <TextLine ID="P8_TL00004" HPOS="282" VPOS="838" WIDTH="1324" HEIGHT="42">
            <String ID="P8_S00018" HPOS="282" VPOS="845" WIDTH="48" HEIGHT="40" STYLEREFS="StyleId-0" CONTENT="of" WC="0.665" CC="41" />
            <SP ID="P8_SP00015" WIDTH="0" HPOS="0" VPOS="0" />
            <String ID="P8_S00019" HPOS="363" VPOS="843" WIDTH="73" HEIGHT="42" STYLEREFS="StyleId-0" CONTENT="the" WC="1" CC="000" />
            <SP ID="P8_SP00016" WIDTH="0" HPOS="0" VPOS="0" />
            <String ID="P8_S00020" HPOS="469" VPOS="843" WIDTH="210" HEIGHT="42" STYLEREFS="StyleId-0" CONTENT="Alabama" WC="0.952857137" CC="0300000" />
            <SP ID="P8_SP00017" WIDTH="0" HPOS="0" VPOS="0" />
            <String ID="P8_S00021" HPOS="713" VPOS="840" WIDTH="173" HEIGHT="45" STYLEREFS="StyleId-0" CONTENT="Annual" WC="0.99333334" CC="000000" />
            <SP ID="P8_SP00018" WIDTH="0" HPOS="0" VPOS="0" />
            <String ID="P8_S00022" HPOS="922" VPOS="838" WIDTH="285" HEIGHT="47" STYLEREFS="StyleId-0" CONTENT="Conferences" WC="0.9681818" CC="30000000000" />
            <SP ID="P8_SP00019" WIDTH="0" HPOS="0" VPOS="0" />
            <String ID="P8_S00023" HPOS="1242" VPOS="835" WIDTH="47" HEIGHT="50" STYLEREFS="StyleId-0" CONTENT="of" WC="0.265" CC="95" />
            <SP ID="P8_SP00020" WIDTH="0" HPOS="0" VPOS="0" />
            <String ID="P8_S00024" HPOS="1322" VPOS="835" WIDTH="72" HEIGHT="50" STYLEREFS="StyleId-0" CONTENT="the" WC="0.776666641" CC="060" />
            <SP ID="P8_SP00021" WIDTH="0" HPOS="0" VPOS="0" />
            <String ID="P8_S00025" HPOS="1427" VPOS="833" WIDTH="179" HEIGHT="52" STYLEREFS="StyleId-0" CONTENT="African" WC="0.8057143" CC="0303105" />
          </TextLine>
          <TextLine ID="P8_TL00005" HPOS="285" VPOS="906" WIDTH="1325" HEIGHT="51">
            <String ID="P8_S00026" HPOS="285" VPOS="911" WIDTH="238" HEIGHT="42" STYLEREFS="StyleId-0" CONTENT="Methodist" WC="0.807777762" CC="005604000" />
            <SP ID="P8_SP00022" WIDTH="0" HPOS="0" VPOS="0" />
            <String ID="P8_S00027" HPOS="548" VPOS="908" WIDTH="229" HEIGHT="53" STYLEREFS="StyleId-0" CONTENT="Episcopal" WC="0.6422222" CC="503009706" />
            <SP ID="P8_SP00023" WIDTH="0" HPOS="0" VPOS="0" />
            <String ID="P8_S00028" HPOS="805" VPOS="905" WIDTH="186" HEIGHT="56" STYLEREFS="StyleId-0" CONTENT="Church," WC="0.8442857" CC="0600004" />
            <SP ID="P8_SP00024" WIDTH="0" HPOS="0" VPOS="0" />
            <String ID="P8_S00029" HPOS="1017" VPOS="905" WIDTH="139" HEIGHT="56" STYLEREFS="StyleId-0" CONTENT="which" WC="0.734" CC="03306" />
            <SP ID="P8_SP00025" WIDTH="0" HPOS="0" VPOS="0" />
            <String ID="P8_S00030" HPOS="1182" VPOS="903" WIDTH="34" HEIGHT="58" STYLEREFS="StyleId-0" CONTENT="is" WC="0.55" CC="90" />
            <SP ID="P8_SP00026" WIDTH="0" HPOS="0" VPOS="0" />
            <String ID="P8_S00031" HPOS="1242" VPOS="902" WIDTH="200" HEIGHT="59" STYLEREFS="StyleId-0" CONTENT="intended" WC="0.89125" CC="20000060" />
            <SP ID="P8_SP00027" WIDTH="0" HPOS="0" VPOS="0" />
            <String ID="P8_S00032" HPOS="1466" VPOS="907" WIDTH="47" HEIGHT="54" STYLEREFS="StyleId-0" CONTENT="to" WC="1" CC="00" />
            <SP ID="P8_SP00028" WIDTH="0" HPOS="0" VPOS="0" />
            <String ID="P8_S00033" HPOS="1535" VPOS="907" WIDTH="74" HEIGHT="54" STYLEREFS="StyleId-0" CONTENT="not" WC="0.706666648" CC="008" />
          </TextLine>
          <TextLine ID="P8_TL00006" HPOS="283" VPOS="973" WIDTH="1328" HEIGHT="53">
            <String ID="P8_S00034" HPOS="283" VPOS="979" WIDTH="101" HEIGHT="52" STYLEREFS="StyleId-0" CONTENT="only" WC="0.9" CC="4000" />
            <SP ID="P8_SP00029" WIDTH="0" HPOS="0" VPOS="0" />
            <String ID="P8_S00035" HPOS="410" VPOS="992" WIDTH="120" HEIGHT="39" STYLEREFS="StyleId-0" CONTENT="serve" WC="1" CC="00000" />
            <SP ID="P8_SP00030" WIDTH="0" HPOS="0" VPOS="0" />
            <String ID="P8_S00036" HPOS="555" VPOS="978" WIDTH="73" HEIGHT="53" STYLEREFS="StyleId-0" CONTENT="the" WC="0.74666667" CC="700" />
            <SP ID="P8_SP00031" WIDTH="0" HPOS="0" VPOS="0" />
            <String ID="P8_S00037" HPOS="651" VPOS="982" WIDTH="137" HEIGHT="49" STYLEREFS="StyleId-0" CONTENT="wants" WC="0.882" CC="11300" />
            <SP ID="P8_SP00032" WIDTH="0" HPOS="0" VPOS="0" />
            <String ID="P8_S00038" HPOS="814" VPOS="975" WIDTH="47" HEIGHT="56" STYLEREFS="StyleId-0" CONTENT="of" WC="0.92" CC="01" />
            <SP ID="P8_SP00033" WIDTH="0" HPOS="0" VPOS="0" />
            <String ID="P8_S00039" HPOS="886" VPOS="973" WIDTH="72" HEIGHT="58" STYLEREFS="StyleId-0" CONTENT="the" WC="0.793333352" CC="060" />
            <SP ID="P8_SP00034" WIDTH="0" HPOS="0" VPOS="0" />
            <String ID="P8_S00040" HPOS="982" VPOS="979" WIDTH="169" HEIGHT="52" STYLEREFS="StyleId-0" CONTENT="present" WC="0.95" CC="0000300" />
            <SP ID="P8_SP00035" WIDTH="0" HPOS="0" VPOS="0" />
            <String ID="P8_S00041" HPOS="1175" VPOS="969" WIDTH="260" HEIGHT="62" STYLEREFS="StyleId-0" CONTENT="generation," WC="0.68" CC="70004903064" />
            <SP ID="P8_SP00036" WIDTH="0" HPOS="0" VPOS="0" />
            <String ID="P8_S00042" HPOS="1462" VPOS="969" WIDTH="75" HEIGHT="62" STYLEREFS="StyleId-0" CONTENT="but" WC="1" CC="000" />
            <SP ID="P8_SP00037" WIDTH="0" HPOS="0" VPOS="0" />
            <String ID="P8_S00043" HPOS="1563" VPOS="968" WIDTH="48" HEIGHT="63" STYLEREFS="StyleId-0" CONTENT="of" WC="0.75" CC="05" />
          </TextLine>
          <TextLine ID="P8_TL00007" HPOS="284" VPOS="1040" WIDTH="1328" HEIGHT="54">
            <String ID="P8_S00044" HPOS="284" VPOS="1047" WIDTH="271" HEIGHT="52" STYLEREFS="StyleId-0" CONTENT="generations" WC="0.765454531" CC="100701004300" />
            <SP ID="P8_SP00038" WIDTH="0" HPOS="0" VPOS="0" />
            <String ID="P8_S00045" HPOS="588" VPOS="1043" WIDTH="140" HEIGHT="56" STYLEREFS="StyleId-0" CONTENT="which" WC="0.854" CC="00304" />
            <SP ID="P8_SP00039" WIDTH="0" HPOS="0" VPOS="0" />
            <String ID="P8_S00046" HPOS="761" VPOS="1057" WIDTH="71" HEIGHT="42" STYLEREFS="StyleId-0" CONTENT="are" WC="0.88" CC="030" />
            <SP ID="P8_SP00040" WIDTH="0" HPOS="0" VPOS="0" />
            <String ID="P8_S00047" HPOS="862" VPOS="1056" WIDTH="99" HEIGHT="43" STYLEREFS="StyleId-0" CONTENT="now" WC="0.7366667" CC="070" />
            <SP ID="P8_SP00041" WIDTH="0" HPOS="0" VPOS="0" />
            <String ID="P8_S00048" HPOS="994" VPOS="1040" WIDTH="190" HEIGHT="59" STYLEREFS="StyleId-0" CONTENT="sleeping" WC="0.83375" CC="030000010" />
            <SP ID="P8_SP00042" WIDTH="0" HPOS="0" VPOS="0" />
            <String ID="P8_S00049" HPOS="1215" VPOS="1039" WIDTH="43" HEIGHT="60" STYLEREFS="StyleId-0" CONTENT="in" WC="0.81" CC="30" />
            <SP ID="P8_SP00043" WIDTH="0" HPOS="0" VPOS="0" />
            <String ID="P8_S00050" HPOS="1289" VPOS="1038" WIDTH="73" HEIGHT="61" STYLEREFS="StyleId-0" CONTENT="the" WC="0.936666667" CC="010" />
            <SP ID="P8_SP00044" WIDTH="0" HPOS="0" VPOS="0" />
            <String ID="P8_S00051" HPOS="1392" VPOS="1037" WIDTH="141" HEIGHT="62" STYLEREFS="StyleId-0" CONTENT="womb" WC="0.56" CC="71000" />
            <SP ID="P8_SP00045" WIDTH="0" HPOS="0" VPOS="0" />
            <String ID="P8_S00052" HPOS="1564" VPOS="1035" WIDTH="48" HEIGHT="64" STYLEREFS="StyleId-0" CONTENT="oil" WC="0.143333331" CC="978" />
          </TextLine>
          <TextLine ID="P8_TL00008" HPOS="288" VPOS="1108" WIDTH="1321" HEIGHT="48">
            <String ID="P8_S00053" HPOS="288" VPOS="1115" WIDTH="73" HEIGHT="39" STYLEREFS="StyleId-0" CONTENT="the" WC="1" CC="000" />
            <SP ID="P8_SP00046" WIDTH="0" HPOS="0" VPOS="0" />
            <String ID="P8_S00054" HPOS="390" VPOS="1114" WIDTH="157" HEIGHT="46" STYLEREFS="StyleId-0" CONTENT="future," WC="0.921428561" CC="1000102" />
            <SP ID="P8_SP00047" WIDTH="0" HPOS="0" VPOS="0" />
            <String ID="P8_S00055" HPOS="577" VPOS="1112" WIDTH="85" HEIGHT="48" STYLEREFS="StyleId-0" CONTENT="and" WC="1" CC="000" />
            <SP ID="P8_SP00048" WIDTH="0" HPOS="0" VPOS="0" />
            <String ID="P8_S00056" HPOS="690" VPOS="1109" WIDTH="139" HEIGHT="51" STYLEREFS="StyleId-0" CONTENT="which" WC="0.75" CC="06006" />
            <SP ID="P8_SP00049" WIDTH="0" HPOS="0" VPOS="0" />
            <String ID="P8_S00057" HPOS="858" VPOS="1109" WIDTH="85" HEIGHT="51" STYLEREFS="StyleId-0" CONTENT="will" WC="0.4775" CC="8660" />
            <SP ID="P8_SP00050" WIDTH="0" HPOS="0" VPOS="0" />
            <String ID="P8_S00058" HPOS="972" VPOS="1122" WIDTH="120" HEIGHT="38" STYLEREFS="StyleId-0" CONTENT="serve" WC="1" CC="00000" />
            <SP ID="P8_SP00051" WIDTH="0" HPOS="0" VPOS="0" />
            <String ID="P8_S00059" HPOS="1118" VPOS="1108" WIDTH="71" HEIGHT="52" STYLEREFS="StyleId-0" CONTENT="the" WC="0.76" CC="070" />
            <SP ID="P8_SP00052" WIDTH="0" HPOS="0" VPOS="0" />
            <String ID="P8_S00060" HPOS="1217" VPOS="1105" WIDTH="158" HEIGHT="55" STYLEREFS="StyleId-0" CONTENT="church" WC="0.6933333" CC="076005" />
            <SP ID="P8_SP00053" WIDTH="0" HPOS="0" VPOS="0" />
            <String ID="P8_S00061" HPOS="1400" VPOS="1103" WIDTH="209" HEIGHT="57" STYLEREFS="StyleId-0" CONTENT="historian" WC="0.8111111" CC="700430001" />
          </TextLine>
          <TextLine ID="P8_TL00009" HPOS="284" VPOS="1175" WIDTH="1328" HEIGHT="51">
            <String ID="P8_S00062" HPOS="285" VPOS="1182" WIDTH="43" HEIGHT="38" STYLEREFS="StyleId-0" CONTENT="in" WC="0.225" CC="87" />
            <SP ID="P8_SP00054" WIDTH="0" HPOS="0" VPOS="0" />
            <String ID="P8_S00063" HPOS="356" VPOS="1181" WIDTH="72" HEIGHT="40" STYLEREFS="StyleId-0" CONTENT="the" WC="0.93" CC="020" />
            <SP ID="P8_SP00055" WIDTH="0" HPOS="0" VPOS="0" />
            <String ID="P8_S00064" HPOS="455" VPOS="1193" WIDTH="101" HEIGHT="37" STYLEREFS="StyleId-0" CONTENT="ages" WC="1" CC="0000" />
            <SP ID="P8_SP00056" WIDTH="0" HPOS="0" VPOS="0" />
            <String ID="P8_S00065" HPOS="583" VPOS="1185" WIDTH="46" HEIGHT="45" STYLEREFS="StyleId-0" CONTENT="to" WC="0.66" CC="06" />
            <SP ID="P8_SP00057" WIDTH="0" HPOS="0" VPOS="0" />
            <String ID="P8_S00066" HPOS="655" VPOS="1191" WIDTH="132" HEIGHT="39" STYLEREFS="StyleId-0" CONTENT="come," WC="0.576" CC="09704" />
            <SP ID="P8_SP00058" WIDTH="0" HPOS="0" VPOS="0" />
            <String ID="P8_S00067" HPOS="813" VPOS="1177" WIDTH="56" HEIGHT="53" STYLEREFS="StyleId-0" CONTENT="by" WC="0.775" CC="04" />
            <SP ID="P8_SP00059" WIDTH="0" HPOS="0" VPOS="0" />
            <String ID="P8_S00068" HPOS="897" VPOS="1173" WIDTH="247" HEIGHT="57" STYLEREFS="StyleId-0" CONTENT="furnishing" WC="0.77" CC="0010590510" />
            <SP ID="P8_SP00060" WIDTH="0" HPOS="0" VPOS="0" />
            <String ID="P8_S00069" HPOS="1169" VPOS="1173" WIDTH="89" HEIGHT="57" STYLEREFS="StyleId-0" CONTENT="him" WC="0.92" CC="020" />
            <SP ID="P8_SP00061" WIDTH="0" HPOS="0" VPOS="0" />
            <String ID="P8_S00070" HPOS="1285" VPOS="1172" WIDTH="103" HEIGHT="58" STYLEREFS="StyleId-0" CONTENT="with" WC="0.7625" CC="0450" />
            <SP ID="P8_SP00062" WIDTH="0" HPOS="0" VPOS="0" />
            <String ID="P8_S00071" HPOS="1414" VPOS="1171" WIDTH="123" HEIGHT="59" STYLEREFS="StyleId-0" CONTENT="items" WC="0.764" CC="38000" />
            <SP ID="P8_SP00063" WIDTH="0" HPOS="0" VPOS="0" />
            <String ID="P8_S00072" HPOS="1565" VPOS="1170" WIDTH="47" HEIGHT="60" STYLEREFS="StyleId-0" CONTENT="of" WC="0.995" CC="00" />
          </TextLine>
          <TextLine ID="P8_TL00010" HPOS="286" VPOS="1243" WIDTH="1327" HEIGHT="51">
            <String ID="P8_S00073" HPOS="286" VPOS="1249" WIDTH="186" HEIGHT="47" STYLEREFS="StyleId-0" CONTENT="interest," WC="0.8877778" CC="100000043" />
            <SP ID="P8_SP00064" WIDTH="0" HPOS="0" VPOS="0" />
            <String ID="P8_S00074" HPOS="503" VPOS="1247" WIDTH="85" HEIGHT="49" STYLEREFS="StyleId-0" CONTENT="and" WC="1" CC="000" />
            <SP ID="P8_SP00065" WIDTH="0" HPOS="0" VPOS="0" />
            <String ID="P8_S00075" HPOS="615" VPOS="1243" WIDTH="189" HEIGHT="54" STYLEREFS="StyleId-0" CONTENT="through" WC="0.998571455" CC="0000000" />
            <SP ID="P8_SP00066" WIDTH="0" HPOS="0" VPOS="0" />
            <String ID="P8_S00076" HPOS="832" VPOS="1243" WIDTH="102" HEIGHT="54" STYLEREFS="StyleId-0" CONTENT="him," WC="0.7925" CC="0404" />
            <SP ID="P8_SP00067" WIDTH="0" HPOS="0" VPOS="0" />
            <String ID="P8_S00077" HPOS="964" VPOS="1241" WIDTH="72" HEIGHT="56" STYLEREFS="StyleId-0" CONTENT="the" WC="0.636666656" CC="550" />
            <SP ID="P8_SP00068" WIDTH="0" HPOS="0" VPOS="0" />
            <String ID="P8_S00078" HPOS="1065" VPOS="1241" WIDTH="168" HEIGHT="56" STYLEREFS="StyleId-0" CONTENT="readers" WC="0.862857163" CC="0060020" />
            <SP ID="P8_SP00069" WIDTH="0" HPOS="0" VPOS="0" />
            <String ID="P8_S00079" HPOS="1263" VPOS="1240" WIDTH="47" HEIGHT="57" STYLEREFS="StyleId-0" CONTENT="of" WC="0.665" CC="33" />
            <SP ID="P8_SP00070" WIDTH="0" HPOS="0" VPOS="0" />
            <String ID="P8_S00080" HPOS="1337" VPOS="1239" WIDTH="65" HEIGHT="58" STYLEREFS="StyleId-0" CONTENT="his" WC="0.6" CC="650" />
            <SP ID="P8_SP00071" WIDTH="0" HPOS="0" VPOS="0" />
            <String ID="P8_S00081" HPOS="1431" VPOS="1238" WIDTH="182" HEIGHT="59" STYLEREFS="StyleId-0" CONTENT="produc¬" WC="0.642857134" CC="04100064" />
          </TextLine>
          <TextLine ID="P8_TL00011" HPOS="285" VPOS="1310" WIDTH="1329" HEIGHT="49">
            <String ID="P8_S00082" HPOS="285" VPOS="1317" WIDTH="90" HEIGHT="39" STYLEREFS="StyleId-0" CONTENT="tion" WC="0.86" CC="0410" />
            <SP ID="P8_SP00072" WIDTH="0" HPOS="0" VPOS="0" />
            <String ID="P8_S00083" HPOS="409" VPOS="1315" WIDTH="47" HEIGHT="41" STYLEREFS="StyleId-0" CONTENT="of" WC="0.73" CC="41" />
            <SP ID="P8_SP00073" WIDTH="0" HPOS="0" VPOS="0" />
            <String ID="P8_S00084" HPOS="489" VPOS="1321" WIDTH="158" HEIGHT="42" STYLEREFS="StyleId-0" CONTENT="events," WC="0.958571434" CC="0000002" />
            <SP ID="P8_SP00074" WIDTH="0" HPOS="0" VPOS="0" />
            <String ID="P8_S00085" HPOS="680" VPOS="1311" WIDTH="340" HEIGHT="52" STYLEREFS="StyleId-0" CONTENT="circumstances," WC="0.8364286" CC="05007002005003" />
            <SP ID="P8_SP00075" WIDTH="0" HPOS="0" VPOS="0" />
            <String ID="P8_S00086" HPOS="1052" VPOS="1309" WIDTH="118" HEIGHT="54" STYLEREFS="StyleId-0" CONTENT="trials" WC="0.913333356" CC="004000" />
            <SP ID="P8_SP00076" WIDTH="0" HPOS="0" VPOS="0" />
            <String ID="P8_S00087" HPOS="1203" VPOS="1308" WIDTH="84" HEIGHT="55" STYLEREFS="StyleId-0" CONTENT="and" WC="1" CC="000" />
            <SP ID="P8_SP00077" WIDTH="0" HPOS="0" VPOS="0" />
            <String ID="P8_S00088" HPOS="1317" VPOS="1307" WIDTH="192" HEIGHT="56" STYLEREFS="StyleId-0" CONTENT="ultimate" WC="0.87625" CC="00630000" />
            <SP ID="P8_SP00078" WIDTH="0" HPOS="0" VPOS="0" />
            <String ID="P8_S00089" HPOS="1539" VPOS="1305" WIDTH="75" HEIGHT="58" STYLEREFS="StyleId-0" CONTENT="tri¬" WC="0.785" CC="0322" />
          </TextLine>
          <TextLine ID="P8_TL00012" HPOS="286" VPOS="1377" WIDTH="1327" HEIGHT="52">
            <String ID="P8_S00090" HPOS="286" VPOS="1382" WIDTH="135" HEIGHT="52" STYLEREFS="StyleId-0" CONTENT="umph" WC="0.55" CC="10008" />
            <SP ID="P8_SP00079" WIDTH="0" HPOS="0" VPOS="0" />
            <String ID="P8_S00091" HPOS="457" VPOS="1382" WIDTH="49" HEIGHT="52" STYLEREFS="StyleId-0" CONTENT="of" WC="0.515" CC="63" />
            <SP ID="P8_SP00080" WIDTH="0" HPOS="0" VPOS="0" />
            <String ID="P8_S00092" HPOS="541" VPOS="1394" WIDTH="130" HEIGHT="40" STYLEREFS="StyleId-0" CONTENT="many" WC="0.8475" CC="0060" />
            <SP ID="P8_SP00081" WIDTH="0" HPOS="0" VPOS="0" />
            <String ID="P8_S00093" HPOS="705" VPOS="1379" WIDTH="146" HEIGHT="55" STYLEREFS="StyleId-0" CONTENT="things" WC="0.816666663" CC="404100" />
            <SP ID="P8_SP00082" WIDTH="0" HPOS="0" VPOS="0" />
            <String ID="P8_S00094" HPOS="887" VPOS="1377" WIDTH="93" HEIGHT="57" STYLEREFS="StyleId-0" CONTENT="that" WC="0.825" CC="5100" />
            <SP ID="P8_SP00083" WIDTH="0" HPOS="0" VPOS="0" />
            <String ID="P8_S00095" HPOS="1013" VPOS="1375" WIDTH="205" HEIGHT="59" STYLEREFS="StyleId-0" CONTENT="occurred" WC="0.62" CC="577100000" />
            <SP ID="P8_SP00084" WIDTH="0" HPOS="0" VPOS="0" />
            <String ID="P8_S00096" HPOS="1253" VPOS="1374" WIDTH="148" HEIGHT="60" STYLEREFS="StyleId-0" CONTENT="before" WC="0.66" CC="603603" />
            <SP ID="P8_SP00085" WIDTH="0" HPOS="0" VPOS="0" />
            <String ID="P8_S00097" HPOS="1434" VPOS="1372" WIDTH="55" HEIGHT="62" STYLEREFS="StyleId-0" CONTENT="he" WC="0.225" CC="78" />
            <SP ID="P8_SP00086" WIDTH="0" HPOS="0" VPOS="0" />
            <String ID="P8_S00098" HPOS="1525" VPOS="1385" WIDTH="88" HEIGHT="49" STYLEREFS="StyleId-0" CONTENT="was" WC="0.56" CC="660" />
          </TextLine>
          <TextLine ID="P8_TL00013" HPOS="291" VPOS="1445" WIDTH="1319" HEIGHT="49">
            <String ID="P8_S00099" HPOS="291" VPOS="1451" WIDTH="107" HEIGHT="40" STYLEREFS="StyleId-0" CONTENT="born" WC="0.6125" CC="7701" />
            <SP ID="P8_SP00087" WIDTH="0" HPOS="0" VPOS="0" />
            <String ID="P8_S00100" HPOS="434" VPOS="1450" WIDTH="85" HEIGHT="41" STYLEREFS="StyleId-0" CONTENT="and" WC="1" CC="000" />
            <SP ID="P8_SP00088" WIDTH="0" HPOS="0" VPOS="0" />
            <String ID="P8_S00101" HPOS="553" VPOS="1446" WIDTH="188" HEIGHT="52" STYLEREFS="StyleId-0" CONTENT="possibly" WC="0.78875" CC="00002346" />
            <SP ID="P8_SP00089" WIDTH="0" HPOS="0" VPOS="0" />
            <String ID="P8_S00102" HPOS="775" VPOS="1446" WIDTH="147" HEIGHT="52" STYLEREFS="StyleId-0" CONTENT="before" WC="0.85" CC="003500" />
            <SP ID="P8_SP00090" WIDTH="0" HPOS="0" VPOS="0" />
            <String ID="P8_S00103" HPOS="955" VPOS="1445" WIDTH="64" HEIGHT="53" STYLEREFS="StyleId-0" CONTENT="his" WC="0.836666644" CC="220" />
            <SP ID="P8_SP00091" WIDTH="0" HPOS="0" VPOS="0" />
            <String ID="P8_S00104" HPOS="1055" VPOS="1441" WIDTH="281" HEIGHT="57" STYLEREFS="StyleId-0" CONTENT="grandfather" WC="0.83" CC="100000100700" />
            <SP ID="P8_SP00092" WIDTH="0" HPOS="0" VPOS="0" />
            <String ID="P8_S00105" HPOS="1369" VPOS="1455" WIDTH="88" HEIGHT="43" STYLEREFS="StyleId-0" CONTENT="was" WC="1" CC="000" />
            <SP ID="P8_SP00093" WIDTH="0" HPOS="0" VPOS="0" />
            <String ID="P8_S00106" HPOS="1491" VPOS="1441" WIDTH="119" HEIGHT="57" STYLEREFS="StyleId-0" CONTENT="born." WC="0.572" CC="48043" />
          </TextLine>
          <TextLine ID="P8_TL00014" HPOS="288" VPOS="1512" WIDTH="1326" HEIGHT="49">
            <String ID="P8_S00107" HPOS="288" VPOS="1517" WIDTH="41" HEIGHT="40" STYLEREFS="StyleId-0" CONTENT="It" WC="0.775" CC="40" />
            <SP ID="P8_SP00094" WIDTH="0" HPOS="0" VPOS="0" />
            <String ID="P8_S00108" HPOS="360" VPOS="1516" WIDTH="215" HEIGHT="41" STYLEREFS="StyleId-0" CONTENT="embraces" WC="1" CC="00000000" />
            <SP ID="P8_SP00095" WIDTH="0" HPOS="0" VPOS="0" />
            <String ID="P8_S00109" HPOS="604" VPOS="1511" WIDTH="292" HEIGHT="53" STYLEREFS="StyleId-0" CONTENT="biographical" WC="0.615" CC="50101052065000" />
            <SP ID="P8_SP00096" WIDTH="0" HPOS="0" VPOS="0" />
            <String ID="P8_S00110" HPOS="926" VPOS="1511" WIDTH="191" HEIGHT="53" STYLEREFS="StyleId-0" CONTENT="sketches" WC="0.90375" CC="00070000" />
            <SP ID="P8_SP00097" WIDTH="0" HPOS="0" VPOS="0" />
            <String ID="P8_S00111" HPOS="1149" VPOS="1509" WIDTH="48" HEIGHT="55" STYLEREFS="StyleId-0" CONTENT="of" WC="0.435" CC="74" />
            <SP ID="P8_SP00098" WIDTH="0" HPOS="0" VPOS="0" />
            <String ID="P8_S00112" HPOS="1228" VPOS="1508" WIDTH="103" HEIGHT="56" STYLEREFS="StyleId-0" CONTENT="such" WC="0.89" CC="0004" />
            <SP ID="P8_SP00099" WIDTH="0" HPOS="0" VPOS="0" />
            <String ID="P8_S00113" HPOS="1361" VPOS="1521" WIDTH="176" HEIGHT="43" STYLEREFS="StyleId-0" CONTENT="persons" WC="0.857142866" CC="00001000" />
            <SP ID="P8_SP00100" WIDTH="0" HPOS="0" VPOS="0" />
            <String ID="P8_S00114" HPOS="1568" VPOS="1520" WIDTH="46" HEIGHT="44" STYLEREFS="StyleId-0" CONTENT="as" WC="0.775" CC="40" />
          </TextLine>
          <TextLine ID="P8_TL00015" HPOS="287" VPOS="1578" WIDTH="1330" HEIGHT="52">
            <String ID="P8_S00115" HPOS="287" VPOS="1598" WIDTH="113" HEIGHT="27" STYLEREFS="StyleId-0" CONTENT="were" WC="1" CC="0000" />
            <SP ID="P8_SP00101" WIDTH="0" HPOS="0" VPOS="0" />
            <String ID="P8_S00116" HPOS="428" VPOS="1580" WIDTH="288" HEIGHT="55" STYLEREFS="StyleId-0" CONTENT="prominently" WC="0.8118182" CC="00806000050" />
            <SP ID="P8_SP00102" WIDTH="0" HPOS="0" VPOS="0" />
            <String ID="P8_S00117" HPOS="744" VPOS="1580" WIDTH="231" HEIGHT="55" STYLEREFS="StyleId-0" CONTENT="connected" WC="1" CC="000000000" />
            <SP ID="P8_SP00103" WIDTH="0" HPOS="0" VPOS="0" />
            <String ID="P8_S00118" HPOS="1003" VPOS="1576" WIDTH="103" HEIGHT="59" STYLEREFS="StyleId-0" CONTENT="with" WC="0.91" CC="0300" />
            <SP ID="P8_SP00104" WIDTH="0" HPOS="0" VPOS="0" />
            <String ID="P8_S00119" HPOS="1134" VPOS="1576" WIDTH="72" HEIGHT="59" STYLEREFS="StyleId-0" CONTENT="the" WC="0.7733333" CC="060" />
            <SP ID="P8_SP00105" WIDTH="0" HPOS="0" VPOS="0" />
            <String ID="P8_S00120" HPOS="1233" VPOS="1576" WIDTH="173" HEIGHT="59" STYLEREFS="StyleId-0" CONTENT="pioneer" WC="0.9442857" CC="0300000" />
            <SP ID="P8_SP00106" WIDTH="0" HPOS="0" VPOS="0" />
            <String ID="P8_S00121" HPOS="1435" VPOS="1576" WIDTH="106" HEIGHT="59" STYLEREFS="StyleId-0" CONTENT="days'" WC="0.91" CC="00004" />
            <SP ID="P8_SP00107" WIDTH="0" HPOS="0" VPOS="0" />
            <String ID="P8_S00122" HPOS="1568" VPOS="1573" WIDTH="48" HEIGHT="62" STYLEREFS="StyleId-0" CONTENT="of" WC="0.84" CC="03" />
          </TextLine>
          <TextLine ID="P8_TL00016" HPOS="287" VPOS="1648" WIDTH="778" HEIGHT="40">
            <String ID="P8_S00123" HPOS="287" VPOS="1651" WIDTH="181" HEIGHT="40" STYLEREFS="StyleId-0" CONTENT="African" WC="0.948571444" CC="0003000" />
            <SP ID="P8_SP00108" WIDTH="0" HPOS="0" VPOS="0" />
            <String ID="P8_S00124" HPOS="495" VPOS="1647" WIDTH="263" HEIGHT="44" STYLEREFS="StyleId-0" CONTENT="Methodism" WC="0.6933333" CC="0007107200" />
            <SP ID="P8_SP00109" WIDTH="0" HPOS="0" VPOS="0" />
            <String ID="P8_S00125" HPOS="779" VPOS="1647" WIDTH="43" HEIGHT="44" STYLEREFS="StyleId-0" CONTENT="in" WC="0.53" CC="26" />
            <SP ID="P8_SP00110" WIDTH="0" HPOS="0" VPOS="0" />
            <String ID="P8_S00126" HPOS="844" VPOS="1646" WIDTH="221" HEIGHT="45" STYLEREFS="StyleId-0" CONTENT="Alabama." WC="0.78625" CC="01463000" />
          </TextLine>
          <TextLine ID="P8_TL00017" HPOS="345" VPOS="1714" WIDTH="1271" HEIGHT="48">
            <String ID="P8_S00127" HPOS="345" VPOS="1718" WIDTH="105" HEIGHT="40" STYLEREFS="StyleId-0" CONTENT="Rev." WC="0.8925" CC="0004" />
            <SP ID="P8_SP00111" WIDTH="0" HPOS="0" VPOS="0" />
            <String ID="P8_S00128" HPOS="476" VPOS="1717" WIDTH="71" HEIGHT="41" STYLEREFS="StyleId-0" CONTENT="W." WC="1" CC="00" />
            <SP ID="P8_SP00112" WIDTH="0" HPOS="0" VPOS="0" />
            <String ID="P8_S00129" HPOS="576" VPOS="1716" WIDTH="57" HEIGHT="42" STYLEREFS="StyleId-0" CONTENT="H." WC="0.815" CC="21" />
            <SP ID="P8_SP00113" WIDTH="0" HPOS="0" VPOS="0" />
            <String ID="P8_S00130" HPOS="662" VPOS="1714" WIDTH="167" HEIGHT="49" STYLEREFS="StyleId-0" CONTENT="Mixon," WC="0.825" CC="030304" />
            <SP ID="P8_SP00114" WIDTH="0" HPOS="0" VPOS="0" />
            <String ID="P8_S00131" HPOS="856" VPOS="1714" WIDTH="53" HEIGHT="49" STYLEREFS="StyleId-0" CONTENT="D." WC="1" CC="00" />
            <SP ID="P8_SP00115" WIDTH="0" HPOS="0" VPOS="0" />
            <String ID="P8_S00132" HPOS="937" VPOS="1713" WIDTH="68" HEIGHT="50" STYLEREFS="StyleId-0" CONTENT="D.," WC="0.69" CC="521" />
            <SP ID="P8_SP00116" WIDTH="0" HPOS="0" VPOS="0" />
            <String ID="P8_S00133" HPOS="1030" VPOS="1719" WIDTH="75" HEIGHT="44" STYLEREFS="StyleId-0" CONTENT="not" WC="1" CC="000" />
            <SP ID="P8_SP00117" WIDTH="0" HPOS="0" VPOS="0" />
            <String ID="P8_S00134" HPOS="1130" VPOS="1711" WIDTH="98" HEIGHT="52" STYLEREFS="StyleId-0" CONTENT="only" WC="0.6775" CC="0750" />
            <SP ID="P8_SP00118" WIDTH="0" HPOS="0" VPOS="0" />
            <String ID="P8_S00135" HPOS="1252" VPOS="1717" WIDTH="98" HEIGHT="46" STYLEREFS="StyleId-0" CONTENT="puts" WC="0.9425" CC="0020" />
            <SP ID="P8_SP00119" WIDTH="0" HPOS="0" VPOS="0" />
            <String ID="P8_S00136" HPOS="1374" VPOS="1711" WIDTH="73" HEIGHT="52" STYLEREFS="StyleId-0" CONTENT="the" WC="0.7266667" CC="160" />
            <SP ID="P8_SP00120" WIDTH="0" HPOS="0" VPOS="0" />
            <String ID="P8_S00137" HPOS="1470" VPOS="1709" WIDTH="146" HEIGHT="54" STYLEREFS="StyleId-0" CONTENT="minis¬" WC="0.748333335" CC="060503" />
          </TextLine>
          <TextLine ID="P8_TL00018" HPOS="286" VPOS="1781" WIDTH="1332" HEIGHT="48">
            <String ID="P8_S00138" HPOS="286" VPOS="1793" WIDTH="87" HEIGHT="33" STYLEREFS="StyleId-0" CONTENT="ters" WC="1" CC="0000" />
            <SP ID="P8_SP00121" WIDTH="0" HPOS="0" VPOS="0" />
            <String ID="P8_S00139" HPOS="401" VPOS="1785" WIDTH="48" HEIGHT="41" STYLEREFS="StyleId-0" CONTENT="of" WC="0.945" CC="01" />
            <SP ID="P8_SP00122" WIDTH="0" HPOS="0" VPOS="0" />
            <String ID="P8_S00140" HPOS="476" VPOS="1783" WIDTH="72" HEIGHT="43" STYLEREFS="StyleId-0" CONTENT="the" WC="1" CC="000" />
            <SP ID="P8_SP00123" WIDTH="0" HPOS="0" VPOS="0" />
            <String ID="P8_S00141" HPOS="575" VPOS="1782" WIDTH="210" HEIGHT="44" STYLEREFS="StyleId-0" CONTENT="Alabama" WC="0.812857151" CC="0300090" />
            <SP ID="P8_SP00124" WIDTH="0" HPOS="0" VPOS="0" />
            <String ID="P8_S00142" HPOS="813" VPOS="1780" WIDTH="285" HEIGHT="46" STYLEREFS="StyleId-0" CONTENT="Conferences" WC="0.7427273" CC="500303010700" />
            <SP ID="P8_SP00125" WIDTH="0" HPOS="0" VPOS="0" />
            <String ID="P8_S00143" HPOS="1127" VPOS="1779" WIDTH="135" HEIGHT="47" STYLEREFS="StyleId-0" CONTENT="under" WC="0.95" CC="00002" />
            <SP ID="P8_SP00126" WIDTH="0" HPOS="0" VPOS="0" />
            <String ID="P8_S00144" HPOS="1290" VPOS="1777" WIDTH="254" HEIGHT="52" STYLEREFS="StyleId-0" CONTENT="obligations" WC="0.7754545" CC="03240002470" />
            <SP ID="P8_SP00127" WIDTH="0" HPOS="0" VPOS="0" />
            <String ID="P8_S00145" HPOS="1574" VPOS="1783" WIDTH="44" HEIGHT="46" STYLEREFS="StyleId-0" CONTENT="to" WC="0.6" CC="70" />
          </TextLine>
          <TextLine ID="P8_TL00019" HPOS="287" VPOS="1848" WIDTH="1330" HEIGHT="50">
            <String ID="P8_S00146" HPOS="287" VPOS="1852" WIDTH="104" HEIGHT="49" STYLEREFS="StyleId-0" CONTENT="him," WC="0.6025" CC="7503" />
            <SP ID="P8_SP00128" WIDTH="0" HPOS="0" VPOS="0" />
            <String ID="P8_S00147" HPOS="415" VPOS="1852" WIDTH="76" HEIGHT="49" STYLEREFS="StyleId-0" CONTENT="but" WC="0.63" CC="550" />
            <SP ID="P8_SP00129" WIDTH="0" HPOS="0" VPOS="0" />
            <String ID="P8_S00148" HPOS="512" VPOS="1850" WIDTH="72" HEIGHT="51" STYLEREFS="StyleId-0" CONTENT="the" WC="0.7733333" CC="060" />
            <SP ID="P8_SP00130" WIDTH="0" HPOS="0" VPOS="0" />
            <String ID="P8_S00149" HPOS="605" VPOS="1850" WIDTH="68" HEIGHT="52" STYLEREFS="StyleId-0" CONTENT="lay" WC="0.933333337" CC="200" />
            <SP ID="P8_SP00131" WIDTH="0" HPOS="0" VPOS="0" />
            <String ID="P8_S00150" HPOS="695" VPOS="1848" WIDTH="209" HEIGHT="54" STYLEREFS="StyleId-0" CONTENT="members" WC="0.9014286" CC="0006000" />
            <SP ID="P8_SP00132" WIDTH="0" HPOS="0" VPOS="0" />
            <String ID="P8_S00151" HPOS="926" VPOS="1846" WIDTH="48" HEIGHT="56" STYLEREFS="StyleId-0" CONTENT="of" WC="0.59" CC="43" />
            <SP ID="P8_SP00133" WIDTH="0" HPOS="0" VPOS="0" />
            <String ID="P8_S00152" HPOS="995" VPOS="1847" WIDTH="72" HEIGHT="55" STYLEREFS="StyleId-0" CONTENT="the" WC="0.88" CC="030" />
            <SP ID="P8_SP00134" WIDTH="0" HPOS="0" VPOS="0" />
            <String ID="P8_S00153" HPOS="1088" VPOS="1859" WIDTH="128" HEIGHT="43" STYLEREFS="StyleId-0" CONTENT="same," WC="0.998" CC="00000" />
            <SP ID="P8_SP00135" WIDTH="0" HPOS="0" VPOS="0" />
            <String ID="P8_S00154" HPOS="1239" VPOS="1845" WIDTH="96" HEIGHT="57" STYLEREFS="StyleId-0" CONTENT="and," WC="0.9825" CC="0000" />
            <SP ID="P8_SP00136" WIDTH="0" HPOS="0" VPOS="0" />
            <String ID="P8_S00155" HPOS="1359" VPOS="1844" WIDTH="165" HEIGHT="58" STYLEREFS="StyleId-0" CONTENT="indeed," WC="0.8971428" CC="5000200" />
            <SP ID="P8_SP00137" WIDTH="0" HPOS="0" VPOS="0" />
            <String ID="P8_S00156" HPOS="1545" VPOS="1843" WIDTH="72" HEIGHT="59" STYLEREFS="StyleId-0" CONTENT="the" WC="0.683333337" CC="360" />
          </TextLine>
          <TextLine ID="P8_TL00020" HPOS="291" VPOS="1915" WIDTH="1327" HEIGHT="47">
            <String ID="P8_S00157" HPOS="291" VPOS="1920" WIDTH="135" HEIGHT="40" STYLEREFS="StyleId-0" CONTENT="entire" WC="0.896666646" CC="000230" />
            <SP ID="P8_SP00138" WIDTH="0" HPOS="0" VPOS="0" />
            <String ID="P8_S00158" HPOS="454" VPOS="1915" WIDTH="286" HEIGHT="49" STYLEREFS="StyleId-0" CONTENT="Connection;" WC="0.6781818" CC="170000037105" />
            <SP ID="P8_SP00139" WIDTH="0" HPOS="0" VPOS="0" />
            <String ID="P8_S00159" HPOS="770" VPOS="1915" WIDTH="70" HEIGHT="49" STYLEREFS="StyleId-0" CONTENT="for" WC="0.973333359" CC="000" />
            <SP ID="P8_SP00140" WIDTH="0" HPOS="0" VPOS="0" />
            <String ID="P8_S00160" HPOS="864" VPOS="1915" WIDTH="56" HEIGHT="49" STYLEREFS="StyleId-0" CONTENT="he" WC="0.405" CC="74" />
            <SP ID="P8_SP00141" WIDTH="0" HPOS="0" VPOS="0" />
            <String ID="P8_S00161" HPOS="946" VPOS="1912" WIDTH="87" HEIGHT="52" STYLEREFS="StyleId-0" CONTENT="will" WC="0.995" CC="0000" />
            <SP ID="P8_SP00142" WIDTH="0" HPOS="0" VPOS="0" />
            <String ID="P8_S00162" HPOS="1060" VPOS="1914" WIDTH="52" HEIGHT="50" STYLEREFS="StyleId-0" CONTENT="be" WC="0.72" CC="50" />
            <SP ID="P8_SP00143" WIDTH="0" HPOS="0" VPOS="0" />
            <String ID="P8_S00163" HPOS="1139" VPOS="1912" WIDTH="192" HEIGHT="52" STYLEREFS="StyleId-0" CONTENT="referred" WC="0.94" CC="30100000" />
            <SP ID="P8_SP00144" WIDTH="0" HPOS="0" VPOS="0" />
            <String ID="P8_S00164" HPOS="1357" VPOS="1918" WIDTH="47" HEIGHT="46" STYLEREFS="StyleId-0" CONTENT="to" WC="0.515" CC="09" />
            <SP ID="P8_SP00145" WIDTH="0" HPOS="0" VPOS="0" />
            <String ID="P8_S00165" HPOS="1429" VPOS="1911" WIDTH="189" HEIGHT="53" STYLEREFS="StyleId-0" CONTENT="through" WC="0.748571455" CC="0600505" />
          </TextLine>
          <TextLine ID="P8_TL00021" HPOS="290" VPOS="1981" WIDTH="1329" HEIGHT="50">
            <String ID="P8_S00166" HPOS="290" VPOS="2000" WIDTH="82" HEIGHT="26" STYLEREFS="StyleId-0" CONTENT="our" WC="0.81" CC="500" />
            <SP ID="P8_SP00146" WIDTH="0" HPOS="0" VPOS="0" />
            <String ID="P8_S00167" HPOS="402" VPOS="1985" WIDTH="204" HEIGHT="50" STYLEREFS="StyleId-0" CONTENT="religious" WC="0.845555544" CC="004306000" />
            <SP ID="P8_SP00147" WIDTH="0" HPOS="0" VPOS="0" />
            <String ID="P8_S00168" HPOS="635" VPOS="1994" WIDTH="120" HEIGHT="41" STYLEREFS="StyleId-0" CONTENT="press" WC="0.68" CC="90006" />
            <SP ID="P8_SP00148" WIDTH="0" HPOS="0" VPOS="0" />
            <String ID="P8_S00169" HPOS="782" VPOS="1981" WIDTH="85" HEIGHT="54" STYLEREFS="StyleId-0" CONTENT="and" WC="0.9866667" CC="000" />
            <SP ID="P8_SP00149" WIDTH="0" HPOS="0" VPOS="0" />
            <String ID="P8_S00170" HPOS="897" VPOS="1980" WIDTH="114" HEIGHT="55" STYLEREFS="StyleId-0" CONTENT="from" WC="0.6675" CC="3091" />
            <SP ID="P8_SP00150" WIDTH="0" HPOS="0" VPOS="0" />
            <String ID="P8_S00171" HPOS="1040" VPOS="1978" WIDTH="72" HEIGHT="57" STYLEREFS="StyleId-0" CONTENT="the" WC="0.72" CC="071" />
            <SP ID="P8_SP00151" WIDTH="0" HPOS="0" VPOS="0" />
            <String ID="P8_S00172" HPOS="1139" VPOS="1979" WIDTH="157" HEIGHT="56" STYLEREFS="StyleId-0" CONTENT="pulpits" WC="0.78" CC="0540500" />
            <SP ID="P8_SP00152" WIDTH="0" HPOS="0" VPOS="0" />
            <String ID="P8_S00173" HPOS="1326" VPOS="1979" WIDTH="47" HEIGHT="56" STYLEREFS="StyleId-0" CONTENT="of" WC="0.4" CC="102" />
            <SP ID="P8_SP00153" WIDTH="0" HPOS="0" VPOS="0" />
            <String ID="P8_S00174" HPOS="1402" VPOS="1991" WIDTH="79" HEIGHT="44" STYLEREFS="StyleId-0" CONTENT="our" WC="0.8466667" CC="103" />
            <SP ID="P8_SP00154" WIDTH="0" HPOS="0" VPOS="0" />
            <String ID="P8_S00175" HPOS="1509" VPOS="1977" WIDTH="110" HEIGHT="58" STYLEREFS="StyleId-0" CONTENT="wide" WC="0.8725" CC="0500" />
          </TextLine>
          <TextLine ID="P8_TL00022" HPOS="293" VPOS="2047" WIDTH="1326" HEIGHT="52">
            <String ID="P8_S00176" HPOS="293" VPOS="2052" WIDTH="155" HEIGHT="52" STYLEREFS="StyleId-0" CONTENT="spread" WC="0.7133333" CC="404008" />
            <SP ID="P8_SP00155" WIDTH="0" HPOS="0" VPOS="0" />
            <String ID="P8_S00177" HPOS="481" VPOS="2047" WIDTH="161" HEIGHT="57" STYLEREFS="StyleId-0" CONTENT="church" WC="0.7316667" CC="060009" />
            <SP ID="P8_SP00156" WIDTH="0" HPOS="0" VPOS="0" />
            <String ID="P8_S00178" HPOS="674" VPOS="2061" WIDTH="47" HEIGHT="43" STYLEREFS="StyleId-0" CONTENT="as" WC="0.76" CC="40" />
            <SP ID="P8_SP00157" WIDTH="0" HPOS="0" VPOS="0" />
            <String ID="P8_S00179" HPOS="755" VPOS="2045" WIDTH="229" HEIGHT="59" STYLEREFS="StyleId-0" CONTENT="authority," WC="0.68" CC="4007702604" />
            <SP ID="P8_SP00158" WIDTH="0" HPOS="0" VPOS="0" />
            <String ID="P8_S00180" HPOS="1019" VPOS="2046" WIDTH="86" HEIGHT="58" STYLEREFS="StyleId-0" CONTENT="and" WC="0.293333322" CC="829" />
            <SP ID="P8_SP00159" WIDTH="0" HPOS="0" VPOS="0" />
            <String ID="P8_S00181" HPOS="1138" VPOS="2046" WIDTH="155" HEIGHT="58" STYLEREFS="StyleId-0" CONTENT="lauded" WC="0.586666644" CC="4006310" />
            <SP ID="P8_SP00160" WIDTH="0" HPOS="0" VPOS="0" />
            <String ID="P8_S00182" HPOS="1327" VPOS="2045" WIDTH="42" HEIGHT="59" STYLEREFS="StyleId-0" CONTENT="in" WC="0.32" CC="76" />
            <SP ID="P8_SP00161" WIDTH="0" HPOS="0" VPOS="0" />
            <String ID="P8_S00183" HPOS="1403" VPOS="2045" WIDTH="74" HEIGHT="59" STYLEREFS="StyleId-0" CONTENT="the" WC="0.8666667" CC="400" />
            <SP ID="P8_SP00162" WIDTH="0" HPOS="0" VPOS="0" />
            <String ID="P8_S00184" HPOS="1507" VPOS="2051" WIDTH="112" HEIGHT="53" STYLEREFS="StyleId-0" CONTENT="most" WC="0.63" CC="7060" />
          </TextLine>
          <TextLine ID="P8_TL00023" HPOS="290" VPOS="2115" WIDTH="1329" HEIGHT="50">
            <String ID="P8_S00185" HPOS="290" VPOS="2121" WIDTH="201" HEIGHT="49" STYLEREFS="StyleId-0" CONTENT="eloquent" WC="0.78125" CC="74050000" />
            <SP ID="P8_SP00163" WIDTH="0" HPOS="0" VPOS="0" />
            <String ID="P8_S00186" HPOS="511" VPOS="2116" WIDTH="85" HEIGHT="54" STYLEREFS="StyleId-0" CONTENT="and" WC="0.8" CC="060" />
            <SP ID="P8_SP00164" WIDTH="0" HPOS="0" VPOS="0" />
            <String ID="P8_S00187" HPOS="617" VPOS="2114" WIDTH="143" HEIGHT="56" STYLEREFS="StyleId-0" CONTENT="chaste" WC="0.686666667" CC="070262" />
            <SP ID="P8_SP00165" WIDTH="0" HPOS="0" VPOS="0" />
            <String ID="P8_S00188" HPOS="779" VPOS="2114" WIDTH="216" HEIGHT="56" STYLEREFS="StyleId-0" CONTENT="language" WC="0.78125" CC="000100070" />
            <SP ID="P8_SP00166" WIDTH="0" HPOS="0" VPOS="0" />
            <String ID="P8_S00189" HPOS="1013" VPOS="2113" WIDTH="91" HEIGHT="57" STYLEREFS="StyleId-0" CONTENT="that" WC="0.6525" CC="9400" />
            <SP ID="P8_SP00167" WIDTH="0" HPOS="0" VPOS="0" />
            <String ID="P8_S00190" HPOS="1124" VPOS="2120" WIDTH="161" HEIGHT="50" STYLEREFS="StyleId-0" CONTENT="tongue" WC="0.92" CC="004000" />
            <SP ID="P8_SP00168" WIDTH="0" HPOS="0" VPOS="0" />
            <String ID="P8_S00191" HPOS="1305" VPOS="2126" WIDTH="77" HEIGHT="44" STYLEREFS="StyleId-0" CONTENT="can" WC="1" CC="000" />
            <SP ID="P8_SP00169" WIDTH="0" HPOS="0" VPOS="0" />
            <String ID="P8_S00192" HPOS="1404" VPOS="2117" WIDTH="123" HEIGHT="53" STYLEREFS="StyleId-0" CONTENT="utter," WC="0.936666667" CC="000030" />
            <SP ID="P8_SP00170" WIDTH="0" HPOS="0" VPOS="0" />
            <String ID="P8_S00193" HPOS="1551" VPOS="2112" WIDTH="68" HEIGHT="58" STYLEREFS="StyleId-0" CONTENT="for" WC="0.476666659" CC="0105" />
          </TextLine>
          <TextLine ID="P8_TL00024" HPOS="294" VPOS="2182" WIDTH="1327" HEIGHT="50">
            <String ID="P8_S00194" HPOS="294" VPOS="2183" WIDTH="265" HEIGHT="54" STYLEREFS="StyleId-0" CONTENT="preserving," WC="0.894545436" CC="04000004300" />
            <SP ID="P8_SP00171" WIDTH="0" HPOS="0" VPOS="0" />
            <String ID="P8_S00195" HPOS="598" VPOS="2194" WIDTH="103" HEIGHT="43" STYLEREFS="StyleId-0" CONTENT="even" WC="0.945" CC="0002" />
            <SP ID="P8_SP00172" WIDTH="0" HPOS="0" VPOS="0" />
            <String ID="P8_S00196" HPOS="739" VPOS="2181" WIDTH="41" HEIGHT="56" STYLEREFS="StyleId-0" CONTENT="in" WC="0.89" CC="20" />
            <SP ID="P8_SP00173" WIDTH="0" HPOS="0" VPOS="0" />
            <String ID="P8_S00197" HPOS="818" VPOS="2179" WIDTH="283" HEIGHT="58" STYLEREFS="StyleId-0" CONTENT="paragraphic" WC="0.883636355" CC="00000300260" />
            <SP ID="P8_SP00174" WIDTH="0" HPOS="0" VPOS="0" />
            <String ID="P8_S00198" HPOS="1138" VPOS="2179" WIDTH="124" HEIGHT="58" STYLEREFS="StyleId-0" CONTENT="form," WC="0.95" CC="00002" />
            <SP ID="P8_SP00175" WIDTH="0" HPOS="0" VPOS="0" />
            <String ID="P8_S00199" HPOS="1301" VPOS="2192" WIDTH="127" HEIGHT="45" STYLEREFS="StyleId-0" CONTENT="many" WC="0.75" CC="10000" />
            <SP ID="P8_SP00176" WIDTH="0" HPOS="0" VPOS="0" />
            <String ID="P8_S00200" HPOS="1465" VPOS="2178" WIDTH="47" HEIGHT="59" STYLEREFS="StyleId-0" CONTENT="of" WC="1" CC="00" />
            <SP ID="P8_SP00177" WIDTH="0" HPOS="0" VPOS="0" />
            <String ID="P8_S00201" HPOS="1548" VPOS="2178" WIDTH="73" HEIGHT="59" STYLEREFS="StyleId-0" CONTENT="the" WC="0.853333354" CC="040" />
          </TextLine>
          <TextLine ID="P8_TL00025" HPOS="293" VPOS="2247" WIDTH="1330" HEIGHT="50">
            <String ID="P8_S00202" HPOS="293" VPOS="2251" WIDTH="177" HEIGHT="52" STYLEREFS="StyleId-0" CONTENT="sayings" WC="0.8585714" CC="0900000" />
            <SP ID="P8_SP00178" WIDTH="0" HPOS="0" VPOS="0" />
            <String ID="P8_S00203" HPOS="497" VPOS="2249" WIDTH="85" HEIGHT="54" STYLEREFS="StyleId-0" CONTENT="and" WC="0.75333333" CC="700" />
            <SP ID="P8_SP00179" WIDTH="0" HPOS="0" VPOS="0" />
            <String ID="P8_S00204" HPOS="609" VPOS="2246" WIDTH="134" HEIGHT="57" STYLEREFS="StyleId-0" CONTENT="doing" WC="0.64" CC="00719" />
            <SP ID="P8_SP00180" WIDTH="0" HPOS="0" VPOS="0" />
            <String ID="P8_S00205" HPOS="768" VPOS="2247" WIDTH="47" HEIGHT="56" STYLEREFS="StyleId-0" CONTENT="of" WC="0.915" CC="01" />
            <SP ID="P8_SP00181" WIDTH="0" HPOS="0" VPOS="0" />
            <String ID="P8_S00206" HPOS="841" VPOS="2245" WIDTH="114" HEIGHT="58" STYLEREFS="StyleId-0" CONTENT="what" WC="0.835" CC="0600" />
            <SP ID="P8_SP00182" WIDTH="0" HPOS="0" VPOS="0" />
            <String ID="P8_S00207" HPOS="981" VPOS="2246" WIDTH="86" HEIGHT="57" STYLEREFS="StyleId-0" CONTENT="will" WC="0.7475" CC="0054" />
            <SP ID="P8_SP00183" WIDTH="0" HPOS="0" VPOS="0" />
            <String ID="P8_S00208" HPOS="1093" VPOS="2246" WIDTH="99" HEIGHT="57" STYLEREFS="StyleId-0" CONTENT="then" WC="0.68" CC="0705" />
            <SP ID="P8_SP00184" WIDTH="0" HPOS="0" VPOS="0" />
            <String ID="P8_S00209" HPOS="1217" VPOS="2247" WIDTH="52" HEIGHT="56" STYLEREFS="StyleId-0" CONTENT="be" WC="0.15" CC="710" />
            <SP ID="P8_SP00185" WIDTH="0" HPOS="0" VPOS="0" />
            <String ID="P8_S00210" HPOS="1293" VPOS="2245" WIDTH="157" HEIGHT="58" STYLEREFS="StyleId-0" CONTENT="known" WC="0.924" CC="00300" />
            <SP ID="P8_SP00186" WIDTH="0" HPOS="0" VPOS="0" />
            <String ID="P8_S00211" HPOS="1476" VPOS="2257" WIDTH="46" HEIGHT="46" STYLEREFS="StyleId-0" CONTENT="as" WC="1" CC="00" />
            <SP ID="P8_SP00187" WIDTH="0" HPOS="0" VPOS="0" />
            <String ID="P8_S00212" HPOS="1548" VPOS="2245" WIDTH="74" HEIGHT="58" STYLEREFS="StyleId-0" CONTENT="the" WC="0.83" CC="050" />
          </TextLine>
          <TextLine ID="P8_TL00026" HPOS="950" VPOS="2311" WIDTH="24" HEIGHT="31">
            <String ID="P8_S00213" HPOS="950" VPOS="2311" WIDTH="24" HEIGHT="31" STYLEREFS="StyleId-1" CONTENT="7" WC="0.21" CC="7" />
          </TextLine>
        </TextBlock>
      </PrintSpace>
    </Page>
  </Layout>
</alto>