1900 2800
301 278 89 44 130

686 290 240 35 AFRICAN
960 291 325 37 METHODISM

357 400 104 41 Rev.
490 399 57 42 H.
574 399 53 42 D.
658 399 204 42 Crutcher
887 400 36 41 is
950 400 165 52 cutting
1140 414 25 38 a
1190 400 109 52 wide
1326 399 96 53 lane
1447 398 42 54 in
1519 395 103 57 Bes¬

300 479 148 27 semer.

358 533 103 41 Rev.
495 533 42 43 S.
568 531 48 45 T.
649 532 161 44 Groves
840 534 34 42 is
904 540 43 36 at
976 533 219 43 Rosedale.
1255 533 70 43 He
1353 530 78 46 has
1461 527 108 49 built
1597 537 26 39 a

298 600 272 50 magnificent
592 599 158 51 church
774 602 128 48 "over
923 599 71 51 the
1016 600 260 50 mountain."

356 666 102 40 Rev.
486 665 187 42 Richard
699 665 114 53 Gray
838 666 35 52 is
899 673 42 45 at
966 666 268 52 Woodlawn.
1294 664 41 54 A
1360 664 134 54 better
1521 671 98 47 man

298 732 101 41 than
425 731 130 43 Elder
579 731 114 53 Gray
716 734 34 50 is
774 739 75 45 not
872 732 42 52 in
938 746 78 38 our
1040 733 206 51 ministry.

355 800 104 41 Rev.
489 801 57 40 H.
575 800 184 52 Jackson
786 800 34 52 is
848 807 42 45 at
919 800 208 52 Irondale.
1187 800 71 52 He
1286 799 35 53 is
1350 797 135 55 doing
1512 794 108 58 well.

354 866 154 41 Gaines
535 867 320 48 Chapel—Rev.
884 866 49 49 G.
959 867 69 48 W.
1057 866 205 49 Mitchell,
1288 871 156 44 pastor.
1513 860 106 55 (See

299 932 182 48 sketch.)
547 933 69 47 He
645 933 34 47 is
708 947 26 33 a
761 933 137 50 gfand
927 944 111 39 man.

355 999 359 42 Sheffield—Rev.
740 1000 31 41 I.
797 996 48 45 T.
870 1000 187 47 Walker,
1080 1005 156 42 pastor.
1268 995 95 52 The
1384 996 145 51 writer
1551 1007 68 40 or¬

296 1065 180 50 ganized
502 1063 83 52 this
612 1063 158 52 church
798 1064 42 51 in
867 1079 23 36 a
916 1071 89 44 tent
1032 1063 124 52 while
1184 1063 118 52 Prof.
1331 1062 58 53 H.
1418 1060 201 55 Hopkins

296 1144 87 26 was
414 1129 199 52 teaching
642 1131 71 50 the
743 1129 84 53 city
858 1128 144 54 school
1034 1131 42 51 in
1107 1131 43 51 it.
1211 1129 83 53 We
1325 1128 160 54 started
1515 1125 104 57 with

296 1198 79 40 five
398 1198 207 40 members
627 1197 143 41 beside
791 1198 71 40 the
884 1204 156 45 pastor,
1066 1198 104 51 Rev.
1196 1197 58 52 H.
1279 1194 206 55 Johnson.

351 1264 104 41 Rev.
482 1264 191 41 William
700 1263 130 53 Craig
855 1265 34 51 is
915 1271 145 45 pastor
1084 1270 43 46 at
1152 1260 274 56 Tuscumbia.
1486 1263 72 53 He
1582 1277 35 39 is

294 1344 25 27 a
345 1330 94 41 firm
466 1331 227 40 character.

349 1398 103 41 Rev.
485 1397 48 42 G.
564 1398 52 41 D.
648 1398 221 41 Hamilton
900 1399 35 40 is
962 1405 145 45 pastor
1135 1405 42 45 at
1206 1398 99 52 Oak
1334 1397 151 53 Grove.
1545 1399 71 51 He

292 1465 76 41 has
390 1465 106 41 built
518 1479 24 27 a
563 1472 121 46 great
706 1478 127 40 many
855 1465 205 53 churches
1083 1466 42 52 in
1148 1464 70 54 the
1242 1466 128 52 State.

349 1533 102 40 Rev.
486 1532 48 42 G.
568 1533 69 41 W.
671 1531 126 43 Todd
828 1534 34 40 is
894 1539 42 35 at
968 1533 258 41 Huntsville.
1286 1534 71 41 He
1388 1535 33 40 is
1454 1548 81 28 one
1564 1535 47 41 of

291 1614 79 26 our
402 1601 90 39 best
524 1601 84 40 and
642 1607 184 45 greatest
858 1614 148 39 young
1037 1607 178 46 pastors.

346 1667 104 40 Rev.
480 1667 52 41 N.
561 1668 50 40 R.
641 1664 198 56 Fielding
863 1668 38 52 is'
922 1673 43 47 at
989 1668 206 52 Wlarrior.
1256 1669 70 51 He
1352 1670 34 50 is
1413 1681 26 39 a
1463 1676 150 46 strong

289 1746 110 26 man.

345 1800 103 41 Rev.
480 1801 46 40 B.
559 1798 46 43 F.
636 1801 144 40 Dixcn
810 1801 33 40 is
872 1808 42 34 at
944 1802 274 49 Montevallo,
1247 1804 85 47 and
1361 1803 33 48 is
1424 1805 133 52 doing
1582 1818 24 39 a

288 1868 114 52 good
428 1868 130 52 work.

344 1934 102 40 Rev.
471 1933 48 41 G.
543 1935 68 39 W.
638 1933 136 52 Sharp
796 1935 34 50 is
852 1934 132 52 doing
1003 1934 93 52 well
1118 1942 43 44 at
1182 1936 191 50 Aldrich.

344 2001 102 40 Rev.
479 2000 48 41 G.
558 2001 68 40 W.
659 2002 46 42 L.
750 1998 145 54 Talley
939 2002 34 50 is
1016 2002 336 54 accomplishing
1394 2005 127 51 much
1564 2016 43 40 at

287 2068 231 39 Brierfield.

342 2134 102 40 Rev.
477 2134 36 51 J.
548 2135 46 50 B.
626 2135 173 50 Denson
830 2135 34 50 is
895 2141 41 44 at
969 2134 239 51 Hargrove.
1270 2137 69 48 He
1371 2140 33 45 is
1435 2155 24 30 a
1488 2141 116 51 good

284 2215 110 26 man.

340 2268 102 40 Rev.
474 2268 121 51 Ben].
627 2267 334 52 Gholston—my
988 2268 191 51 spiritual
1209 2269 392 55 father—baptized

282 2347 78 26 me.
421 2334 69 40 He
514 2334 35 40 is
576 2334 131 51 doing
730 2335 113 50 good
868 2334 172 51 mission
1066 2335 130 50 work.

338 2401 101 40 Rev.
469 2400 44 41 C.
542 2401 47 40 B.
616 2401 158 52 Handy
799 2401 33 52 is
857 2408 42 45 at
925 2400 294 53 Guntersville.
1280 2404 69 49 He
1375 2406 33 47 is
1435 2421 24 32 a
1484 2411 113 48 good

281 2467 167 40 teacher
469 2481 45 26 as
536 2467 93 40 well
651 2482 45 26 as
718 2467 211 52 preacher.
