1900 2800
761 274 60 40 IN
854 275 287 43 AtABAMA.

1555 266 60 49 49

347 407 64 31 22.
473 396 208 54 "History
708 398 48 52 of
783 397 211 53 Alabama
1021 397 302 53 Conference,"
1353 398 138 52 Lewis
1521 399 89 51 Hil-

292 465 101 51 lery.

346 545 64 39 23.
471 532 180 52 History
677 532 47 52 of
751 532 101 52 each
879 531 288 53 District—by
1196 531 226 53 Presiding
1448 529 162 55 Elders.

347 613 64 38 24.
471 600 180 52 History
674 599 47 53 of
746 600 102 52 each
876 598 177 54 Station,
1080 598 161 54 Circuit
1265 599 83 53 and
1376 598 235 54 Mission—

294 670 184 40 Pastors.

346 744 93 43 The
468 745 222 53 following
718 745 196 53 brethren
944 757 110 41 were
1084 743 221 55 requested
1333 749 44 49 to
1407 742 120 56 write
1555 755 55 43 on

294 815 131 40 either
460 813 47 42 of
544 812 73 43 the
652 813 132 42 above
823 811 209 53 subjects:
1093 809 172 55 Samuel
1304 810 103 54 Hill,
1448 809 161 55 Nelson

294 883 162 47 Moore,
485 879 117 51 Elias
630 879 147 51 Davis,
806 877 131 53 Theo.
966 878 197 53 Judkins,
1193 878 62 53 M.
1287 878 61 53 M.
1380 878 145 53 Mayo,
1555 874 54 57 D.

293 950 40 40 A
363 949 153 49 Curtis,
546 946 49 52 T.
627 949 57 49 H.
714 948 188 50 Winsor,
933 947 50 51 R.
1015 945 220 53 Emanuel,
1266 944 49 54 G.
1346 945 69 53 W.
1448 944 157 54 Boone,

294 1017 110 53 John
441 1016 232 54 Robinson,
711 1015 68 55 W.
820 1014 43 56 S.
900 1014 69 56 W.
1010 1013 221 57 Sherman,
1268 1012 51 58 R.
1357 1012 51 58 R.
1448 1010 160 60 Butler,

296 1084 150 51 Henry
486 1082 183 53 Hunter,
708 1081 39 54 J.
790 1078 200 57 Thomas,
1034 1080 160 55 Nelson
1238 1078 246 57 Chambers,
1525 1078 82 57 Job

291 1151 96 52 Jett,
419 1149 125 54 Noah
573 1149 232 54 Davidson,
834 1149 47 54 L.
914 1147 148 56 Steele,
1093 1147 133 56 Berry
1253 1147 197 56 Jackson,
1483 1146 125 57 Noah

297 1218 229 48 Summers,
559 1216 168 50 Gabriel
759 1215 220 51 Gholston,
1012 1214 47 52 L.
1092 1214 300 52 Washington,
1426 1213 32 53 I.
1494 1214 113 52 Mot¬

293 1286 77 51 ley,
405 1283 49 54 G.
489 1282 216 55 Eubanks,
737 1283 39 54 J.
812 1282 262 55 Mahogany,
1109 1281 52 56 R.
1196 1281 175 56 Person,
1406 1278 48 59 F.
1488 1280 119 57 Artis

293 1352 82 40 and
401 1352 47 43 L.
477 1351 137 44 Miles.

347 1428 159 53 Bishop
549 1428 217 53 Campbell
805 1427 98 54 held
943 1428 72 53 the
1055 1427 154 54 second
1251 1426 159 55 session
1452 1424 47 57 of
1538 1424 70 57 the

293 1497 140 40 North
463 1497 209 40 Alabama
704 1495 265 42 Conference
999 1501 43 36 at
1074 1493 258 48 Huntsville,
1364 1491 109 50 Ala.,
1506 1491 100 50 Dec.

296 1575 60 36 10,
386 1563 115 52 1879.
561 1563 104 52 Rev.
690 1562 38 53 J.
757 1563 61 52 M.
845 1561 202 54 Goodloe,
1072 1561 71 54 the
1167 1566 156 49 pastor,
1349 1571 118 44 came
1489 1565 48 50 to
1559 1571 49 44 us

293 1630 111 40 from
424 1629 72 42 the
516 1630 60 41 M.
599 1627 50 44 E.
673 1629 170 42 Church
865 1628 84 43 and
968 1627 188 52 through
1174 1625 67 54 his
1262 1632 119 47 great
1402 1625 206 54 influence

292 1712 78 26 our
390 1698 161 40 church
575 1704 70 34 cut
669 1711 25 27 a
716 1696 109 42 wide
848 1697 96 41 lane
966 1695 113 43 from
1106 1694 119 48 Iuka,
1252 1693 136 49 Miss.,
1412 1699 46 43 to
1480 1691 128 51 Chat¬

291 1772 197 44 tanooga,
521 1761 134 55 Tenn.

348 1831 173 41 Charles
547 1830 49 43 L.
622 1829 155 44 Harris
803 1842 86 31 was
915 1828 222 45 re-elected
1165 1825 232 51 Secretary.
1457 1824 39 52 It
1522 1834 87 42 was

296 1905 42 33 at
364 1897 83 41 this
475 1896 266 42 Conference
765 1895 92 43 that
882 1894 71 44 the
980 1894 141 44 writer
1148 1894 47 44 of
1221 1892 83 46 this
1329 1890 164 52 history
1520 1903 87 39 was

292 1964 216 40 admitted.
568 1960 93 44 The
697 1962 242 42 committee
973 1960 227 51 composed
1238 1959 46 52 of
1321 1957 103 54 Rev.
1465 1953 46 58 F.
1551 1955 56 56 H.

296 2030 150 48 Smith,
472 2030 253 48 Chairman';
748 2029 71 49 W.
844 2028 52 50 D.
923 2028 187 50 Morton,
1134 2026 38 52 J.
1198 2026 61 52 M.
1286 2022 200 56 Goodloe,
1513 2023 95 55 sub¬

294 2108 148 41 mitted
470 2107 72 42 the
571 2104 245 52 following:

296 2172 61 43 To
386 2175 68 40 the
480 2172 162 52 Bishop
670 2172 85 52 and
783 2169 283 55 Conference:

348 2241 123 40 Your
498 2239 253 42 Committee
776 2251 57 30 on
858 2235 247 46 Admission
1132 2234 82 50 beg
1238 2233 119 51 leave
1382 2237 45 47 to
1453 2244 158 40 recom¬

294 2309 126 40 mend
447 2308 92 41 that
566 2306 53 43 A.
648 2307 38 50 J.
716 2304 232 53 Henshaw,
977 2301 151 56 Henry
1158 2298 225 59 Manning,
1411 2296 200 61 Winfield

299 2376 137 40 Henri
464 2374 168 48 Mixon,
660 2370 180 52 General
866 2370 163 52 Dancy,
1056 2365 140 57 Wiley
1225 2365 103 57 May
1354 2364 83 58 and
1463 2364 68 58 W.
1559 2362 50 60 E.

295 2438 148 43 Foster
469 2440 52 41 be
545 2437 206 44 admitted
777 2448 53 33 on
856 2433 109 48 trial.

382 2506 20 30 4
