1934 2823
315 293 86 45 168

704 312 246 36 AFRICAN
977 317 323 34 METHODISM

311 421 75 41 her
410 433 175 41 support
609 442 122 37 every
756 430 124 49 white
903 445 98 34 man
1026 435 40 44 in
1090 435 69 44 the
1182 435 168 44 nation;
1375 433 74 46 but
1474 430 156 49 who—

310 489 97 41 who
427 491 83 40 will
530 506 58 37 go
606 501 44 42 to
667 496 70 47 the
756 499 229 44 assistance
1003 500 46 43 of
1070 515 25 28 a
1113 501 120 42 black
1254 512 167 31 woman
1437 497 41 46 ?"

366 554 118 43 Once
513 572 117 29 more
659 560 53 43 he
741 575 116 29 came
886 565 106 41 back
1022 573 43 34 to
1095 581 53 26 an
1179 565 149 50 appeal
1361 565 68 50 for
1460 563 166 52 justice.

312 618 163 46 ''There
509 625 32 39 is
576 627 72 39 but
682 641 78 27 one
793 631 242 48 standard,"
1069 632 54 47 he
1155 631 103 48 said,
1295 631 80 48 "by
1409 629 140 50 which
1582 635 45 44 to

307 687 134 52 judge
470 702 22 37 a
521 704 108 35 man.
691 693 69 46 He
788 695 32 44 is
851 711 24 28 a
902 697 190 50 superior
1120 710 97 37 man
1247 697 98 50 who
1375 696 98 51 does
1504 710 24 37 a
1557 710 60 37 su¬

307 754 138 47 perior
474 757 122 50 thing
625 765 45 42 to
698 761 127 47 uplift
855 763 243 45 mankind."
1158 761 91 47 The
1279 777 99 31 man
1409 762 98 46 who
1538 762 86 46 will

306 820 88 40 rule
418 821 71 41 the
513 823 143 42 future
679 826 83 40 will
787 835 72 33 not
883 830 50 39 be
956 844 24 26 a
1003 830 128 41 white
1154 843 109 34 man,
1290 830 54 47 he
1367 830 84 47 will
1473 836 76 41 not
1572 831 50 46 be

304 898 24 26 a
351 885 121 41 black
496 902 110 31 man,
632 891 52 42 he
709 892 84 41 will
817 901 74 33 not
915 895 49 41 be
989 912 25 26 a
1037 896 150 49 yellow
1213 909 122 36 man;
1360 895 76 50 but
1460 895 54 50 he
1538 896 84 49 will

304 949 48 41 be
379 951 70 41 the
475 967 98 27 man
601 955 98 41 who
724 957 118 50 gives
869 964 47 43 to>
939 961 70 46 the
1037 962 136 45 world
1200 961 70 46 the
1297 961 92 46 best
1417 962 204 45 educated

304 1019 190 49 muscles,
534 1020 69 48 the
639 1022 91 46 best
768 1026 203 42 educated
1008 1027 131 49 brain,
1180 1029 72 47 the
1287 1029 91 47 best
1416 1029 203 47 educated

301 1082 227 43 character.
590 1086 105 43 Give
724 1089 69 41 the
824 1092 121 40 black
974 1107 96 27 man
1104 1108 25 28 a
1159 1093 169 43 chance.
1388 1095 130 42 Draw
1550 1096 70 43 the

300 1162 94 29 race
437 1151 104 41 lines
587 1153 156 51 tighter
788 1158 182 51 socially.
1032 1160 193 52 "Shinny
1271 1175 54 37 on
1370 1176 106 36 }rour
1522 1178 96 34 own

298 1216 130 45 side,"
452 1216 152 45 should
627 1220 50 41 be
699 1221 71 41 the
792 1229 136 36 motto
949 1227 47 39 of
1018 1227 101 41 both
1144 1241 127 27 races.
1319 1230 84 41 But
1427 1232 96 49 give
1546 1233 70 48 the

300 1280 148 52 Negro
467 1284 153 50 justice
641 1286 147 48 before
808 1289 72 45 the
901 1291 92 43 law.
1056 1292 105 42 Give
1183 1293 88 41 him
1295 1311 24 25 a
1341 1297 166 49 chance,
1532 1298 83 48 and

298 1348 53 40 let
380 1347 86 43 him
495 1352 122 40 stand
645 1367 47 26 or
721 1353 75 42 fall
823 1370 53 27 on
905 1356 64 42 his
997 1360 158 48 merits,
1185 1361 179 47 without
1391 1367 153 49 regard
1571 1373 45 43 to

297 1414 70 41 the
397 1417 112 39 color
539 1419 45 39 of
613 1418 71 42 the
712 1422 105 40 skin.

350 1482 59 40 At
431 1483 71 41 the
525 1487 242 41 conclusion
792 1489 45 41 of
861 1488 65 44 his
950 1493 155 42 lecture
1129 1497 220 50 yesterday
1375 1500 235 51 afternoon,

295 1547 117 41 Prof.
442 1549 191 43 Councill
658 1568 86 28 was
770 1559 266 42 surrounded
1061 1561 53 51 by
1137 1576 25 36 a
1182 1565 145 47 crowd
1353 1566 46 46 of
1426 1565 112 54 forty
1563 1582 46 37 or

292 1626 119 30 more
436 1630 94 27 men
557 1619 96 41 who
681 1621 68 40 for
774 1621 92 42 half
891 1639 52 26 an
969 1625 110 42 hour
1105 1643 109 27 were
1241 1633 259 42 entertained
1526 1636 84 41 and

291 1681 233 43 instructed
545 1685 55 49 by
620 1685 65 49 his
707 1689 87 45 talk
816 1693 257 50 concerning
1094 1696 70 47 the
1186 1697 212 46 condition
1424 1701 185 50 existing

291 1747 40 39 in
359 1746 71 43 the
457 1747 146 45 South.
665 1753 68 41 He
760 1755 33 41 is
820 1769 44 27 as
893 1757 248 55 interesting
1165 1763 64 49 off
1253 1777 45 35 as
1325 1779 53 33 on
1404 1765 73 47 the
1500 1768 106 52 plat¬

290 1813 113 42 form
419 1830 6 33 ;
450 1818 82 45 and
555 1818 113 45 what
690 1819 34 44 is
747 1836 128 34 more,
899 1823 51 47 he
971 1826 35 44 is
1030 1829 239 43 consistent.

510 1959 126 42 SAM
667 1961 188 51 JONES
890 1967 129 45 AND
1055 1969 321 50 COUNCILL.

342 2047 62 41 Of
441 2048 116 41 Prof.
597 2049 225 45 Council's
858 2053 155 46 lecture
1049 2067 41 33 at
1125 2061 205 53 Allerton,
1367 2067 129 51 Iowa,
1531 2069 72 49 the

282 2116 330 47 correspondent
635 2118 48 45 of
705 2119 71 44 the
800 2120 169 43 Cordon
993 2124 228 45 Democrat
1245 2144 117 36 says:

338 2178 119 42 Prof.
483 2181 68 40 W.
578 2182 56 40 H.
663 2183 202 52 Councill,
891 2190 47 45 of
960 2188 70 47 the
1056 2192 177 43 Normal
1257 2198 84 39 and
1366 2199 232 46 Industrial

284 2241 152 44 School
464 2253 42 33 at
537 2246 188 52 Normal,
759 2251 215 53 Alabama,
1005 2259 149 46 speaks
1186 2260 111 45 from
1328 2265 267 46 observation

281 2309 84 39 and
396 2310 111 40 from
540 2315 257 50 experience,
828 2319 100 46 both
959 2321 145 44 before
1134 2327 83 38 and
1248 2328 113 41 since
1391 2330 72 42 the
1492 2349 100 29 war.

281 2374 123 41 Prior
425 2382 44 35 to
491 2378 70 40 the
583 2393 87 26 war
692 2381 52 40 he
766 2383 127 41 toiled
916 2400 43 26 as
984 2402 23 25 a
1031 2388 124 49 slave,
1180 2391 74 46 but
1278 2395 111 42 since
1412 2398 72 41 the
1505 2415 88 28 war

276 2437 53 40 he
359 2439 75 40 has
465 2442 109 40 risen
606 2444 162 52 rapidly
801 2448 110 48 from
942 2462 78 34 one
1050 2455 182 47 position
1263 2460 47 42 of
1340 2458 136 45 honor
1506 2469 83 39 and
