1932 2822
631 305 246 38 AFRICAN
922 312 353 38 METHODISM.
1530 312 86 44 199

289 410 166 52 charity
481 427 111 35 were
617 421 73 41 not
717 418 240 48 spasmodic
984 421 151 45 efforts
1159 424 82 42 like
1266 425 71 42 the
1363 429 179 51 rushing
1568 431 47 49 of

289 476 70 40 the
377 485 122 44 great
520 479 203 51 Niagara,
743 481 139 49 which
901 485 34 45 is
954 486 101 44 here
1071 489 54 41 all
1143 490 216 42 turbulent
1377 493 102 41 with
1500 508 115 28 roar¬

291 544 74 50 ing
391 558 153 36 waves,
572 547 83 47 and
681 548 119 46 there
825 551 114 48 quiet
966 554 83 45 and
1076 553 95 51 still,
1198 557 74 47 but
1298 558 84 46 like
1405 560 72 44 the
1500 561 114 51 quiet

290 611 84 39 and
394 618 195 35 constant
609 612 98 43 flow
728 616 47 40 of
793 616 72 41 the
884 618 143 49 gentle
1047 620 111 47 river
1179 622 124 45 down
1325 625 70 42 the
1415 627 199 42 channels

289 677 47 40 of
365 691 116 36 poor,
514 680 291 50 unfortunate,
837 683 213 53 suffering
1078 686 233 54 humanity.

800 779 305 37 EDITORIALLY.

329 842 71 42 He
418 844 155 42 moved
592 860 160 38 among
768 863 110 37 men,
898 864 160 39 among
1076 854 362 56 philanthropists,
1459 874 159 38 among

290 906 214 45 Christian
532 910 163 52 heroes,
723 914 102 48 with
853 931 25 31 a
903 918 143 51 manly
1075 919 204 53 learning,
1306 922 214 54 honoring
1546 927 70 49 the

288 975 144 42 school
469 977 140 42 which
647 981 202 43 moulded
886 984 65 41 his
989 985 274 55 scholarship,
1302 991 72 49 the
1410 992 207 48 Alabama

287 1041 277 54 Conference,
593 1046 140 49 which
759 1050 254 45 established
1037 1052 64 43 his
1129 1056 144 50 going,
1300 1059 84 47 and
1409 1058 70 48 the
1505 1057 110 49 Gen-

287 1110 86 39 ei'al
410 1109 267 45 Conference
711 1116 47 40 of
797 1116 116 49 1888,
949 1117 139 48 which
1123 1122 130 43 robed
1287 1123 87 42 him
1408 1125 102 41 with
1544 1125 71 42 the

287 1188 146 36 power
453 1184 46 40 to
520 1179 119 45 drive
659 1180 71 44 the
751 1184 103 48 quill
876 1185 91 47 into
986 1187 70 45 the
1077 1188 119 44 mind
1218 1189 46 43 of
1284 1191 180 41 nations.
1525 1190 91 46 The

288 1243 119 40 voice
437 1244 46 41 of
515 1245 61 41 M.
608 1245 49 45 E.
690 1248 175 51 Bryant,
894 1252 139 47 which
1063 1268 87 31 was
1179 1254 101 45 both
1310 1257 191 49 polished
1531 1261 83 45 and

289 1310 208 50 eloquent,
528 1314 85 46 and
640 1313 139 47 which
807 1331 86 29 was
924 1318 143 50 loudly
1096 1323 191 45 sounded
1317 1324 115 44 forth
1460 1340 54 28 on
1542 1328 70 41 the

289 1374 182 43 General
499 1378 265 45 Conference
788 1382 128 43 floors
942 1386 47 39 of
1017 1385 116 50 1888,
1159 1388 34 47 is
1218 1388 186 47 hushed!
1465 1392 38 43 It
1528 1393 84 42 will

288 1442 50 40 be
364 1443 133 41 heard
521 1458 58 27 no
603 1460 119 28 more
746 1450 106 40 until
878 1451 73 40 the
975 1452 94 51 day,
1095 1454 122 49 when
1243 1462 41 41 at
1310 1455 69 48 the
1405 1458 137 45 sound
1567 1459 47 44 of

288 1508 72 41 the
386 1515 187 46 trumpet
600 1514 84 47 and
710 1512 70 49 the
808 1516 124 45 shout
959 1517 47 44 of
1033 1519 70 42 the
1130 1520 240 51 archangel,
1399 1522 70 49 the
1496 1526 117 45 earth

289 1577 83 39 and
399 1591 70 28 sea
495 1577 106 42 shall
629 1581 96 49 give
751 1596 56 35 up
833 1581 108 50 their
968 1585 118 46 dead.
1149 1585 113 46 Such
1288 1603 86 28 was
1400 1590 69 41 the
1495 1591 119 40 char¬

289 1651 114 33 acter
426 1644 47 40 of
495 1646 83 39 this
601 1647 124 41 noble
748 1662 111 35 man,
883 1649 65 48 his
972 1651 150 50 worth,
1146 1654 117 47 valor
1287 1656 83 45 and
1396 1656 215 52 fortitude,

289 1708 90 41 that
407 1710 64 41 his
499 1712 205 51 untimely
731 1713 124 50 death
883 1716 164 47 elicited
1074 1719 70 44 the
1171 1719 277 51 sympathetic
1475 1724 135 46 vibra¬

290 1777 110 40 tions
427 1777 47 40 of
500 1778 70 41 the
594 1779 145 43 hearts'
762 1782 46 40 of
833 1796 117 28 more
976 1797 116 28 races
1118 1785 101 40 than
1245 1799 90 37 one,
1365 1789 66 47 for
1456 1804 24 32 a
1505 1796 105 44 true,

290 1844 122 40 noble
444 1845 84 40 and
560 1846 166 51 angelic
757 1847 114 51 wife,
902 1846 147 54 loving
1081 1852 207 49 daughter
1322 1856 83 45 and
1438 1855 172 46 faithful

289 1922 112 27 sons.

345 1974 135 54 Truly
502 1991 24 37 a
548 1978 162 51 gallant
733 1980 151 50 knight
907 1981 41 49 in
971 1980 72 50 the
1064 1982 187 51 chivalry
1274 1987 47 46 of
1340 1986 269 50 civilization,

295 2043 289 52 Christianity,
629 2045 345 51 evangelization,
1017 2047 76 49 has
1138 2049 141 47 fallen.
1339 2051 269 53 Reluctantly

291 2111 84 39 and
406 2111 102 39 with
541 2124 24 27 a
596 2111 159 51 feeling
786 2114 45 48 of
863 2115 185 49 sadness,
1081 2129 64 35 we
1175 2130 108 36 gave
1311 2117 90 49 him
1432 2120 106 46 back
1568 2129 45 37 to

291 2177 174 41 Mother
491 2175 146 45 Earth.
672 2179 71 41 On
768 2181 71 40 the
868 2182 96 49 17th
992 2183 47 48 of
1066 2178 230 54 February,
1326 2185 116 49 1891,
1471 2187 41 47 in
1539 2188 70 46 the

289 2244 106 43 Live
427 2244 98 43 Oak
557 2244 232 54 Cemetery,
821 2253 42 45 at
896 2245 152 53 Selma,
1080 2249 109 49 Ala.,
1220 2264 66 34 we
1315 2253 198 45 returned
1542 2253 65 45 his

291 2312 98 39 dust
407 2317 44 34 to
473 2312 51 39 its
543 2312 143 41 native
706 2313 102 49 clay,
832 2313 83 49 and
935 2313 69 49 his1
1022 2316 92 46 soul
1134 2330 88 32 was
1243 2317 171 49 wafted,
1437 2319 170 51 wafted,

287 2378 162 40 wafted
475 2384 46 34 to
547 2377 53 42 its
628 2379 213 43 immortal
868 2380 137 49 home,
1034 2387 45 42 to
1105 2382 89 48 join
1222 2382 72 48 the
1322 2382 284 48 disembodied

286 2445 134 41 saints
451 2444 44 42 in
526 2442 142 54 Glory.
