1938 2826
644 286 250 36 AFRICAN
938 290 348 38 METHODISM.

1568 287 58 45 99

309 388 189 42 ference:
526 390 103 43 Rev.
657 393 49 40 R.
733 394 52 40 D.
813 395 178 51 Brooks,
1017 397 67 49 W.
1113 399 55 47 H.
1197 401 165 52 Mixon,
1389 403 51 50 R.
1464 404 38 52 J.
1530 405 98 51 Pat-

306 461 72 34 ton
407 457 82 40 and
516 458 68 41 W.
615 459 46 40 B.
690 460 204 52 Johnson,
924 466 253 46 secretaries.
1237 468 197 53 Visitors,
1463 471 73 50 Dr.
1567 472 57 49 H.

306 518 48 43 T.
392 522 203 53 Johnson,
634 527 136 48 editor
804 529 46 46 of
888 529 211 46 Christian
1138 532 226 54 Recorder,
1401 539 83 47 and
1519 538 104 48 Rev.

304 588 113 41 Wm.
451 590 165 41 Decker
648 593 204 50 Johnson,
886 596 51 47 D.
971 597 66 50 D.,
1070 607 208 46 secretary
1309 603 46 50 of
1387 603 233 50 education,

303 656 84 39 and
420 656 105 41 Mrs.
558 658 159 54 Bishop
751 659 145 53 Grant.
957 661 91 51 The
1078 666 79 46 last
1187 666 99 46 time
1316 670 69 42 the
1416 670 67 42 Rt.
1517 672 104 42 Rev.

302 719 48 43 T.
374 723 61 40 M.
458 722 51 42 D.
532 724 147 51 Ward,
701 727 52 48 D.
776 728 66 50 D.,
864 730 152 48 visited
1036 732 208 46 Alabama
1264 748 91 30 was'
1371 744 42 34 at
1432 738 83 42 this
1536 753 85 28 ses¬

302 789 91 39 sion
421 790 47 39 of
497 792 259 43 conference.
818 795 81 42 His
928 798 187 42 farewell
1142 802 141 41 words
1310 817 112 27 were
1447 819 24 25 a
1497 805 124 42 bene¬

301 854 156 42 diction
482 863 44 34 to
549 857 72 43 the
643 860 212 44 ministers
880 865 84 39 and
989 864 100 54 laity
1114 868 46 50 of
1184 868 69 50 the
1280 867 127 51 State.

356 922 104 41 Rev.
494 924 47 43 L.
575 925 37 51 J.
648 926 165 53 Coppin
846 929 52 50 D.
933 931 66 49 D.,
1034 932 135 48 editor
1201 936 47 44 of
1279 937 72 43 the
1382 938 51 42 A.
1470 938 60 42 M.
1564 937 51 47 E.

300 986 168 43 Church
491 988 186 53 Review,
699 1007 87 34 was
808 993 91 48 also
917 1011 26 30 a
961 998 149 43 visitor
1129 1005 46 36 to
1193 1001 82 41 this
1298 1004 261 42 conference.

352 1051 93 43 The
476 1058 158 40 annual
670 1072 168 28 sermon
873 1076 87 27 was
998 1065 209 43 delivered
1242 1069 54 52 by
1330 1069 103 52 Rev.
1472 1068 46 53 F.
1556 1072 58 49 H.

297 1118 145 43 Smith.
498 1119 121 53 Text,
643 1122 202 58 Timothy
865 1140 88 40 4:1,
976 1141 35 39 2.
1073 1132 126 48 After
1220 1135 69 45 the
1309 1149 167 31 sermon
1498 1137 115 43 Hon.

294 1185 49 42 G.
376 1187 68 42 W.
484 1190 187 54 Lovejoy
705 1193 209 51 delivered
944 1196 72 48 the
1047 1199 199 45 welcome
1277 1202 184 42 address.
1521 1202 92 44 The

292 1254 253 54 missionary
571 1270 167 38 sermon
763 1273 86 35 was
876 1262 210 46 delivered
1110 1267 54 51 by
1188 1267 103 51 Rev.
1320 1267 43 51 F.
1393 1271 47 47 B.
1469 1272 143 46 More-

292 1320 109 42 land.
435 1319 123 52 Text,
586 1323 60 48 St.
674 1325 127 46 Mark
829 1328 313 50 16:15—"And
1165 1334 52 44 he
1241 1335 90 43 said
1354 1344 105 34 unto
1479 1338 128 47 them,

293 1384 95 41 "Go
417 1401 50 35 ye
498 1389 89 47 into
618 1391 53 45 all
703 1393 70 43 the
804 1394 146 49 world,
984 1397 83 46 and
1098 1399 154 48 preach
1283 1402 71 45 the
1384 1404 147 48 gospel
1562 1411 46 41 to

290 1465 125 38 every
442 1457 230 46 creature."
703 1457 280 46 Educational
1010 1477 168 27 sermon
1204 1480 87 27 was
1318 1470 208 45 preached
1550 1471 53 49 by

290 1518 102 41 Rev.
416 1520 68 41 W.
509 1521 56 40 H.
590 1523 167 41 Mixon.
818 1525 146 50 Hymn
986 1540 64 37 21,
1075 1529 122 48 "God
1217 1545 144 32 moves
1384 1535 39 42 in
1447 1549 24 28 a
1492 1549 112 36 mys¬

287 1586 157 41 terious
468 1589 133 48 way,"
626 1596 74 41 etc.
760 1587 123 54 Text,
907 1593 151 48 Daniel
1085 1608 48 33 12
1186 1598 185 43 —"And
1393 1601 99 48 they
1512 1602 92 47 that

287 1652 51 40 be
360 1651 103 42 wise
485 1653 104 41 shall
614 1654 119 41 shine
756 1670 45 28 as
824 1657 72 42 the
917 1658 240 54 brightness
1181 1664 47 48 of
1250 1664 72 48 the
1344 1664 260 53 firmament;

286 1718 85 39 and
396 1719 98 52 they
518 1719 91 52 that
633 1727 98 44 turn
756 1736 128 40 many
906 1730 46 46 to
975 1727 326 52 righteousness,
1328 1745 45 34 as
1397 1732 71 47 the
1492 1740 108 39 stars

288 1784 167 42 forever
478 1786 84 40 and
586 1788 136 41 ever."
783 1790 58 41 At
863 1789 70 43 the
955 1792 112 43 close
1088 1794 45 41 of
1158 1795 71 41 the
1250 1809 167 29 sermon
1443 1798 160 53 Bishop

286 1849 134 41 Grant
450 1859 117 44 s'ang,
599 1851 186 52 "Where
814 1856 32 47 is
876 1871 70 38 my
975 1860 247 55 wandering
1250 1865 80 50 boy
1360 1866 240 52 to-night?"

284 1916 82 40 and
388 1916 70 42 the
481 1917 166 43 "Death
670 1920 181 54 Angel,"
874 1923 122 51 when
1018 1924 72 50 the
1110 1927 220 47 invitation
1356 1931 67 43 for
1445 1931 72 43 the
1538 1946 63 28 re¬

282 1983 165 50 ception
483 1985 46 48 of
564 1987 207 46 members
806 2003 85 30 was
927 1992 221 41 extended.
1207 1992 138 44 These
1379 1999 219 52 accepted:

285 2048 141 43 Lizzie
446 2049 147 51 Amos,
619 2053 124 52 Mary
766 2054 51 51 A.
840 2055 252 52 Hendricks,
1116 2057 94 50 Ella
1232 2062 118 53 King
1370 2065 84 50 and
1477 2065 119 50 Nora

283 2113 159 42 Sadler.
503 2117 102 41 Rev.
629 2119 68 40 W.
722 2121 46 39 B.
791 2120 201 52 Johnson,
1018 2125 46 47 B.
1090 2125 41 47 S.
1157 2127 211 53 Principal
1390 2130 47 50 of
1455 2131 143 52 Payne

282 2180 166 46 School,
481 2184 99 42 read
610 2183 70 43 the
710 2186 262 42 educational
1003 2199 152 44 report.

334 2244 92 43 The
450 2249 222 54 following
693 2265 173 38 persons
889 2269 110 34 were
1021 2257 204 46 admitted
1247 2274 54 29 on
1323 2262 117 41 trial:
1463 2264 36 50 J.
1524 2264 69 50 W.

280 2312 131 50 Wblf,
437 2315 37 51 J.
502 2315 44 51 C.
574 2316 121 52 Lilly,
723 2319 45 49 L.
794 2320 37 51 J.
860 2319 197 54 Sanders,
1083 2325 56 48 H.
1166 2326 69 47 W.
1263 2327 176 51 Bristoe,
1465 2331 38 50 J.
1531 2331 60 50 M.

279 2378 188 53 Phillips,
498 2381 39 50 S.
567 2380 45 51 F.
641 2384 261 54 Dandridge,
928 2388 38 51 J.
994 2389 47 50 B.
1071 2389 172 51 Gillard,
1272 2391 48 49 E.
1351 2392 40 48 S.
1417 2395 173 53 Jordan,

275 2445 41 41 S.
343 2446 192 50 Baylum,
559 2449 50 47 D.
637 2450 39 46 S.
704 2450 169 46 Samuel
895 2456 82 40 and
1003 2455 39 41 S.
1068 2457 46 40 B.
1140 2458 179 42 Bonner.
1353 2461 102 42 Rev.
1479 2463 36 50 J.
1541 2461 46 52 F.
