1908 2806
642 295 246 35 AFRICAN
922 296 342 37 METHODISM.

1518 285 86 43 107

285 416 127 38 many
434 401 106 53 high
565 404 83 50 and
672 403 123 51 noble
821 403 213 51 Christian
1060 403 193 51 qualities
1279 404 46 50 of
1350 403 70 51 the
1446 402 162 52 sainted

286 469 121 47 dead,
426 468 99 48 who
540 468 85 48 had
643 469 66 47 led
728 470 87 46 him
834 476 46 40 to>
898 470 154 49 Christ,
1072 469 183 50 licensed
1272 468 87 51 him
1379 476 46 43 to
1440 469 167 53 preach,

286 538 84 39 and
403 537 83 40 had
518 538 102 39 been
654 537 161 52 largely
848 537 295 52 instrumental
1177 538 40 51 in
1249 538 64 51 his
1346 538 263 51 ascendancy

286 604 42 38 in
358 604 70 39 the
458 603 157 40 church
647 605 46 38 of
725 603 153 41 Christ.
940 603 145 41 "Shall
1115 618 63 26 we
1207 611 108 33 meet
1344 605 165 51 beyond
1539 604 71 52 the

287 671 151 43 river,"
464 685 87 29 was
576 671 66 43 led
666 672 54 51 by
746 671 160 52 Bishop
933 671 145 52 Grant.
1139 670 130 53 Elder
1294 671 169 53 Hillary
1487 672 123 52 made

287 739 201 39 remarks.
550 739 78 39 "In
649 740 70 39 the
741 739 173 41 shadow
936 740 46 40 of
1003 740 69 41 the
1093 741 141 47 rock,"
1256 754 86 34 was
1364 752 122 39 sung.
1519 737 92 54 The

288 804 161 52 Bishop
478 806 132 50 spoke
636 806 46 50 of
709 806 70 50 the
807 806 175 52 stirring
1008 806 192 52 qualities
1229 807 46 51 of
1303 820 78 38 our
1409 806 202 52 deceased

288 871 173 53 Bishop,
485 871 71 53 the
577 873 148 51 battles
749 873 89 51 that
859 872 53 52 he
934 872 83 52 had
1042 874 153 51 fought
1219 875 82 50 and
1323 873 70 52 the
1415 874 195 51 victories

287 939 90 39 that
415 939 52 39 he
503 939 85 40 had
627 939 213 41 achieved.
930 941 68 39 He
1036 941 91 41 also
1162 942 129 40 asked
1327 941 92 41 that
1457 940 153 53 special

288 1020 22 38 f
341 1020 120 38 ayers
497 1008 49 50 be
582 1008 164 50 offered
784 1009 67 49 for
886 1008 65 50 his
988 1022 228 36 successor,
1256 1009 159 52 Bishop
1453 1009 56 52 H.
1548 1010 61 51 M.

288 1071 181 43 Turner.
529 1074 120 40 With
688 1075 78 39 full
803 1074 140 42 hearts
980 1075 70 41 the
1086 1076 251 40 conference
1372 1077 239 51 adjourned

289 1142 100 38 with
419 1142 264 39 benediction
711 1143 54 51 by
792 1142 160 52 Bishop
981 1141 145 53 Grant.

346 1209 58 39 At
427 1209 124 51 night
574 1209 75 51 Dr.
677 1210 55 50 H.
760 1211 45 49 L.
831 1210 191 51 Johnson
1046 1210 208 58 preached
1279 1212 117 56 from,
1415 1211 71 57 the
1508 1218 104 50 text,

290 1275 166 42 "Pilate
494 1277 91 40 said
625 1284 104 33 unto
767 1276 101 51 him,
908 1278 132 49 What
1079 1280 33 47 is
1149 1279 174 48 truth?"
1371 1278 86 53 (St.
1497 1278 113 53 John

295 1342 171 52 18:38).
529 1343 108 51 Miss
666 1343 46 51 L.
743 1342 48 52 E.
824 1344 128 50 Stone
980 1344 214 50 extended
1216 1344 71 50 the
1314 1346 200 48 welcome
1540 1345 73 49 ad¬

291 1411 118 38 dress
439 1417 45 33 to
510 1411 72 40 the
610 1411 250 41 conference
889 1411 42 41 in
960 1426 101 38 very
1090 1410 143 54 choice
1264 1413 167 51 diction.
1494 1413 118 51 Prof.

291 1478 69 39 W.
393 1478 46 41 B.
469 1478 192 51 Johnson
692 1480 268 50 represented
988 1480 70 50 the
1085 1480 212 50 ministers
1326 1482 47 48 of
1403 1480 142 50 Selma
1571 1482 43 48 in

290 1550 131 33 terms
452 1542 148 53 highly
632 1544 226 51 creditable
887 1552 46 43 to
961 1545 71 50 the
1063 1546 205 49 occasion.
1329 1546 102 49 Rev.
1466 1547 51 48 R.
1552 1547 61 48 M.

293 1610 164 41 Cheeks
479 1612 83 39 and
582 1611 75 41 Dr.
681 1612 69 40 W.
772 1611 52 41 D.
846 1612 192 52 Johnson
1060 1613 249 53 responded.

350 1672 92 45 The
482 1677 175 40 election
696 1678 47 39 of
783 1676 178 42 General
1001 1677 264 43 Conference
1302 1679 212 52 delegates
1553 1694 62 37 re¬

294 1745 138 39 sulted
456 1745 42 39 in
521 1744 71 40 the
617 1744 173 41 election
816 1747 46 39 of
887 1747 47 42 L,.
961 1745 205 48 Gardner,
1191 1748 69 45 W.
1287 1748 58 45 H.
1372 1749 166 47 Mixon,
1565 1747 47 49 F.

296 1811 47 39 B.
371 1812 238 49 P.Ioreland,
634 1812 50 49 R.
710 1812 51 49 D.
787 1812 178 51 Brooks,
989 1813 52 50 A.
1067 1814 69 49 W.
1160 1815 192 48 Atwater
1375 1816 83 47 and
1480 1816 53 47 A.
1559 1816 53 47 A.

297 1877 205 48 Godwin;
528 1879 236 46 alternates,
792 1880 35 50 J.
855 1880 67 50 W.
950 1880 186 50 Walker,
1163 1881 35 51 J.
1227 1881 56 51 H.
1311 1881 233 51 Davidson,
1573 1882 42 50 S.

296 1945 70 39 W.
401 1944 180 48 Shields,
614 1944 48 48 E.
696 1947 47 45 L.
777 1947 173 45 Martin,
983 1947 50 45 R.
1066 1947 51 45 A.
1152 1946 191 53 Mahony
1373 1949 83 50 and
1487 1949 48 50 B.
1568 1950 46 49 L,.

298 2012 216 40 Coleman.
575 2013 90 51 Lay
691 2014 224 51 delegates,
941 2012 49 53 E.
1016 2015 69 50 W.
1114 2013 142 52 Stone,
1282 2016 47 49 of
1355 2014 152 51 Selma,
1534 2017 84 48 and

301 2078 41 41 S.
372 2077 48 42 G.
447 2078 128 51 Jones
602 2080 46 49 of
675 2078 276 51 Greensboro.

355 2145 103 40 Rev.
485 2145 36 51 J.
549 2146 68 50 W.
645 2146 174 50 Walker
844 2147 208 51 preached
1077 2148 70 50 the
1172 2149 253 52 missionary
1451 2164 168 37 sermon

301 2210 112 40 from
435 2210 70 40 the
528 2211 222 52 following
772 2219 112 44 text:
910 2212 126 51 "And
1059 2213 83 50 this
1167 2216 145 50 gospel
1335 2216 47 50 of
1403 2216 71 50 the
1496 2217 122 53 king¬

302 2277 98 40 dom
430 2277 107 41 shall
566 2279 52 39 be
645 2279 208 51 preached
882 2280 42 50 in
953 2280 53 50 all
1035 2281 72 49 the
1135 2282 135 48 world
1300 2282 67 48 for
1396 2297 26 33 a
1449 2285 169 45 witness

300 2352 103 33 unto
434 2345 55 41 all
520 2346 194 40 nations"
754 2346 84 52 (St.
874 2348 207 50 Matthew
1112 2349 173 51 24:14).
1346 2351 102 49 Rev.
1483 2353 54 47 N.
1570 2355 47 45 L,.

301 2410 279 43 Edmondson
620 2426 109 38 sang
766 2427 100 37 very
905 2413 279 53 pathetically,
1224 2414 157 52 "Some
1419 2420 200 46 mother's

301 2477 152 41 child."
