1941 2828
750 627 286 49 CHAPTER
1066 632 122 44 XXI.

787 794 362 48 MYSTERIES.

309 940 212 54 "behold,
545 957 14 37 I
581 954 130 40 SHEW
732 959 88 35 YOU
845 960 104 34 NOW
970 963 29 31 A
1021 952 248 43 MYSTERY.""
1323 965 16 30 I
1365 965 92 31 COR.
1483 964 46 42 15
1547 955 75 51 :i6.

363 1019 224 44 Delivered
618 1024 53 49 by
703 1025 71 48 the
803 1027 164 48 author,,
1001 1029 68 46 W.
1104 1029 56 46 H.
1196 1031 167 49 Mixoti,
1397 1032 52 48 D.
1483 1033 65 49 D.,
1584 1035 38 47 in

303 1083 135 42 honor
456 1087 46 39 of
521 1087 158 51 Bishop
697 1089 36 50 J.
756 1091 44 48 P.
823 1091 228 50 Campbell,
1073 1094 152 51 Selma,
1246 1095 109 50 Ala.,
1378 1096 242 52 September

313 1162 55 37 .3,
398 1151 114 50 1891.

360 1224 90 45 The
481 1229 124 41 home
635 1232 46 41 of
711 1231 71 42 the
810 1234 151 41 barren
992 1237 58 48 fig
1079 1244 109 41 tree;
1218 1238 72 47 the
1319 1240 125 45 home
1472 1244 47 41 of
1548 1244 71 41 the

303 1293 105 49 gods
438 1295 46 47 of
513 1294 248 53 Confucius,
792 1300 367 51 Mohammedans,
1191 1305 169 50 Pagans
1389 1309 82 46 and
1497 1307 121 48 those

300 1360 143 41 whose
469 1362 107 41 faith
601 1362 35 41 is
659 1364 217 51 Judaism;
901 1368 52 47 its
978 1368 195 49 location,
1199 1375 309 49 surroundings
1534 1378 83 46 and

301 1424 124 42 doors
455 1427 46 40 of
532 1430 210 49 reception
772 1431 33 48 is
836 1446 24 33 a
888 1435 173 44 wonder
1089 1443 45 36 to
1161 1437 71 42 the
1260 1440 146 42 world.
1467 1440 145 51 Earth,

298 1491 101 41 with
423 1492 74 41 her
520 1494 217 43 feathered
757 1497 127 42 tribes
906 1500 42 41 in
971 1501 69 41 the
1062 1502 84 48 air;
1167 1502 77 48 her
1264 1506 122 44 cattle
1408 1520 113 36 upon
1544 1508 71 48 the

297 1556 117 50 hills;
441 1557 74 49 her
540 1559 123 47 fishes
691 1561 40 45 in
757 1562 70 44 the
853 1571 173 40 waters;
1052 1568 75 43 her
1151 1582 98 29 sons
1275 1572 85 40 and
1385 1573 229 50 daughters

296 1625 199 50 marking
521 1627 69 48 the
620 1628 125 50 dusty
773 1629 94 50 ball,
898 1632 33 47 is
961 1646 23 33 a
1014 1635 172 44 wonder
1214 1636 91 43 that
1334 1640 33 39 is
1395 1647 73 34 too
1495 1656 116 27 won¬

296 1690 141 41 derful
467 1692 67 41 for
563 1693 117 41 souls'
706 1695 89 41 that
825 1710 77 27 can
931 1699 49 39 be
1006 1698 196 52 changed
1229 1703 43 47 in
1301 1719 25 31 a
1354 1715 187 35 moment
1569 1715 44 35 to

294 1755 271 42 understand.
627 1757 188 52 Heaven,
845 1762 69 47 the
943 1766 155 43 eternal
1124 1765 125 44 home
1278 1769 48 41 of
1348 1770 93 49 just
1468 1774 142 47 spirits

291 1823 124 40 made
441 1826 183 48 perfect!
657 1827 188 50 Heaven,
876 1844 22 33 a
927 1831 213 47 paradise!
1174 1833 201 45 Heaven!
1407 1839 200 43 Heaven!

290 1889 205 41 beautiful
522 1892 82 47 city
629 1892 46 47 of
702 1891 115 48 God!
877 1891 59 48 Its
961 1898 217 48 mysteries
1204 1915 71 31 are
1298 1909 73 37 too
1394 1905 114 51 high,
1536 1915 72 41 too

286 1955 107 40 wide
410 1956 83 39 and
511 1957 69 40 the
598 1958 127 48 depth
742 1966 70 40 too
831 1961 287 52 far-reaching
1137 1966 68 47 for
1222 1965 71 48 the
1309 1969 158 45 human
1487 1974 114 44 mind

288 2024 43 33 to
362 2019 175 42 fathom.
600 2022 94 41 God
723 2024 170 41 himself
924 2027 33 40 is
987 2042 24 26 a
1040 2037 207 44 mystery;
1280 2034 81 47 His
1395 2036 89 45 Son
1513 2040 33 41 is
1577 2054 25 29 a

287 2092 207 43 mystery;
521 2087 81 48 His
629 2088 116 50 Holy
775 2089 130 50 Spirit
931 2092 33 47 is
991 2105 24 34 a
1039 2102 207 44 mystery;
1274 2100 55 46 all
1355 2105 188 41 creation'
1569 2108 31 39 is

298 2161 19 28 a
336 2157 196 45 mystery.
594 2153 288 51 Omnipotent,
912 2160 248 44 omniscient
1187 2164 83 40 and
1299 2169 298 54 omnipresent,

288 2213 94 42 God
419 2216 33 40 is
490 2218 69 39 the
596 2220 98 48 only
730 2221 91 47 that
857 2236 76 32 can
971 2224 83 44 and
1091 2226 99 42 does
1228 2230 261 45 understand
1526 2238 71 41 the

285 2279 401 52 incomprehensible
709 2287 216 44 mysteries
949 2290 47 41 of
1017 2294 136 46 space,
1179 2292 97 48 time
1299 2297 83 43 and
1406 2301 189 50 eternity.

338 2344 111 51 Way
477 2354 73 41 out
579 2361 112 36 upon
720 2351 71 46 the
817 2352 148 45 barren
995 2353 95 44 hills
1119 2356 47 41 of
1195 2360 187 49 eternity,
1412 2365 181 51 nothing

904 2416 65 31 172
