1900 2800
754 320 60 33 IN
847 319 286 38 ALABAMA.

1546 308 59 48 67

286 429 42 40 in
351 426 204 47 Eufaula,
576 427 97 46 Ala.
732 428 96 45 Our
849 427 162 47 Bishop
1031 427 88 47 and
1140 426 262 48 Conference
1422 432 92 42 sent
1535 426 70 48 the

288 496 224 49 following
537 495 203 50 fraternal
765 507 194 38 message
981 500 46 45 to
1049 495 138 50 them:

288 560 93 43 ''To
407 562 68 41 the
498 561 163 50 Bishop
686 561 84 50 and
791 560 221 51 Members
1034 558 48 53 of
1105 559 71 52 the
1195 558 211 53 Alabama
1429 555 179 56 Confer'

350 643 101 27 ence
473 628 48 49 of
541 629 72 48 the
630 628 64 49 M.
716 626 50 51 B.
792 626 171 51 Church
983 626 161 51 South:

345 695 411 48 "Brethren:—We,
780 693 71 50 the
872 694 208 49 members
1102 693 48 50 of
1172 692 70 51 the
1264 690 208 53 Alabama
1495 689 111 54 Con¬

292 767 166 39 ference
492 764 47 42 of
571 763 73 43 the
676 761 180 45 African
893 759 235 47 Methodist
1160 756 228 54 Episcopal
1423 756 183 54 Church,

291 834 160 51 having
474 831 170 54 learned
668 829 91 56 that
781 843 109 42 your
914 827 264 58 Conference
1199 826 35 59 is
1258 836 98 49 now
1380 824 43 61 in
1447 824 160 61 session

293 903 40 39 in
364 900 199 46 Eufaula,
594 898 109 49 Ala.,
734 897 143 50 would
906 894 273 53 respectfully
1207 894 84 53 beg
1317 892 117 55 leave
1461 898 46 49 to
1534 905 73 42 ex¬

292 970 100 41 tend
417 982 84 39 you
527 981 79 40 our
634 964 213 57 Christian
875 962 205 59 greeting.
1139 957 92 64 The
1258 958 180 63 African
1467 957 61 64 M.
1557 954 50 67 E.

297 1035 170 43 Church
506 1048 47 30 as
593 1046 85 39 you
717 1045 74 40 are
828 1042 142 43 aware
1008 1041 87 44 was
1135 1026 230 59 organized
1404 1025 43 60 in
1491 1022 116 63 1816.

294 1102 121 43 Then
438 1102 74 43 she
533 1115 88 30 was
643 1114 107 37 poor
771 1099 85 52 and
878 1095 144 56 small;
1046 1108 96 43 now
1166 1094 73 57 she
1260 1093 77 58 has
1360 1103 49 48 41
1437 1090 173 61 Annual

297 1172 296 47 Conferences,
624 1182 80 37 one
733 1166 213 53 thousand
977 1164 116 55 eight
1123 1162 195 57 hundred
1348 1161 84 58 and
1461 1159 149 60 thirty-

300 1246 88 34 two
413 1238 199 42 itinerant
639 1236 227 46 ministers,
892 1233 100 49 nine
1017 1231 213 51 thousand
1258 1243 127 39 seven
1413 1226 196 56 hundred

296 1307 83 39 and
411 1304 113 53 sixty
553 1304 107 53 local
691 1299 236 58 preachers,
959 1297 119 60 three
1106 1295 196 62 hundred
1334 1295 83 62 and
1446 1293 165 64 ninety-

297 1388 79 27 one
400 1372 213 43 thousand
639 1371 220 47 members,
885 1368 99 50 nine
1008 1366 185 52 bishops,
1221 1371 85 47 two
1333 1361 277 57 universities,

304 1456 80 26 one
410 1441 164 41 located
602 1445 42 37 at
672 1437 152 46 Xenia,
853 1434 127 49 Ohio,
1008 1433 85 50 and
1119 1431 73 52 the
1218 1430 123 53 other
1365 1436 44 47 at
1438 1429 172 54 Colum¬

299 1508 81 49 bia,
404 1506 42 51 S.
472 1505 61 52 C.,
555 1519 80 38 one
656 1503 160 54 college
837 1508 43 49 at
901 1501 148 56 Waco,
1072 1496 121 61 Tex.,
1215 1497 85 60 and
1320 1511 25 46 a
1365 1493 247 64 publishing

299 1576 263 51 department
592 1578 43 49 at
666 1567 306 60 Philadelphia,
1005 1567 73 60 Pa.
1137 1566 60 61 At
1225 1564 72 63 the
1326 1562 112 65 close
1466 1561 47 66 of
1542 1561 71 66 the

298 1643 81 39 late
399 1654 100 36 war,
520 1654 78 36 our
617 1637 161 53 church
800 1637 170 53 entered
988 1635 73 55 the
1082 1632 212 58 Southern
1316 1636 127 54 states
1464 1627 102 63 with
1586 1643 25 47 a

299 1709 107 41 view
433 1708 48 42 of
506 1706 187 52 hunting
718 1717 58 41 up
803 1716 79 42 our
908 1714 108 44 race,
1043 1697 233 61 preaching
1300 1696 72 62 the
1397 1695 146 63 gospel
1569 1700 44 58 to

298 1778 125 48 them,
450 1776 85 50 and
559 1773 147 53 trying
730 1779 45 47 to
799 1771 159 55 elevate
981 1769 115 57 them
1121 1764 191 62 morally,
1339 1763 184 63 socially,
1551 1775 63 51 re¬

296 1845 199 53 ligiously
522 1842 84 56 and
635 1838 319 60 educationally.
1015 1833 60 65 So
1102 1835 80 63 far,
1209 1833 55 65 by
1288 1830 74 68 the
1387 1830 228 68 assistance

299 1914 48 40 of
374 1913 73 41 the
474 1908 159 46 Father
659 1908 50 46 of
737 1921 50 33 us
817 1905 67 49 all,
913 1918 64 36 we
1004 1902 109 52 have
1142 1898 229 56 succeeded
1400 1896 107 58 until
1536 1909 79 45 our

299 1978 158 42 church
492 1978 94 42 dots
620 1975 154 45 almost
808 1985 124 39 every
965 1969 136 55 valley
1148 1967 84 57 and
1263 1964 75 60 hill
1386 1964 118 60 from
1544 1962 70 62 the

300 2046 106 43 Gulf
433 2046 47 43 of
508 2043 177 46 Mexico
709 2048 47 41 to
781 2040 73 49 the
881 2039 203 50 Potomac
1111 2035 142 54 River.
1312 2033 83 56 We
1422 2031 75 58 ask
1523 2029 91 60 that

298 2130 64 26 we
382 2128 100 37 may
503 2111 110 54 have
632 2123 111 42 your
764 2104 213 61 Christian
999 2104 108 61 love,
1129 2101 70 64 aid
1221 2100 84 65 and
1326 2096 224 69 sympathy
1572 2096 42 69 in

296 2183 72 40 the
387 2179 271 44 furtherance
677 2177 47 46 of
744 2188 80 35 our
842 2173 130 50 work.
1003 2171 83 52 We
1104 2184 71 39 are
1193 2180 129 43 yours
1342 2180 45 43 as
1406 2164 206 59 members

298 2250 48 41 of
385 2249 70 42 the
495 2251 121 51 great
656 2240 236 62 Methodist
931 2236 161 66 family,

693 2310 55 40 A.
773 2308 70 42 W.
868 2306 242 46 Wayman,
1137 2300 228 52 Presiding
1387 2297 173 55 Bishop.

354 2384 33 40 I.
419 2382 55 42 N.
505 2378 320 46 Fitzpatrick.

354 2451 166 41 Reader
549 2449 176 43 observe
751 2444 70 48 the
849 2440 264 52 contrasting
1140 2440 151 52 report.
