1899 2798
277 283 58 45 78

630 283 251 36 AFRICAN
904 273 332 46 METHODISM

284 412 129 43 Elder
447 408 164 47 Brooks
643 400 222 55 presented
897 397 65 58 his
996 391 186 64 transfer
1212 387 129 68 ticket
1376 383 114 72 from
1522 379 72 76 the

283 475 239 48 Savannah,
549 471 90 52 Ga.,
666 468 273 55 Conference,
964 461 93 62 also
1077 458 68 65 his
1169 452 224 71 certificate
1419 446 47 77 of
1490 442 102 81 holy

284 546 157 40 orders.
498 538 93 48 The
614 537 246 49 documents
886 526 171 60 showed
1080 522 130 64 Elder
1234 515 166 71 Brooks
1423 512 44 74 in
1489 507 106 79 high

286 609 200 50 standing
509 607 44 52 in
577 605 73 54 the
676 602 61 57 M.
764 598 51 61 E.
843 593 183 66 Church.
1084 587 121 72 They
1231 597 111 62 were
1367 576 150 83 signed
1542 575 56 84 by

286 676 182 50 Bishops
501 670 152 56 Foster
682 668 84 58 and
797 665 195 61 Warren.
1079 654 95 72 The
1203 650 175 76 petition
1408 642 187 84 brought

288 745 56 51 by
369 742 89 54 him
484 740 36 56 is
548 751 45 45 as
621 733 190 63 follows:

293 805 232 45 Venerable
557 801 160 50 Bishop
752 798 148 53 Pwyne
932 792 84 59 and
1049 787 219 64 Members
1300 782 50 69 of
1383 780 71 71 the
1487 775 110 76 Con¬

346 875 188 50 ference:

347 943 20 39 I
392 954 69 28 am
485 938 101 44 here
611 935 113 47 from
747 931 72 51 the
843 925 169 57 Central
1036 921 209 61 Alabama
1270 915 263 67 Conference
1555 907 48 75 of

294 1010 71 40 the
401 1007 61 43 M.
498 1002 50 48 E.
586 998 171 52 Church
789 1002 48 48 to*
868 992 118 58 unite
1017 988 104 62 with
1154 997 108 53 your
1295 973 309 77 distinguished

294 1076 124 50 body.
479 1072 79 54 My
587 1064 258 62 resignation
876 1061 112 65 from
1016 1055 72 71 the
1117 1049 234 77 Methodist
1379 1041 227 85 Episcopal

298 1140 170 45 Church
491 1137 72 48 did
584 1140 74 45 not
680 1130 210 55 originate
911 1127 112 58 from
1045 1136 83 49 any
1149 1118 303 67 mistreatment
1472 1118 48 67 to
1540 1121 66 64 me

300 1208 224 42 whatever.
583 1202 21 48 I
644 1197 153 53 simply
833 1192 222 58 withdrew
1091 1187 113 63 from
1242 1182 91 68 said
1369 1177 158 73 church
1563 1181 45 69 to

300 1274 161 54 gratify
484 1286 26 42 a
531 1270 104 58 long
658 1265 77 63 felt
758 1261 136 67 desire
915 1266 48 62 to
983 1259 52 69 be
1057 1252 103 76 with
1183 1266 72 62 my
1277 1246 170 82 colored
1469 1242 139 86 breth¬

302 1356 85 34 ren,
422 1335 206 55 although
661 1333 21 57 I
716 1343 87 47 was
836 1323 232 67 pleasantly
1100 1317 162 73 treated
1291 1316 58 74 by
1380 1326 72 64 my
1484 1307 127 83 white

302 1408 195 41 brethren
522 1400 125 49 while
671 1399 20 50 I
718 1393 212 56 remained
955 1389 102 60 with
1080 1387 138 62 them;
1242 1388 82 61 yet,
1350 1380 20 69 I
1396 1393 87 56 saw
1507 1374 104 75 such

303 1473 170 53 explicit
492 1469 121 57 mark
629 1465 49 61 of
696 1461 240 65 distinction
955 1459 187 67 between
1161 1464 116 62 races
1295 1463 56 63 on
1369 1450 178 76 account
1565 1442 49 84 of

305 1540 195 54 previous
523 1532 236 62 conditions
781 1528 84 66 and
887 1525 116 69 color
1022 1536 47 58 as
1089 1519 155 75 caused
1266 1530 69 64 me
1354 1520 48 74 to
1421 1511 82 83 feel
1523 1507 92 87 that

307 1607 73 40 the
410 1604 151 50 saying
589 1598 91 56 that
710 1611 65 43 we
804 1597 111 57 went
946 1602 114 52 upon
1092 1583 183 71 equality
1305 1593 86 61 was
1423 1593 26 61 a
1477 1576 138 78 farce;

307 1671 226 46 therefore,
560 1668 20 49 I
607 1662 136 55 desire
766 1667 47 50 to
835 1659 52 58 be
911 1659 43 58 in
979 1670 27 47 a
1029 1651 158 66 church
1212 1650 43 67 in
1281 1645 138 72 which
1446 1643 20 74 I
1491 1639 126 78 could

310 1739 80 41 feel
417 1737 90 43 that
533 1733 91 47 said
650 1726 157 54 church
835 1721 250 59 recognized
1113 1730 125 50 every
1262 1728 98 52 man
1387 1726 47 54 as
1459 1708 161 72 having

311 1808 41 38 in
380 1805 66 41 his
475 1800 91 46 soul
593 1797 72 49 the
693 1795 94 51 sign
815 1792 48 54 of
887 1790 160 56 human
1077 1783 195 63 equality.
1332 1778 178 68 Having
1534 1773 85 73 had

312 1887 51 25 an
392 1885 73 37 eye
491 1880 58 42 on
570 1876 110 46 your
703 1857 156 65 church
888 1857 69 65 for
982 1854 68 68 six
1074 1862 134 60 years,
1237 1848 20 74 I
1282 1848 111 74 have
1416 1843 205 79 adequate

313 1950 148 28 reason
484 1941 47 37 to
549 1930 161 48 believe
729 1924 91 54 that
842 1923 32 55 it
898 1920 107 58 fully
1028 1915 242 63 recognizes
1292 1912 91 66 that
1407 1911 98 67 fact,
1529 1922 51 56 so
1600 1906 20 72 I

314 2016 120 28 come
463 2007 47 37 to
539 2010 84 39 you
656 1991 174 58 seeking
860 1987 154 62 shelter
1043 1982 214 67 believing
1286 1979 92 70 that
1410 1977 20 72 I
1464 1990 77 59 can
1572 1975 52 74 be

315 2083 115 27 more
457 2061 251 49 serviceable
730 2065 47 45 to
801 2055 95 55 God
921 2053 84 57 and
1028 2058 46 52 to
1095 2047 225 63 humanity
1344 2056 160 54 among
1526 2055 97 55 you.

317 2137 42 39 If
380 2132 228 44 consistent
629 2125 101 51 with
750 2135 84 41 you
855 2127 46 49 to
920 2118 159 58 receive
1099 2129 80 47 me,
1202 2114 20 62 I
1244 2110 86 66 will
1351 2108 187 68 joyfully
1558 2108 68 68 lay

317 2200 101 39 hold
437 2196 84 43 and
540 2194 124 45 share
682 2189 102 50 with
803 2199 84 41 you
906 2185 73 55 the
997 2178 309 62 responsibility
1326 2177 47 63 of
1392 2175 70 65 the
1483 2173 143 67 Chris¬

318 2267 87 39 tian
431 2261 204 49 ministry.

1142 2312 132 39 Robt.
1302 2310 54 41 D.
1382 2309 191 42 Brooks.

378 2397 118 41 Prof.
526 2396 38 50 J.
597 2393 47 53 B.
677 2388 104 58 Ball,
813 2387 72 59 the
913 2378 310 68 distinguished
1253 2376 169 70 colored
1449 2373 182 73 photog¬

324 2462 164 55 rapher,
523 2452 321 65 photographed
877 2450 73 67 the
984 2445 275 72 Conference,
