1900 2800
293 226 91 44 136
624 239 247 36 AFRICAN
905 241 345 37 METHODISM.

291 345 71 41 the
397 345 124 42 Sixth
553 345 226 54 Episcopal
811 348 187 51 District.
1057 348 129 51 After
1217 344 198 55 working
1445 340 164 59 assidu¬

295 414 122 51 ously
449 414 68 51 for
547 428 80 37 one
655 428 110 38 year,
796 416 221 51 traveling,
1048 415 220 52 lecturing,
1300 411 86 56 and
1417 407 196 60 organiz¬

296 480 75 52 ing
397 480 70 52 the
494 494 164 38 women
686 483 84 49 and
797 483 200 49 children,
1026 481 74 51 she
1128 495 87 37 was
1243 476 229 56 appointed
1502 473 112 59 Gen¬

294 546 87 41 eral
412 546 354 52 Superintendent
792 555 46 43 to
864 550 175 48 succeed
1068 548 106 50 Mrs.
1203 545 236 53 Thurman,
1469 541 145 57 whose

296 614 257 51 resignation
580 614 84 51 had
690 615 102 50 been
819 616 197 50 accepted
1041 616 55 51 by
1120 613 72 54 the
1220 612 222 55 President
1468 610 47 57 of
1541 608 73 59 the

296 680 259 53 Missionary
580 682 142 51 Board
745 683 47 50 of
815 681 71 52 the
909 682 52 51 A.
989 683 61 50 M.
1076 680 50 53 E.
1154 679 184 54 Church,
1365 678 162 55 Bishop
1554 676 57 57 H.

295 746 61 40 M.
395 744 177 42 Turner.
634 748 104 39 Mrs.
776 748 182 39 Duncan
993 749 35 39 is
1064 762 26 26 a
1124 753 121 43 great
1281 758 182 38 woman.
1525 741 86 55 She

295 814 246 39 commands
570 812 71 41 the
669 814 203 40 attention
902 814 84 41 and
1015 820 161 45 respect
1206 813 47 52 of
1282 826 83 39 any
1393 809 216 56 audience.

294 879 93 39 Her
408 892 142 37 songs,
573 893 172 36 prayers
768 880 84 49 and
875 880 177 49 lectures
1077 881 70 48 for
1168 878 215 51 wayward
1404 878 105 51 boys
1526 876 85 53 and

295 945 130 40 fallen
450 945 104 51 girls
580 944 109 52 have
714 946 154 50 caused
894 959 127 39 many
1047 946 47 52 of
1120 944 115 54 them
1261 951 46 47 to
1332 944 53 54 be
1410 942 201 56 restored.

296 1011 85 42 She
402 1012 35 41 is
459 1025 25 28 a
505 1019 119 44 great
643 1013 235 50 organizer,
902 1013 84 50 and
1008 1013 34 50 is
1065 1012 230 52 preparing
1315 1018 89 46 two
1423 1024 50 40 or
1492 1008 120 56 three

290 1078 132 40 books
450 1079 69 39 for
542 1078 268 51 publication.
870 1076 91 53 The
985 1093 164 36 women
1176 1078 43 51 in
1246 1078 200 51 different
1473 1076 138 53 States

293 1143 107 40 have
418 1144 105 39 been
542 1143 163 53 greatly
723 1143 152 53 helped
893 1145 55 52 by
964 1145 76 52 her
1060 1144 197 53 personal
1276 1144 120 53 visits
1416 1144 84 53 and
1521 1156 91 41 cor¬

294 1210 296 51 respondence.
652 1210 87 51 She
771 1210 187 53 brought
993 1212 92 51 into
1120 1211 214 52 existence
1368 1211 71 52 the
1476 1211 135 52 "Mis¬

292 1276 171 53 sionary
502 1276 307 53 Searchlight,"
849 1292 46 37 a.
910 1278 193 53 monthly
1140 1278 229 53 periodical
1406 1277 91 54 that
1532 1277 77 54 has

294 1358 24 27 a
362 1345 109 40 wide
515 1344 246 41 circulation
805 1346 84 40 and
932 1359 25 27 a
998 1346 187 40 national
1231 1347 211 52 standing.
1514 1344 92 55 The

288 1411 81 40 last
390 1409 178 42 General
590 1410 274 50 Conference,
884 1418 46 42 to
946 1412 139 48 which
1105 1412 74 48 she
1197 1427 87 33 was
1304 1427 27 33 a
1347 1419 259 44 representa¬

288 1477 89 41 tive
396 1477 47 41 of
464 1477 71 41 the
555 1476 171 51 church,
748 1478 124 49 made
893 1479 31 48 it
944 1477 71 50 the
1036 1479 151 48 official
1209 1493 134 39 organ
1365 1481 47 51 of
1432 1479 71 53 the
1522 1486 87 46 two

288 1544 255 53 missionary
576 1544 190 53 societies
799 1546 47 51 of
876 1546 72 51 the
980 1545 170 52 church.
1217 1545 105 54 (See
1353 1547 107 53 cut.)

345 1609 93 44 The
468 1612 114 41 chief
613 1613 243 40 secretaries
888 1614 47 40 of
966 1614 71 40 the
1069 1613 265 43 Convention
1364 1615 111 42 have
1502 1616 104 41 been

290 1679 108 40 Mrs.
441 1678 134 43 Sarah
614 1679 53 42 A.
708 1679 225 49 Christian,
975 1681 106 47 Mrs.
1122 1682 69 46 W.
1232 1682 57 46 H.
1331 1683 153 45 Mixon
1522 1684 84 44 and

288 1747 108 40 Mrs.
428 1746 111 41 Cora
568 1747 119 40 Nero
714 1748 160 41 Moten.
936 1748 105 41 Mrs.
1073 1748 46 41 C.
1150 1749 57 41 H.
1238 1750 256 42 Henderson
1522 1752 84 40 and

286 1813 109 40 Mrs.
418 1813 53 40 A.
498 1814 61 40 M.
586 1813 117 52 Pope
723 1827 71 38 are
815 1815 71 50 the
907 1822 168 44 present
1098 1828 113 38 ones.
