1900 2800
634 302 245 50 African
902 317 350 37 methodism.

1517 302 88 45 183

285 434 103 41 with
413 450 25 26 a
461 434 156 42 maid."
677 436 79 49 My
781 435 190 50 addition
996 443 46 42 to
1064 434 83 51 this
1173 435 222 50 catalogue
1418 434 47 51 of
1491 447 114 38 won¬

286 502 96 41 ders
405 503 48 47 is,
475 516 99 34 man
596 502 34 48 is
653 517 26 33 a
698 503 186 47 wonder.

427 588 181 38 "Father,
633 587 87 39 how
745 588 101 38 wide
871 588 71 38 thy
967 588 111 38 glory
1102 588 151 38 shines!

473 633 99 31 How
602 632 96 37 high
727 633 72 37 thy
829 634 181 36 wonders
1042 634 79 36 rise

426 676 154 32 Known
600 678 171 36 through
791 677 70 37 the
881 678 113 36 earth
1015 678 50 37 by
1086 686 23 29 a
1129 678 195 37 thousand
1347 678 119 37 signs,

472 722 59 37 By
558 722 221 37 thousands
808 722 172 38 through
1008 723 68 37 the
1106 723 142 37 skies."

339 801 118 42 Who
478 816 79 27 can
580 802 263 41 understand
865 804 72 40 the
959 817 94 37 way
1077 804 47 50 of
1147 804 74 50 life
1245 804 83 50 and
1351 803 70 51 the
1444 817 93 37 way
1561 802 47 52 of

289 870 155 40 death?
503 870 106 40 Man
637 883 78 27 can
743 884 120 26 come
888 884 45 27 as
959 884 103 27 near
1091 869 199 53 stopping
1316 871 71 51 the
1414 884 80 38 sun
1522 869 85 53 dial

288 951 48 26 or
359 937 274 52 abandoning
655 937 186 52 creation
863 951 49 38 or
933 936 246 53 measuring
1199 936 73 53 the
1292 943 152 46 waters
1468 937 47 52 of
1537 935 71 54 the

289 1004 117 39 earth
429 1018 45 26 as
496 1002 54 42 he
571 1017 78 27 can
670 1010 45 34 to
735 1003 72 41 tell
829 1004 71 40 the
922 1016 115 36 ways
1060 1004 47 48 of
1129 1004 75 48 life
1225 1004 83 48 and
1330 1003 71 49 the
1422 1017 115 35 ways
1560 1003 48 49 of

290 1069 137 41 death.
487 1067 140 43 There
653 1069 34 41 is
711 1084 59 26 no
794 1070 265 49 uncertainty
1085 1069 229 50 connected
1339 1070 103 49 with
1469 1069 137 50 death.

289 1133 140 44 There
451 1137 35 40 is
510 1150 59 27 no
590 1150 96 36 wTay
708 1142 46 44 to
777 1135 281 51 compromise
1079 1136 71 50 the
1173 1142 96 44 t>vo.
1329 1134 133 52 Eight
1485 1136 124 50 times

291 1204 42 38 in
356 1202 71 41 the
450 1202 97 41 fifth
577 1202 73 51 (5)
681 1202 172 51 chapter
876 1202 47 51 of
946 1203 198 50 creation,
1169 1216 47 37 or
1241 1200 185 53 Genesis,
1452 1216 64 37 we
1538 1215 73 38 are

289 1271 89 39 told
395 1271 47 39 of
457 1270 72 40 the
545 1269 147 41 deaths
710 1269 46 41 of
772 1269 246 49 patriarchs.
1051 1266 92 52 The
1160 1269 101 49 days
1279 1269 46 49 of
1342 1268 141 50 Adam
1500 1282 110 36 were

292 1349 84 39 930
395 1350 134 38 years.
563 1336 128 52 "And
710 1337 55 51 he
786 1336 136 52 died."
957 1334 137 54 Seth's
1117 1336 102 52 days
1242 1349 110 39 were
1371 1346 82 42 912
1475 1347 133 41 years.

295 1403 129 41 "And
453 1403 56 41 he
541 1403 137 41 died."
737 1399 93 45 The
862 1402 102 49 days
997 1402 46 49 of
1076 1399 116 52 Enos
1226 1415 109 36 were
1366 1410 79 41 905
1477 1414 135 37 years.

295 1469 129 40 "And
448 1469 55 40 he
526 1469 138 40 died."
722 1465 94 44 The
841 1469 102 48 days
969 1468 47 49 of
1043 1467 171 50 Canaan
1239 1481 111 36 were
1373 1478 82 39 910
1478 1480 134 37 years.

296 1535 129 41 "And
453 1534 55 42 he
540 1535 137 41 died."
736 1535 71 41 All
838 1535 71 41 the
940 1534 101 46 days
1073 1535 47 45 of
1152 1534 210 46 Mahaleel
1392 1547 110 33 were
1531 1534 79 48 895

293 1616 134 38 years.
489 1602 128 52 "And
638 1601 54 53 he
715 1601 135 53 died."
908 1601 129 53 Jared
1060 1600 112 54 lived
1193 1599 81 55 962
1295 1613 132 41 years.
1488 1599 128 55 "And

294 1670 53 40 he
373 1669 137 41 died."
569 1666 221 45 Lamech's
816 1682 121 36 years
963 1682 110 36 were
1098 1676 91 42 777.
1249 1666 127 52 "And
1400 1666 53 52 he
1479 1666 135 52 died."

350 1733 93 42 The
464 1734 81 41 last
565 1749 81 26 one
667 1735 19 40 I
708 1735 85 40 will
813 1748 125 27 name
957 1735 41 40 in
1019 1734 83 41 this
1125 1732 220 51 catalogue
1366 1734 47 49 of
1434 1733 124 50 death
1580 1732 35 51 is

297 1802 294 49 Methuselah;
615 1800 56 51 all
695 1802 45 49 of
760 1800 66 51 his
850 1815 121 36 years
994 1813 110 38 were
1126 1800 92 51 969.
1251 1799 128 52 "And
1401 1801 54 50 he
1477 1800 135 51 died."

296 1870 140 40 Death
463 1883 144 37 passes
635 1882 116 38 upon
776 1868 53 52 all
855 1881 119 39 men;
1002 1867 31 53 it
1058 1868 118 52 takes
1202 1867 71 53 the
1299 1866 217 54 drunkard
1543 1873 74 47 out

296 1936 47 40 of
366 1937 72 39 the
460 1942 165 44 gutter;
650 1934 70 52 the
742 1935 160 51 beggar
925 1940 74 46 out
1021 1934 47 52 of
1090 1934 72 52 the
1184 1940 147 46 street;
1354 1931 72 55 the
1447 1932 170 54 humble

298 2017 99 26 man
429 2009 74 34 out
534 2002 48 41 of
611 2002 67 41 his
708 2000 89 46 hut,
829 2001 83 45 and
943 1998 71 48 the
1044 2001 106 48 king
1179 2006 72 43 out
1282 2000 47 49 of
1358 2000 73 49 tbe
1459 1999 155 50 palace.

300 2067 140 40 Death
466 2067 77 40 has
570 2067 67 40 his
667 2067 75 40 fan
770 2067 40 40 in
836 2065 67 42 his
931 2065 136 46 hand;
1095 2065 54 46 he
1175 2065 35 46 is
1239 2064 181 50 fanning
1447 2070 75 44 out
1547 2063 70 51 the

299 2135 134 49 lights'
456 2135 48 49 of
527 2134 73 50 the
625 2132 175 52 Goulds,
825 2131 273 53 Vanderbilts
1124 2132 84 52 and
1232 2130 286 54 Rothschilds.
1577 2131 41 53 It

300 2201 102 39 took
425 2201 71 39 the
520 2200 90 40 first
635 2205 86 35 star
745 2200 46 40 of
815 2198 179 42 African
1022 2196 259 44 Methodism
1305 2196 91 44 that
1421 2195 131 45 shone
1575 2197 42 43 in

303 2266 305 52 Philadelphia,
653 2265 320 53 Pa.—Richard
1013 2263 138 55 Allen.
1211 2263 128 55 After
1377 2262 88 56 him
1507 2274 110 44 went

303 2333 160 40 Morris
488 2333 170 47 Brown,
683 2330 187 50 Edward
893 2331 196 49 Walters,
1114 2329 192 51 William
1328 2328 106 52 Paul
1458 2326 158 54 Quinn,

302 2400 141 41 Willis
464 2399 182 48 Nazery,
666 2398 113 49 Wm.
801 2395 148 52 Fisher
969 2397 248 50 Dickerson,
1238 2395 187 52 Richard
1444 2394 175 53 Harvey

307 2467 118 48 Cain,
447 2466 143 49 James
614 2464 246 51 Alexander
884 2462 175 53 Shorter
1080 2462 83 53 and
1186 2459 186 56 Richard
1394 2460 225 55 Randolph
