1900 2800
296 298 85 45 156
419 319 17 24 ,

646 307 247 35 AFRICAN
920 305 330 37 METHODISM

270 418 169 57 riiiakes
473 430 24 45 a
528 415 164 60 worth}'
725 415 185 60 member
944 414 46 61 of
1022 412 69 63 the
1124 408 220 67 executive
1376 401 160 74 branch
1570 396 48 79 of

298 497 78 26 our
403 483 178 40 Order/'

354 549 48 38 In
436 548 114 48 1885,
580 548 102 48 Rev.
711 546 111 50 John
851 546 195 50 Harmon
1076 542 190 54 founded
1292 536 71 60 the
1393 533 102 63 Odd
1523 526 96 70 Fel¬

298 616 103 39 lows
434 613 178 50 Journal
658 627 46 36 as
752 626 52 37 an
853 610 282 53 independent
1183 603 243 60 enterprise,
1477 594 142 69 which

302 694 124 34 paper
461 680 53 48 he
546 677 222 52 published
804 676 212 53 regularly
1053 675 68 54 for
1156 674 67 55 six
1257 682 134 47 years,
1429 663 85 66 and
1548 661 74 68 the

300 759 230 27 concensus
563 746 46 40 of
641 744 171 49 opinion
844 757 87 36 was
961 742 91 51 that
1083 741 33 52 it
1146 752 87 41 was
1264 737 72 56 the
1366 735 93 58 best
1488 740 135 53 paper

300 813 87 38 that
415 812 70 39 the
515 809 139 42 Order
683 809 83 42 had
796 822 96 29 ever
919 807 96 44 had.
1076 806 69 45 He
1173 803 77 48 has
1283 798 214 53 delivered
1527 807 94 44 ora¬

299 878 107 38 tions
432 884 45 32 to
499 875 70 41 the
595 875 101 41 Odd
722 874 178 42 Fellows
927 879 42 37 at
994 873 317 47 Montgomery,
1340 865 155 55 Selma,
1524 861 99 59 Mo¬

299 944 91 44 bile,
427 942 306 47 Birmingham,
769 939 257 50 Huntsville,
1060 935 202 54 Eufaula,
1296 931 130 58 Troy,
1461 929 161 60 Annis-

299 1018 84 39 ton,
434 1009 118 48 Ala.;
603 1007 186 50 Atlanta,
842 1004 240 53 Savannah,
1132 1001 240 56 Americus,
1437 996 184 61 Albany,

300 1075 145 46 Rome,
475 1074 169 47 Macon,
671 1070 100 51 Ga.;
798 1070 60 51 St.
884 1070 145 51 Louis,
1056 1069 115 52 Mo.;
1197 1063 309 58 Philadelphia,
1533 1061 90 60 Pa.,

300 1141 82 40 and
409 1140 306 46 Chattanooga,
742 1134 133 52 Tenn.

342 1207 52 39 In
416 1204 166 51 politics
604 1204 53 51 he
679 1202 124 53 stood
825 1213 160 42 among
1005 1199 72 56 the
1100 1198 163 57 leaders
1286 1196 43 59 in
1352 1194 72 61 the
1446 1200 109 55 state
1576 1193 49 62 of

300 1272 220 40 Alabama.
553 1270 71 42 He
646 1267 78 45 has
749 1268 103 44 been
880 1266 157 46 elected
1061 1278 129 34 many
1213 1263 125 49 times
1365 1261 192 51 delegate
1579 1265 47 47 to

299 1339 71 40 the
388 1343 167 42 county,
575 1334 164 51 district
757 1334 84 51 and
859 1338 107 47 state
983 1330 290 55 conventions,
1292 1328 85 57 and
1395 1341 87 44 was
1502 1327 121 58 elect¬

301 1406 50 40 ed
372 1405 191 48 delegate
580 1409 47 44 to
643 1401 69 52 the
733 1398 262 55 Republican
1013 1397 189 56 national
1222 1394 255 59 convention
1496 1399 44 54 at
1561 1391 59 62 St.

302 1472 145 48 Louis,
480 1470 103 50 Mo.,
616 1468 112 52 June
762 1465 117 55 1896,
914 1465 113 55 from
1058 1463 74 57 the
1160 1461 116 59 third
1307 1459 318 61 congressional

303 1538 163 40 district
490 1536 46 42 of
560 1534 222 46 iVlabama,
807 1532 84 48 and
914 1530 54 50 he
991 1531 76 49 has
1093 1529 160 51 spoken
1279 1526 114 54 from
1417 1524 73 56 the
1513 1538 116 42 same

302 1604 204 52 platform
532 1600 103 56 with
663 1600 104 56 such
794 1605 229 51 statesman
1052 1611 46 45 as
1128 1594 170 62 George
1324 1595 47 61 P.
1401 1594 226 62 Harrison,

304 1672 56 40 H.
388 1672 53 40 D.
473 1669 191 50 Clayton,
717 1667 48 52 of
790 1666 221 53 Alabama,
1039 1664 86 55 and
1150 1663 146 56 Judge
1323 1660 171 59 George
1518 1657 111 62 Tur¬

302 1752 88 33 ner,
418 1737 71 48 the
515 1740 169 45 present
711 1731 162 54 United
902 1730 139 55 States
1072 1729 180 56 Senator
1281 1730 114 55 from
1423 1727 73 58 the
1523 1733 106 52 state

304 1804 47 39 of
381 1800 299 48 Washington.
769 1795 105 53 This
905 1797 186 51 eminent
1122 1796 143 52 divine
1294 1796 235 52 canvassed
1560 1794 63 54 hia

306 1875 105 35 state
445 1868 67 42 for
546 1865 211 45 Harrison
791 1864 84 46 and
923 1860 246 50 McKinley.
1247 1860 70 50 He
1364 1860 149 50 joined
1558 1861 71 49 the

307 1932 156 41 church
495 1932 45 41 in
572 1928 226 45 childhood
830 1929 84 44 and
958 1927 76 46 has
1083 1926 113 47 since
1240 1926 106 47 been
1392 1940 53 33 an
1492 1928 137 45 active

307 2001 165 40 worker
504 1999 40 42 in
581 1996 174 46 Sunday
788 1994 143 48 school
965 1994 83 48 and
1081 1992 158 50 church
1272 1994 131 48 work.
1464 1997 61 45 At
1557 1997 70 45 fif¬

305 2074 95 32 teen
428 2077 121 38 years
579 2063 47 52 of
655 2075 79 40 age
762 2060 53 55 he
844 2073 86 42 was
961 2057 347 58 superintendent
1337 2060 47 55 of
1413 2061 73 54 the
1516 2063 111 52 New

308 2133 127 49 Hope
457 2129 51 53 A.
536 2129 61 53 M.
622 2124 49 58 E.
700 2124 175 58 Sunday
900 2122 154 60 School
1077 2129 43 53 at
1146 2121 252 61 Smithville,
1425 2125 91 57 Ga.,
1540 2132 85 50 and

309 2199 67 38 for
400 2197 116 40 three
540 2206 119 38 years
683 2192 53 52 he
758 2203 88 41 was
870 2188 345 56 superintendent
1238 2187 46 57 of
1311 2188 61 56 St.
1396 2190 150 54 John's
1572 2195 55 49 A.

310 2264 61 40 M.
400 2261 49 43 E.
481 2259 175 48 Sunday
685 2256 154 51 School
866 2262 43 45 at
938 2254 316 53 Montgomery,
1282 2253 110 54 Ala.,
1422 2261 85 46 and
1536 2274 89 33 was

309 2329 88 39 also
420 2334 211 34 treasurer
654 2323 46 45 of
725 2327 178 41 trustees
929 2319 83 49 and
1038 2317 215 51 stewards'
1280 2317 158 51 boards
1462 2324 47 44 of
1535 2327 93 41 said

310 2391 168 41 church.
539 2390 70 42 He
635 2388 76 44 has
738 2385 71 47 the
835 2384 132 48 credit
994 2384 48 48 of
1068 2383 152 50 giving
1245 2380 74 53 the
1343 2383 160 50 church
1530 2402 96 31 new

309 2460 76 40 life
403 2457 136 43 which
560 2468 107 37 gave
687 2456 31 49 it
737 2454 52 51 its
810 2458 167 47 present
997 2449 269 56 progressive
1285 2450 228 55 condition.
