1900 2800
756 303 60 32 IN
848 302 286 36 ALABAMA.

1539 285 58 46 77

280 411 195 40 Councill
522 422 114 29 were
681 410 157 41 elected
882 408 70 52 lay
996 414 192 46 trustees.
1248 408 162 52 Bishop
1456 405 143 55 Payre

279 477 127 42 made
433 492 23 27 a
486 477 144 48 ruling
656 475 92 50 that
777 476 242 49 secretaries
1048 474 153 51 should
1227 481 74 44 not
1328 475 51 50 be
1405 472 99 53 paid
1532 472 68 53 for

279 542 184 40 services
498 543 206 39 rendered
738 541 159 49 during-
942 541 156 49 annual
1148 539 296 51 Conferences.
1530 536 69 54 Rt.

281 607 106 42 Rev.
408 609 54 40 A.
480 609 69 41 W.
570 609 226 48 Wayman,
816 608 53 49 D.
889 607 68 50 D.,
976 606 152 51 visited
1146 604 83 53 this
1248 603 173 54 session.
1480 600 122 57 Bish¬

282 690 55 33 op
365 676 147 48 Payne
536 674 253 50 announced
815 673 71 51 the
913 671 224 53 following"
1162 670 186 54 subjects
1378 669 69 55 for
1476 667 126 57 1887:

340 753 54 40 A.
429 751 340 42 Class—"What
798 763 72 30 are
898 748 72 45 the
1000 747 197 46 relations
1228 747 47 46 of
1304 744 128 49 truth,
1464 757 140 37 mercy

286 820 85 40 and
404 819 167 52 justice,
605 824 46 47 to
684 822 292 49 government,
1011 812 293 59 ecclesiastical
1338 811 84 60 and
1456 810 151 61 civil?"

291 887 156 47 Prizes,
480 884 152 50 $10.00
662 883 84 51 and
777 882 135 52 $5.00.

344 962 48 41 B.
427 961 257 42 Class—"In
713 959 114 44 what
856 972 121 31 sense
1003 957 35 46 is
1068 957 94 46 God
1190 971 26 32 a
1242 955 253 51 consuming
1522 953 87 53 firt,

290 1031 85 41 and
402 1030 35 42 is
463 1029 55 43 he
545 1043 48 29 so
619 1029 135 43 under
780 1026 70 46 the
880 1025 214 47 Christian
1121 1038 45 34 as
1194 1023 136 49 under
1355 1023 73 49 the
1453 1020 156 52 Jewish

292 1095 344 52 dispensation?"
698 1094 156 53 Prizes,
883 1102 95 45 7.00
1003 1092 85 55 and
1113 1090 124 57 $3.50

350 1164 100 39 Dec.
480 1162 71 51 5th
576 1168 46 45 to
645 1159 71 54 the
745 1158 110 55 nth,
884 1157 116 56 1885,
1029 1156 161 57 Bishop
1214 1155 53 58 D.
1294 1154 53 59 A.
1376 1153 156 60 Payne,
1558 1151 53 62 D.

295 1232 68 47 D.,
390 1229 179 50 assisted
594 1229 55 51 by
676 1227 161 53 Bishop
863 1225 57 55 H.
950 1225 61 55 M.
1039 1221 179 59 Turner,
1246 1222 53 58 D.
1326 1222 68 58 D.,
1419 1221 99 59 held
1544 1219 70 61 the

301 1298 95 51 19th
428 1296 161 53 session
621 1294 47 55 of
697 1292 73 57 the
800 1292 209 57 Alabama
1041 1289 263 60 Conference
1334 1289 42 60 in
1410 1287 59 62 St.
1501 1287 111 62 John

296 1365 52 39 A.
376 1364 60 40 M.
461 1361 50 44 E.
538 1360 184 50 Church,
747 1360 315 51 Montgomery,
1088 1357 94 54 Ala.
1244 1355 261 56 Conference
1528 1368 87 43 was

297 1431 164 53 opened
488 1428 104 56 with
618 1428 134 56 hymn'
776 1436 96 48 950,
900 1423 159 61 "What
1085 1423 124 61 glory
1234 1422 114 62 gilds
1373 1420 71 64 the
1471 1422 145 62 sacred

299 1510 121 37 page,
455 1494 202 53 Majestic
688 1508 46 39 as
764 1492 72 55 the
867 1504 103 43 sun;
1003 1490 40 57 It
1073 1490 118 57 gives
1223 1502 25 45 a
1278 1488 107 59 light
1415 1494 47 53 to
1490 1501 124 46 every

299 1578 92 39 age,
427 1564 41 53 It
499 1563 134 54 gives,
667 1561 76 56 but
774 1560 192 57 borrows
999 1555 149 62 none."
1207 1554 105 63 Rev.
1347 1551 35 66 I.
1417 1550 54 67 N.
1506 1546 112 71 Fitz-

301 1630 176 53 patrick,
511 1626 47 57 F.
591 1628 48 55 B.
672 1624 159 59 Taylor
861 1624 85 59 and
975 1621 51 62 E.
1058 1623 58 60 H.
1148 1620 144 63 Dixon
1323 1630 111 53 were
1463 1614 155 69 elected

300 1696 257 42 secretaries.

358 1775 105 39 Rev.
499 1773 146 41 Moses
679 1771 52 43 R.
765 1769 179 47 Wilson,
993 1763 233 53 Traveling
1271 1762 143 54 Agent
1460 1760 46 56 of
1551 1756 70 60 the

303 1840 239 42 Methodist
572 1836 257 51 Publishing
857 1835 162 52 House,
1050 1831 153 56 visited
1232 1828 83 59 this
1347 1826 274 61 Conference,

303 1908 85 40 and
417 1904 271 54 represented
716 1902 72 56 the
816 1901 191 57 business
1036 1899 46 59 of
1111 1896 70 62 the
1212 1895 272 63 Conference.

359 1985 69 41 W.
465 1984 57 42 H.
559 1982 155 44 Mixon
751 1978 211 48 delivered
994 1991 26 35 a
1052 1973 202 53 fraternal
1287 1983 191 43 message
1511 1969 111 57 from

304 2053 71 40 the
399 2049 142 44 North
564 2049 209 44 Alabama
798 2044 261 49 Conference
1082 2048 45 45 to
1147 2040 91 53 that
1259 2038 123 55 body.

362 2130 105 40 Rev.
490 2128 37 52 J.
551 2128 70 52 W.
644 2124 190 56 Alstork,
856 2128 144 52 pastor
1020 2120 47 60 of
1089 2117 127 63 "Oha
1238 2114 152 66 Ships"
1412 2113 54 67 A.
1490 2112 61 68 M.
1575 2109 49 71 E.

306 2198 107 39 Zion
447 2194 172 43 Church
659 2191 107 52 (and
797 2203 98 40 now
928 2184 205 59 Bishop),
1164 2182 152 61 visited
1346 2179 71 64 the
1448 2178 176 65 Confer¬

308 2276 112 28 ence.

364 2340 134 43 Elder
527 2337 54 46 A.
615 2336 69 47 W.
724 2334 187 49 Atwater
941 2329 221 54 presented
1193 2327 73 56 the
1292 2338 123 45 name
1446 2323 48 60 of
1522 2323 104 60 Rev.

309 2409 51 39 R.
393 2408 53 40 D.
479 2404 166 44 Brooks
675 2402 48 46 of
752 2401 71 47 the
853 2397 170 51 Central
1054 2395 206 53 Alabama
1291 2391 261 57 Conference
1582 2389 46 59 of

308 2473 74 42 the
412 2473 62 42 M.
505 2468 51 47 E.
588 2466 185 49 Church,
805 2466 70 49 for
903 2462 213 55 reception
1145 2460 90 57 into
1262 2471 80 46 our
1369 2455 259 62 connection.
