1899 2798
273 293 88 44 100

609 291 248 35 AFRICAN
901 279 334 47 METHODISM

279 409 162 39 Adams
477 417 87 31 was
599 395 263 53 transferred
895 400 46 48 to
972 390 71 58 the
1079 385 140 63 North
1253 380 212 68 Alabama
1498 385 101 63 con¬

281 477 178 38 ference.
519 470 104 45 Rev.
662 464 50 51 T.
749 463 38 52 J.
826 459 213 56 Williams
1075 447 264 68 transferred
1377 445 115 70 from
1528 436 73 79 the

281 539 174 42 Florida
500 535 249 46 conference
792 535 47 46 to
882 525 72 56 the
999 519 183 62 Central.
1242 516 105 65 Rev.
1395 510 87 71 Jas.
1529 504 71 77 W.

281 606 176 41 Walker
479 615 88 32 was
591 595 190 52 received
804 607 45 40 as
873 607 24 40 a
918 589 187 58 transfer
1127 586 115 61 from
1267 575 198 72 Georgia.
1524 572 78 75 Dr.

287 672 166 52 Coppin
477 669 86 55 had
588 673 63 51 set
674 671 47 53 to
744 660 137 64 music
904 659 73 65 the
1000 655 142 69 words
1166 652 49 72 of
1241 647 164 77 Bishop
1431 638 172 86 Grant's

285 736 260 50 "Marching
573 734 120 52 Must
720 729 62 57 Be
809 724 163 62 Done."
1032 721 41 65 It
1098 732 89 54 was
1215 711 220 75 dedicated
1462 715 47 71 to
1533 705 73 81 the

288 803 127 45 Sixth
442 798 228 53 Episcopal
697 793 189 58 District.

343 872 198 38 Deacons
576 861 226 49 ordained:
839 859 37 52 J.
915 857 51 54 R.
1006 855 202 56 Burgess,
1245 849 53 62 D.
1338 844 43 67 S.
1421 838 185 73 Samuel,

288 939 38 52 J.
360 938 69 53 W.
464 933 150 58 Rhine,
651 929 135 62 Grant
817 926 174 65 Young,
1038 921 59 70 H.
1144 918 71 73 W.
1262 913 160 78 White,
1467 910 39 81 J.
1554 908 52 83 A.

288 1004 203 46 Thomas,
519 1001 69 49 W.
619 999 63 51 M.
711 996 147 54 Grace,
887 992 50 58 R.
969 990 46 60 P.
1046 985 168 65 Phillip,
1242 980 206 70 Anthony
1476 974 134 76 Mcll-

294 1071 125 44 v/ain,
440 1069 48 46 B.
507 1068 38 51 J.
567 1065 142 54 Craig,
727 1063 38 56 J.
788 1060 43 59 S.
853 1059 145 60 Perry,
1018 1055 47 64 L.
1085 1054 37 65 J.
1147 1051 198 68 Sanders,
1363 1047 58 72 H.
1440 1045 63 74 M.
1522 1042 86 77 Pil¬

293 1140 95 46 low,
414 1137 38 51 J.
480 1135 57 53 H.
565 1131 179 57 Allison,
771 1129 37 59 J.
837 1126 46 62 C.
913 1123 131 65 Cook.
1104 1119 175 69 Elders:
1305 1115 70 73 W.
1405 1114 47 74 B.
1480 1109 132 79 John¬

296 1219 88 31 son,
414 1203 45 47 C.
490 1201 41 49 S.
558 1200 143 51 Jones,
728 1196 49 55 E.
806 1194 52 57 A.
885 1189 239 62 Valentine,
1151 1187 58 64 H.
1237 1185 47 66 L.
1312 1179 300 72 Washington,

300 1273 58 39 H.
389 1271 272 45 Armstrong,
692 1264 114 52 Wm.
838 1259 121 57 Buck
986 1256 84 60 and
1098 1253 51 63 E.
1179 1253 49 63 L.
1259 1248 174 68 Martin,
1463 1247 53 69 A.
1547 1245 63 71 M.

299 1339 150 39 Green.

354 1404 103 39 Rev.
483 1401 37 51 J.
547 1400 57 52 H.
629 1399 274 53 Armstrong,
929 1388 192 64 financial
1148 1391 221 61 secretary,
1395 1376 221 76 presented

300 1473 70 39 the
400 1469 145 43 claims
574 1468 46 44 of
646 1463 92 49 that
767 1463 276 49 department.

360 1546 188 50 Sunday,
578 1549 42 47 at
654 1552 43 44 n
730 1553 36 43 a.
797 1551 69 45 m.,
897 1535 161 61 Bishop
1086 1529 49 67 T.
1168 1531 61 65 M.
1260 1529 52 67 D.
1343 1524 136 72 Ward
1506 1521 113 75 lined

302 1616 143 49 hymn,
510 1611 162 54 "Jesus,
736 1606 70 59 the
868 1617 124 48 name
1038 1599 104 66 high
1191 1609 101 56 over
1339 1593 95 72 all."
1524 1582 94 83 The

303 1677 304 56 preliminaries
639 1674 128 59 being
796 1684 102 49 over
929 1668 160 65 Bishop
1121 1664 135 69 Grant
1287 1659 179 74 selected
1498 1658 69 75 for
1597 1670 26 63 a

304 1754 103 38 text,
428 1745 89 47 "Be
536 1743 48 49 of
604 1741 113 52 good
738 1734 311 59 cheer"—Acts
1070 1743 52 50 23
1137 1741 76 52 :ii.
1272 1727 60 66 At
1351 1727 72 66 the
1442 1725 113 68 close
1572 1722 48 71 of

305 1814 72 39 the
398 1823 165 30 sermon
585 1808 119 45 these
723 1802 146 54 joined
888 1800 74 56 the
981 1796 180 60 church:
1186 1792 195 64 Caroline
1403 1790 219 66 Bowman,

306 1881 124 38 Allen
477 1874 215 52 Wiggins,
738 1869 170 57 Alonzo
937 1868 171 58 Brown,
1140 1864 123 62 Delia
1295 1860 145 66 Davis,
1475 1856 148 70 Hattie

307 1945 205 52 Johnson,
533 1942 107 55 Jane
660 1936 188 61 Wright,
869 1932 96 65 Ella
987 1930 105 67 Hill,
1115 1927 175 70 Martha
1311 1925 187 72 Malone,
1523 1921 102 76 Car¬

310 2015 60 38 rie
404 2010 192 46 Pulham,
632 2004 143 52 Smart
808 1999 180 57 Nesbitt,
1022 1996 188 60 Thomas
1242 1994 205 62 Johnson,
1483 1990 57 66 H.
1576 1988 49 68 B.

309 2080 148 43 Raine,
482 2074 194 49 Caroline
698 2068 277 55 Richardson,
999 2064 115 59 Julia
1134 2061 139 62 Wills,
1297 2060 119 63 Lucy
1438 2055 190 68 Thomp¬

312 2161 89 29 son,
439 2142 159 48 Arbela
634 2137 223 53 Williams,
899 2132 128 58 Sallie
1063 2127 206 63 Mitchell,
1309 2127 137 63 Reese
1480 2123 147 67 Davis,

313 2212 129 44 Louis
472 2210 184 46 Barnett,
686 2203 108 53 Lula
821 2199 166 57 Harris,
1015 2197 84 59 and
1126 2194 150 62 Luella
1301 2194 134 62 West.

369 2276 160 50 Bishop
549 2272 135 54 Ward
703 2267 178 59 assisted
900 2264 161 62 Bishop
1082 2262 134 64 Grant
1236 2262 42 64 in
1298 2260 73 66 the
1389 2257 242 69 ordination

316 2345 192 41 services.
566 2338 105 48 This
696 2350 86 36 was
808 2346 160 40 among
990 2330 69 56 the
1084 2329 81 57 last
1189 2329 47 57 of
1260 2327 66 59 his
1351 2324 152 62 official
1528 2329 101 57 acts.

371 2409 93 41 The
484 2408 115 42 third
621 2403 154 47 annual
798 2400 248 50 conference
1069 2396 46 54 of
1136 2394 72 56 the
1231 2391 170 59 Central
1423 2391 210 59 Alabama

316 2485 86 33 met
431 2477 43 41 in
504 2474 146 50 Quinn
683 2468 159 56 Chapel
872 2466 53 58 A.
959 2466 61 58 M.
1053 2462 50 62 E.
1137 2459 183 65 Church,
1352 2459 277 65 Uniontown,
