1900 2800
289 309 56 43 18

559 318 219 36 SKETCH
817 316 67 38 OF
929 317 114 37 THE
1088 316 243 38 AUTHOR.

292 438 136 39 found
457 450 223 38 necessary
707 442 46 46 to
782 436 143 52 divide
951 435 67 53 his
1050 434 162 54 district
1241 434 94 54 into
1362 441 120 47 more
1511 425 104 63 than

288 502 71 42 the
379 516 79 28 one
478 516 100 28 over
598 501 139 43 which
755 501 53 43 he
828 501 208 52 presided.
1082 501 42 52 A
1144 501 85 52 few
1248 501 47 52 of
1316 500 72 53 the
1408 491 208 62 churches

288 569 91 40 that
403 567 55 42 he
482 567 232 52 organized
739 579 73 40 are
835 581 99 38 now
960 565 232 54 important
1217 566 180 53 stations
1424 560 87 59 and
1534 556 82 63 cir¬

290 635 121 47 cuits,
465 634 193 51 namely:
716 632 237 53 Avondale,
1009 632 224 53 Rosedale,
1289 630 161 55 Ensley
1506 625 104 60 City,

291 701 191 48 Blocton,
537 700 232 49 Bessemer,
824 698 278 51 Meltonville,
1157 697 215 52 Sheffield,
1423 695 197 54 Dolceto,

292 767 60 43 St.
388 767 113 51 John
543 766 145 52 (West
739 765 184 53 Selma),
976 763 309 55 Plantersville,
1337 759 283 59 Maplesville,

290 834 131 40 River
426 833 109 48 falls,
569 832 248 49 Andelusia,
852 829 107 52 East
1006 830 128 51 Lake,
1184 829 193 52 Aldrich,
1428 827 192 54 Bethele-

287 900 111 48 hem,
424 898 60 50 St.
509 899 119 49 Paul,
654 897 157 51 Gaines
833 896 174 52 Chapel,
1032 896 230 52 Mitchell's
1286 895 110 53 Mill,
1422 895 195 53 Clanton,

288 965 85 40 and
395 978 129 40 many
545 964 156 54 others.

346 1032 72 41 He
448 1031 66 42 led
545 1031 72 42 the
649 1044 93 39 way
771 1030 44 53 in
846 1030 256 53 organizing
1131 1031 86 52 and
1245 1029 199 55 building
1475 1030 145 55 Payne

291 1098 262 51 University,
591 1099 42 50 in
675 1098 104 51 1889
814 1099 84 50 and
933 1113 88 36 was
1057 1099 53 50 its
1146 1099 92 50 first
1275 1097 223 52 Secretary
1533 1099 85 50 and

290 1163 245 43 Treasurer.
598 1165 111 41 Nov.
744 1176 38 39 4,
823 1164 117 53 1889,
989 1163 72 54 the
1110 1163 145 54 school
1304 1165 164 52 opened
1516 1165 102 52 with

291 1233 119 39 Prof.
439 1233 69 40 W.
537 1233 48 40 B.
612 1231 194 51 Johnson
834 1232 238 50 Principal;
1102 1234 106 48 Mrs.
1236 1231 155 51 Emma
1419 1234 63 48 M.
1511 1232 106 50 Gar¬

290 1306 81 34 rett
410 1299 101 51 (nee
546 1299 200 51 Young),
779 1300 85 50 and
897 1300 106 50 Mrs.
1036 1298 233 52 Josephine
1302 1298 174 52 Shivers
1517 1299 99 51 (nee

291 1365 267 54 Burghees),
592 1365 202 54 teachers.
855 1362 93 57 The
982 1365 121 54 rapid
1138 1366 295 53 development
1466 1365 48 54 of
1547 1366 71 53 the

290 1433 144 41 school
487 1434 280 41 necessitated
819 1434 233 41 additional
1103 1432 204 43 teachers.
1365 1434 130 41 After
1545 1433 72 42 the

291 1504 214 52 marriage
528 1504 48 52 of
604 1503 108 53 Miss
741 1501 181 55 Garrett,
952 1503 109 53 Miss
1088 1503 143 53 Laura
1256 1501 50 55 E.
1336 1501 172 55 Samuel
1534 1503 85 53 and

292 1572 110 39 Miss
570 1570 120 42 Cook
717 1584 111 28 were
857 1571 234 52 employed.
1154 1570 126 53 Since
1306 1571 102 52 then
1436 1570 71 53 the
1538 1571 79 52 fol¬

290 1638 161 51 lowing
488 1637 189 52 teachers
716 1638 109 51 have
867 1638 203 51 rendered
1109 1639 115 51 good
1263 1639 183 51 service:
1507 1640 109 50 Miss

289 1706 143 41 Willie
455 1707 60 40 M.
540 1705 145 49 Mims,
709 1707 109 47 Miss
840 1704 50 50 E.
913 1706 52 48 A.
991 1707 174 47 Martin,
1191 1708 106 46 Mrs.
1321 1707 124 47 Alice
1467 1707 148 47 Short-

293 1775 121 51 ridge
446 1774 97 52 (nee
568 1772 324 54 Edmiondsori),
918 1773 108 53 Miss
1054 1774 154 52 Mattie
1230 1774 125 52 Ross,
1374 1775 107 51 Mrs.
1503 1774 112 52 Cora

295 1841 118 40 Nero
442 1841 160 47 Moten,
635 1840 105 48 Mrs.
771 1839 234 51 Louphene
1032 1838 132 52 Stone
1200 1839 101 52 (nee
1330 1841 282 54 Merriman).

291 1904 94 43 Tfhe
410 1913 169 45 present
607 1905 142 53 Board
777 1906 34 52 is
841 1906 108 52 Miss
977 1905 47 53 L.
1054 1903 49 55 E.
1135 1904 184 54 Samuel,
1350 1908 107 50 Mrs.
1486 1909 129 49 Viola

288 1973 189 48 W^alker,
499 1972 108 49 Miss
629 1971 126 53 Ruby
773 1971 53 53 A.
850 1970 209 54 Goodwin
1079 1972 85 52 and
1186 1972 110 52 Miss
1316 1972 97 52 Ella
1433 1975 178 49 Adams.

347 2040 111 51 June
495 2038 60 53 16,
594 2038 116 53 1898,
744 2039 54 52 he
829 2052 86 39 was
948 2038 185 53 married
1164 2045 45 46 to
1244 2041 109 50 Miss
1388 2041 222 50 Elizabeth

287 2106 198 51 Jackson,
521 2105 98 52 lady
665 2103 205 54 principal
920 2105 47 52 of
1015 2104 284 53 Wilberforce
1347 2108 261 56 University.

291 2171 86 42 She
400 2185 86 28 was
510 2172 72 41 the
605 2169 209 52 daughter
837 2170 48 51 of
907 2171 104 50 Rev.
1037 2168 189 53 Thomas
1250 2173 53 48 A.
1329 2174 201 53 Jackson,
1556 2179 52 48 D.

287 2238 52 39 D.
401 2237 181 46 Bishops
613 2234 179 49 Turner,
826 2236 149 49 Salter,
1007 2237 179 48 Arnette
1215 2240 85 45 and
1331 2239 156 46 Gaines
1518 2246 90 39 offi¬

292 2304 146 47 ciated.
498 2300 92 51 The
618 2303 211 51 marriage
857 2316 87 38 was
974 2303 129 51 short,
1131 2304 76 50 but
1234 2305 48 49 of
1308 2305 143 53 happy
1480 2309 127 49 dura¬

287 2371 101 39 tion.
448 2366 67 44 To
534 2369 114 41 them
671 2383 111 27 were
803 2369 105 41 born
931 2369 201 44 Winfield
1153 2370 186 52 Jackson
1362 2374 84 48 and
1470 2375 139 47 Henri

287 2436 143 51 Julian
467 2436 165 51 Mixon.
692 2435 202 52 Winfield
928 2436 111 51 lived
1074 2450 82 37 one
1187 2450 102 39 year
1322 2439 85 50 and
1442 2441 166 48 sixteen
