1900 2800
727 646 290 48 CHAPTER
1035 649 128 45 VIII-

343 831 50 40 In
426 830 106 50 1884
556 830 72 50 the
657 828 179 52 General
866 828 263 52 Conference
1156 835 43 45 at
1227 828 243 52 Baltimore,
1500 827 105 53 Md..

285 897 229 52 appointed
538 903 47 46 to
607 897 73 52 the
705 895 186 54 Seventh
917 894 227 55 Episcopal
1170 895 189 54 District,
1386 894 218 55 including

287 965 210 40 Alabama
524 964 83 43 and
637 960 186 49 Florida,
852 963 73 46 the
951 963 70 46 Rt.
1051 962 104 47 Rev.
1185 960 152 49 Daniel
1365 961 54 48 A.
1450 960 154 52 Payne,

289 1032 52 40 D.
373 1031 68 49 D.,
472 1031 86 49 LL.
590 1030 66 50 D.,
687 1030 72 50 the
789 1028 151 52 Senior
970 1029 161 52 Bishop
1161 1027 147 54 of'the
1337 1027 170 54 church,
1537 1027 71 54 the

288 1098 161 52 apostle
473 1098 47 52 of
546 1096 217 54 Christian'
786 1096 222 54 education
1033 1109 158 41 among
1212 1095 72 55 the
1307 1094 169 56 colored
1500 1093 107 57 Uni¬

289 1165 202 48 versities,
518 1171 46 42 to
587 1163 168 50 preside
777 1177 103 36 over
904 1163 71 50 the
1000 1177 128 36 same.
1187 1160 162 53 Bishop
1376 1162 145 51 Payne
1544 1162 63 51 in¬

291 1231 173 40 stituted
488 1230 71 41 the
583 1230 174 52 writing
779 1229 84 53 and
888 1229 178 53 reading
1089 1229 47 53 of
1161 1242 141 40 essays
1327 1227 43 55 in
1394 1240 80 42 our
1498 1225 111 57 Con¬

293 1299 179 45 ference,
514 1297 194 51 Literary
749 1297 85 51 and
874 1295 233 53 Historical
1148 1295 282 53 Association,
1470 1293 138 55 which

294 1365 165 39 feature
485 1364 162 52 proved
677 1377 103 39 very
807 1362 217 54 beneficial
1052 1368 48 48 to
1124 1361 102 55 both
1254 1373 147 43 young
1428 1361 85 55 and
1540 1360 71 56 old

291 1430 225 41 ministers.
577 1430 146 41 Prizes'
754 1443 110 28 were
897 1430 158 51 always
1087 1428 199 53 awarded
1317 1428 71 53 the
1422 1426 186 55 essayist.

347 1495 93 43 The
473 1497 90 41 first
597 1497 252 41 conference
882 1497 134 41 under
1050 1496 66 42 his
1150 1494 339 44 administration
1523 1507 87 31 was

290 1564 97 40 held
404 1571 42 34 at
464 1563 277 49 Uniontown,
759 1563 94 49 Ala.
886 1561 93 51 The
996 1563 155 49 second
1168 1576 87 36 was
1270 1560 99 52 held
1386 1568 41 44 at
1445 1560 159 52 Hunts-

292 1632 118 48 ville;
432 1631 72 49 the
524 1631 115 49 third
660 1643 87 37 was
769 1630 98 50 held
889 1630 42 50 in
956 1628 164 52 Selma;
1140 1628 73 52 the
1235 1628 146 52 fourth
1402 1641 87 39 was
1511 1627 96 53 held

290 1699 42 39 in
351 1696 307 53 Birmingham.
678 1697 69 52 W.
766 1697 58 52 H.
844 1695 155 54 Mixon
1015 1707 87 42 was
1119 1694 113 55 chief
1249 1699 220 50 secretary,
1490 1693 118 56 Prof.

292 1765 68 40 W.
392 1765 57 40 H.
481 1763 204 50 Councill,
716 1761 220 52 statistical
965 1767 222 46 secretary,
1218 1761 102 52 Rev.
1351 1760 51 53 R.
1434 1759 52 54 K.
1519 1759 91 54 Mc-

292 1831 110 52 Vay,
431 1830 226 53 recording
683 1835 223 48 secretary.
965 1828 105 55 Rev.
1098 1827 49 56 B.
1174 1823 50 60 T.
1252 1823 184 60 Tanner,
1463 1824 52 59 D.
1544 1824 67 59 D.,

293 1897 136 41 editor
458 1898 47 40 of
534 1896 71 42 the
635 1897 52 41 A.
720 1897 62 41 M.
813 1893 50 45 E.
894 1895 185 46 Review,
1109 1894 83 47 and
1221 1893 103 48 Rev.
1356 1892 48 49 B.
1435 1888 46 53 F.
1511 1891 95 50 Lee.

293 1964 52 40 D.
376 1963 68 49 D.,
474 1962 136 50 editor
639 1962 47 50 of
714 1963 74 49 the
816 1959 213 53 Christian
1058 1958 225 54 Recorder,
1314 1958 83 54 and
1426 1956 103 56 Rev.
1560 1955 47 57 B.

294 2031 70 41 W.
394 2030 168 48 Arnett,
591 2028 54 50 D.
676 2028 69 50 D.,
774 2026 195 52 financial
998 2031 222 47 secretary,
1250 2022 151 56 visited
1429 2019 72 59 the
1529 2033 85 45 ses¬

293 2096 105 41 sion.
458 2092 93 45 The
576 2094 161 51 Bishop
760 2106 110 39 gave
892 2105 101 40 very
1017 2089 247 56 instructive
1287 2087 177 58 lectures
1488 2098 125 47 every

294 2162 202 53 morning
519 2163 113 52 from
655 2159 72 56 the
749 2157 183 58 Epistles
954 2164 46 51 to
1021 2154 213 61 Timothy.
1294 2154 52 61 In
1367 2154 69 61 the
1460 2153 155 62 second

297 2231 119 51 day's
444 2229 176 53 Session,
650 2227 71 55 Rt.
751 2226 105 56 Rev.
885 2225 58 57 H.
974 2224 63 58 M.
1066 2219 180 63 Turner,
1275 2220 53 62 D.
1358 2220 69 62 D.,
1457 2218 160 64 Bishop

299 2296 181 53 Payne's
520 2294 218 55 associate,
778 2305 87 44 was
904 2289 222 60 presented
1163 2295 44 54 to
1244 2287 73 62 the
1354 2285 260 64 conference.

297 2361 94 43 The
415 2360 255 44 Committee
692 2372 54 32 on
769 2357 249 47 Admission
1042 2352 322 52 recommended
1386 2350 70 54 the
1478 2365 140 39 recep¬

294 2431 91 39 tion
414 2427 48 43 of
491 2427 72 43 the
593 2425 225 52 following
845 2422 220 55 brethren:
1096 2422 48 55 L.
1176 2419 47 58 C.
1255 2418 173 59 Cathey,
1459 2418 55 59 N.
1544 2419 69 58 W.

905 2484 87 43 (75)
