1927 2818
319 284 87 45 138

669 301 247 38 AFRICAN
950 306 329 37 METHODISM

373 403 137 43 When
535 418 48 40 19
603 422 120 38 years
744 412 48 48 of
811 423 79 41 age
909 412 53 52 he
981 422 112 42 went
1111 422 44 42 to
1177 414 230 54 Memphis,
1429 422 43 46 at
1492 411 137 57 which

314 470 101 41 time
442 471 53 42 he
522 487 86 28 was
637 477 152 40 unable
816 485 43 33 to
888 481 99 39 read
1015 495 49 26 or
1091 482 130 41 write.
1282 481 71 42 He
1382 481 155 42 credits
1565 479 64 44 his

314 536 163 53 change
501 539 43 50 in
571 540 74 49 life
669 548 44 41 to
739 543 140 52 Judge
905 546 36 51 J.
971 544 48 53 T.
1048 547 194 50 Latham,
1269 547 46 50 of
1343 544 92 53 that
1462 546 96 51 city,
1587 550 42 47 to

311 601 141 42 whom
477 603 54 42 he
556 620 86 27 was
671 609 241 52 employed;
939 612 99 49 who
1063 612 176 49 advised
1265 611 89 50 him
1381 617 47 44 to
1453 610 176 51 educate

308 667 173 43 himself
505 672 83 40 and
612 674 126 52 study
762 674 93 52 law,
879 679 84 47 cjid
986 679 124 47 made
1133 677 88 49 him
1245 691 26 35 a
1293 676 198 53 promise,
1518 675 34 54 if
1577 675 52 54 he

308 737 141 39 would
471 736 55 42 do
544 751 59 35 so,
623 746 45 40 to
688 741 151 45 donate
861 742 79 44 law
961 745 143 41 books.
1166 744 69 42 He
1256 743 191 43 received
1469 744 65 42 his
1557 743 71 43 ed¬

307 803 167 40 ucation
496 811 42 33 at
560 805 215 53 Lemoyne
797 808 183 54 College,
1005 809 228 53 Memphis,
1256 807 135 55 Tent).

363 868 69 41 He
450 871 91 39 tells
561 885 52 26 an
635 872 247 54 interesting
900 883 115 47 s'tory
1034 878 46 52 of
1099 878 65 52 his
1184 877 215 53 struggles
1420 882 44 48 to
1483 876 142 54 obtain

304 947 53 26 an
379 935 233 41 education.

362 1000 70 40 He
458 1015 87 27 was
573 1006 225 40 converted
826 1006 123 41 when
981 1019 45 40 15
1055 1022 49 37 or
1135 1008 49 51 16
1209 1022 122 39 years
1359 1009 48 52 of
1433 1024 80 38 age
1540 1010 84 52 and

302 1067 145 40 united
464 1068 102 41 with
583 1070 71 40 the
673 1070 165 52 Baptist
857 1072 183 50 Church.
1101 1074 70 48 On
1190 1076 135 53 going
1343 1083 46 46 to>
1407 1076 215 54 Memphis

301 1137 45 33 to
369 1132 82 41 live
474 1133 101 41 with
600 1149 53 26 an
677 1137 121 41 uncle
821 1137 100 41 who
943 1154 86 28 was
1054 1155 26 27 a
1101 1142 189 40 member
1313 1143 48 39 of
1384 1143 73 41 the
1481 1143 140 41 Meth¬

300 1199 111 39 odist
430 1200 169 48 church,
620 1203 53 45 he
689 1202 170 46 became
877 1219 24 29 a
919 1207 187 41 member
1124 1207 47 42 of
1191 1209 71 41 old
1281 1209 84 41 Ave
1379 1222 48 42 ry
1447 1209 172 55 Chapel,

300 1264 134 41 under
461 1265 103 42 Rev.
592 1267 235 52 Hamilton,
854 1271 42 48 in
923 1272 61 50 '71
1016 1287 46 35 or
1089 1274 79 51 '72,
1196 1275 84 50 and
1306 1276 191 49 received
1523 1292 24 33 a
1571 1280 37 45 li¬

298 1343 122 27 cense
440 1337 45 35 to
504 1332 152 42 exhort
676 1335 135 41 under
832 1336 75 41 Dr.
931 1337 50 41 R.
1006 1335 46 44 F.
1076 1338 178 54 Hurley.

354 1396 70 41 He
441 1400 198 40 returned
658 1406 46 36 to
721 1401 208 43 Alabama
947 1405 84 40 and
1049 1404 153 54 taught
1222 1406 155 52 school.
1439 1410 50 48 In
1508 1411 110 53 1877

295 1462 52 41 he
372 1476 86 27 was
484 1471 92 34 sent
599 1472 45 34 to
668 1466 186 42 Decatur
877 1470 53 52 by
955 1470 93 52 Rev
1073 1468 46 54 F.
1147 1473 57 49 H.
1232 1472 151 53 Smith,
1411 1473 45 52 P.
1483 1476 63 52 E.,
1572 1485 43 43 to

295 1537 144 44 pastor
464 1545 24 36 a
513 1532 176 49 mission
715 1535 47 46 of
788 1535 66 46 six
880 1537 221 49 members,
1129 1540 140 46 where
1295 1543 52 43 he
1373 1545 149 42 served
1548 1547 66 40 six

295 1596 169 41 months
495 1599 84 39 and
609 1600 191 42 received
830 1601 80 50 $12
944 1603 67 48 for
1041 1612 177 46 support
1247 1609 84 49 and
1360 1610 139 48 added
1527 1619 86 39 two

292 1663 207 41 members
521 1670 47 35 to
587 1665 71 41 the
679 1666 170 41 church.
910 1670 69 41 He
1001 1678 85 34 met
1108 1671 69 41 the
1201 1674 252 44 conference
1474 1677 137 42 which

291 1730 216 40 convened
525 1731 41 39 in
587 1731 181 52 Opelika
786 1733 42 50 in
846 1734 71 49 the
935 1750 116 33 same
1067 1751 111 39 year,
1198 1742 85 48 and
1301 1756 87 34 was
1408 1745 203 45 ordained

291 1809 22 26 a
339 1796 156 41 deacon
518 1798 55 51 by
597 1798 158 52 Bishop
783 1799 226 54 Campbell.
1072 1804 70 49 He
1163 1819 130 34 never
1316 1824 31 29 w
1357 1823 50 30 as1
1427 1811 183 43 licensed

290 1876 24 25 a
341 1863 105 40 local
474 1865 211 50 preacher,
715 1866 73 49 but
816 1881 87 34 was
931 1882 51 33 an
1013 1870 198 45 exhorter
1239 1874 121 41 when
1390 1878 215 43 ordained.

344 1925 92 43 The
473 1928 140 41 North
647 1931 209 41 Alabama
893 1931 261 45 Conference
1189 1952 87 27 was
1312 1948 62 33 set
1408 1951 122 44 apart
1565 1957 42 38 at

287 1994 81 40 this
394 1995 170 49 session,
591 1997 82 47 and
693 1995 54 49 he
770 1998 189 46 received
981 1997 71 47 the
1076 2000 155 55 charge
1256 2006 45 49 of
1327 2006 279 49 Columbiana

289 2059 160 41 Circuit
481 2059 42 41 in
557 2061 91 41 said
681 2063 261 47 conference,
975 2066 138 44 which
1147 2068 51 42 he
1232 2073 149 39 served
1415 2075 70 40 for
1517 2084 88 35 two

283 2139 121 36 years
428 2125 102 50 with
554 2128 114 50 good
692 2141 176 37 success,
895 2130 162 53 adding
1079 2146 128 40 many
1230 2139 210 47 members
1462 2148 47 38 to
1531 2143 71 43 the

283 2190 203 43 churches
507 2206 53 27 on
581 2192 71 42 the
671 2193 159 42 circuit.

339 2257 82 40 His
449 2265 102 33 next
578 2259 156 52 charge
760 2272 87 39 was
878 2259 262 54 Centreville,
1170 2266 142 47 where
1337 2270 55 43 he
1419 2287 97 40 says
1544 2278 54 49 he

283 2321 134 41 found
438 2322 72 41 the
530 2322 158 42 church
712 2325 40 40 in
775 2325 103 41 such
901 2327 234 43 conditions
1158 2331 91 42 that
1270 2335 119 42 there
1410 2352 87 30 was
1521 2343 76 42 but

280 2400 79 27 one
384 2387 123 53 thing
532 2389 52 51 he
608 2390 124 50 could
759 2391 56 49 do
838 2393 83 47 and
946 2392 90 48 that
1061 2409 86 31 was
1173 2403 43 37 to
1243 2404 97 36 turn
1368 2402 55 41 all
1449 2407 48 39 of
1523 2409 71 41 the

278 2454 207 42 members
513 2462 210 36 out—one
749 2457 194 42 hundred
970 2462 83 39 and
1082 2461 429 55 eighty-six—which
1540 2473 52 43 he
