1900 2800
657 310 250 36 AFRICAN
931 311 348 37 METHODISM.
1522 299 87 49 189

286 447 101 31 tion,
414 443 71 35 trie
510 429 279 49 iron-headed
813 445 238 36 oppressor,
1075 431 71 50 the
1171 428 240 53 evil-doers,
1437 431 53 50 all
1515 444 97 37 pro¬

289 497 99 39 fane
419 509 190 37 persons,
643 510 45 36 as
721 496 95 50 well
848 512 45 34 as
925 496 72 50 the
1028 497 125 51 good,
1186 510 72 38 are
1288 497 117 51 there
1436 496 177 52 waiting

288 563 68 38 for
385 562 110 40 their
525 563 158 39 eternal
713 570 206 33 sentence.
980 561 173 45 Eternal
1182 563 93 43 love
1304 563 210 50 arranged
1544 563 70 50 for

286 626 71 41 the
382 627 241 51 judgment,
651 629 158 49 eternal
833 628 116 50 truth
975 631 91 47 said
1090 631 31 47 it
1144 630 143 48 would
1310 630 65 48 be;
1399 628 84 50 and
1507 635 105 43 eter¬

287 694 69 39 nal
387 694 500 52 justice—equity—will
916 696 179 51 preside.
1154 694 92 53 The
1276 698 235 50 malignant
1541 695 70 53 de¬

288 775 122 26 mons
435 762 84 39 will
545 763 134 50 spend
702 763 110 50 their
836 764 178 51 eternity
1038 778 120 37 away
1183 764 115 51 from;
1319 764 71 51 the
1413 776 198 39 presence

288 828 47 38 of
366 841 79 26 our
477 824 168 49 Father,
678 829 41 44 in
751 842 103 35 woe,
887 829 156 52 misery
1074 830 82 51 and
1189 827 422 54 remorse—without

288 895 341 50 understanding
648 896 71 49 the
739 902 186 43 mystery
945 896 179 49 thereof.
1185 894 203 51 "Behold,
1410 896 84 49 and
1514 893 100 52 holy

290 961 33 39 is
358 960 52 40 he
444 960 91 41 that
566 960 104 41 hath
704 968 94 40 part
832 962 42 46 in
908 961 71 47 the
1012 961 90 47 first
1136 961 321 47 resurrection."
1549 960 63 48 O!

292 1026 171 41 Church
497 1027 47 40 of
576 1027 71 40 the
679 1027 135 49 living
847 1026 107 50 God,
990 1026 325 50 Grief-stricken
1350 1026 182 50 Church,
1566 1028 47 48 af

291 1094 151 48 flicted,
470 1094 236 50 lamenting
727 1094 71 50 the
824 1094 124 50 death
974 1095 46 49 of
1045 1107 107 37 your
1176 1094 168 57 prelate,
1371 1090 136 61 editor
1531 1094 84 57 and

291 1161 237 40 ministers!
560 1159 175 43 Endure
757 1160 206 42 hardness
984 1175 45 27 as
1052 1162 114 49 good
1190 1161 176 50 soldiers
1388 1162 48 49 of
1460 1160 154 51 Christ.

292 1228 99 39 You
425 1228 85 40 will
544 1242 70 27 see
644 1242 109 37 your
783 1227 173 52 bishops
990 1227 126 52 again
1131 1241 8 38 ;
1171 1242 84 38 you
1288 1228 85 52 will
1406 1242 69 38 see
1505 1242 108 39 your

291 1295 213 40 ministers
534 1296 150 48 again;
713 1309 83 36 you
824 1294 85 51 will
938 1309 67 36 see
1034 1309 78 36 our
1140 1296 106 49 class
1275 1295 162 50 leaders
1465 1295 150 50 again;

291 1375 84 35 you
397 1361 86 49 will
506 1376 67 34 see
593 1360 70 50 the
684 1362 208 48 members
914 1362 46 48 of
980 1375 108 35 your
1109 1360 158 50 church
1289 1362 84 48 and
1393 1361 71 49 the
1485 1373 130 37 mem¬

290 1429 94 39 bers
415 1428 47 40 of
490 1442 107 36 your
627 1427 181 51 families
839 1429 138 49 again.
1010 1427 187 51 Where?
1241 1427 187 51 Where?
1458 1427 158 51 Where

292 1496 85 39 will
404 1509 84 35 you
516 1508 67 36 see
609 1494 145 50 them?
785 1491 92 53 The
903 1509 166 35 answer
1095 1508 154 36 comes,
1278 1494 86 50 "At
1390 1493 72 51 the
1487 1495 129 50 judg¬

291 1569 115 32 ment
436 1567 88 34 seat
554 1562 47 39 of
632 1560 154 41 Christ.
848 1560 249 49 Christians,
1127 1562 50 47 be
1209 1559 187 50 faithful.
1460 1561 156 48 Work!

296 1628 176 39 Watch!
499 1627 136 40 JJTait!
694 1628 101 39 And
817 1641 84 36 you
922 1627 85 50 will
1030 1628 132 49 spend
1183 1627 178 50 eternity
1383 1626 102 51 with
1508 1626 106 51 God.

294 1695 128 40 "And
452 1694 95 41 God
576 1693 106 42 shall
711 1694 109 48 wipe
848 1708 120 35 away
996 1694 55 49 all
1079 1700 110 43 tears
1220 1694 112 49 from
1360 1692 109 51 their
1498 1708 117 36 eyes;

293 1762 83 40 and
404 1762 120 40 there
552 1761 106 41 shall
686 1761 52 41 be
763 1775 55 27 no
847 1773 118 29 more
994 1760 136 47 death,
1159 1760 162 47 neither
1349 1774 161 33 sorrow
1537 1774 79 33 nor

294 1828 172 49 crying;
496 1825 164 52 neither
689 1825 105 52 shall
821 1825 118 52 there
966 1826 50 51 be
1045 1839 81 38 any
1154 1838 118 39 more
1298 1826 121 51 pain;
1450 1825 68 52 for
1544 1823 71 54 the

295 1895 160 39 former
494 1892 146 50 things
682 1906 69 36 are
790 1892 151 50 passed
983 1892 159 50 away."
1202 1892 77 50 Eet
1319 1891 118 51 these
1476 1891 139 51 words

293 1959 203 41 convince
518 1972 84 36 you
620 1974 6 34 :

577 2046 106 31 "God
708 2053 134 24 moves
867 2046 40 31 in
931 2053 23 24 a
978 2044 237 38 mysterious
1240 2051 97 31 way,

626 2101 73 30 His
726 2101 179 30 wonders
932 2101 40 30 to
1000 2100 189 36 perform;

580 2157 61 30 He
668 2156 130 36 plants
825 2155 61 37 his
913 2155 195 37 footsteps
1135 2155 40 37 in
1201 2155 66 37 the
1295 2163 69 29 sea

626 2212 86 30 And
738 2211 104 31 rides
868 2219 104 29 upon
997 2210 66 38 the
1090 2211 134 37 storm.

579 2300 115 30 Blind
721 2298 175 32 unbelief
921 2298 35 32 is
984 2306 90 24 sure
1100 2299 42 31 to
1170 2306 73 29 err,

627 2355 86 30 And
742 2362 94 23 scan
862 2354 62 31 his
950 2354 109 31 work
1084 2353 43 32 in
1152 2353 109 37 vain;

582 2410 82 31 God
694 2410 34 31 is
758 2409 62 32 his
850 2417 86 24 own
966 2410 247 36 interpreter,

628 2465 87 34 And
743 2465 49 35 he
819 2464 79 36 will
925 2465 115 35 make
1066 2464 32 36 it
1125 2464 141 38 plain."
