1900 2800
758 282 63 31 IN
863 279 287 37 ALABAMA.

1540 263 88 47 211

514 387 151 33 "Death
699 387 135 33 enters
866 385 78 35 and
977 382 150 38 there's
1157 390 52 30 no
1241 381 175 39 defense,

566 432 69 32 His
648 431 93 33 time
759 430 147 34 there's
926 438 98 26 none
1042 437 70 27 can
1131 426 90 38 tell;

510 477 103 33 He'll
637 477 42 33 in
704 485 25 25 a
753 476 176 34 moment
954 474 75 36 call
1053 474 93 36 thee
1171 473 126 37 hence

557 523 56 31 To
640 523 154 31 heaven
820 528 47 26 or
892 521 114 33 down
1032 520 42 34 to
1101 517 115 37 hell."

355 592 105 43 This
487 593 134 42 world
649 593 34 42 is
710 606 53 29 an
791 589 319 51 amphitheater.
1170 584 93 56 The
1289 592 138 48 actors
1455 598 71 42 are
1552 583 73 57 the

298 662 160 40 human
494 659 159 51 family.
713 658 97 52 One
843 663 112 47 steps
988 669 55 41 on
1075 654 71 56 the
1179 660 121 50 stage
1329 651 84 59 and
1445 650 175 60 another

301 737 112 43 steps
438 728 75 52 off.

355 796 70 40 He
447 795 133 41 closes
602 792 66 44 his
691 806 141 30 career
855 791 100 45 with
980 788 118 48 these
1119 788 165 48 words:
1308 787 48 49 "I
1380 786 126 50 know
1529 783 92 53 that

297 865 105 40 thou
422 863 90 42 wilt
531 861 128 51 bring-
678 875 68 37 me
765 867 44 45 to
832 859 124 53 death
978 858 84 54 and
1082 864 46 48 to
1146 857 71 55 the
1238 856 133 56 house
1392 851 229 61 appointed

300 930 68 41 for
391 931 53 40 all
468 929 173 47 living."
673 925 138 51 There
835 940 72 36 are
928 926 122 50 those
1072 923 99 53 who
1192 937 97 39 may
1314 921 164 55 depend
1502 933 115 43 upon

298 998 109 40 their
432 996 217 48 strength;
675 995 91 49 that
793 993 143 51 would
959 998 77 46 not
1062 1004 101 40 save
1185 990 127 54 them,
1341 999 49 45 or
1414 989 34 55 it
1473 986 146 58 would

295 1064 110 41 have
431 1063 128 42 saved
588 1060 210 51 Sampson
827 1059 112 52 from
967 1057 137 54 death.
1164 1057 83 54 We
1269 1061 157 50 cannot
1454 1051 165 60 depend

297 1144 116 37 upon
431 1130 221 51 meekness
670 1136 47 45 to
734 1142 100 39 save
853 1127 119 54 these
988 1125 158 56 bodies,
1169 1124 70 57 for
1258 1124 37 57 if
1313 1137 65 44 we
1398 1120 221 61 depended

296 1212 117 37 upon
437 1197 92 52 that
555 1209 64 40 we
644 1195 142 54 would
810 1195 52 54 be
888 1193 182 56 shaking
1093 1192 137 57 hands
1256 1189 102 60 with
1386 1189 170 60 Moses;
1582 1186 36 63 if

297 1278 116 37 upon
438 1263 191 52 patience
654 1275 80 40 our
758 1260 180 55 afflicted
963 1260 81 55 Job
1071 1257 143 58 would
1240 1257 52 58 be
1315 1261 193 54 present;
1534 1267 83 48 age

297 1332 34 39 is
351 1329 264 47 insufficient,
635 1341 48 35 or
703 1326 270 50 Methuselah
991 1325 143 51 would
1152 1325 51 51 be
1221 1321 102 55 with
1343 1337 49 39 us
1411 1319 203 57 to-night.

298 1397 278 52 Preparation
615 1395 69 54 for
721 1394 100 55 holy
859 1393 133 56 dying
1029 1391 36 58 is
1103 1388 514 61 necessary—absolutely

296 1476 236 38 necessary.
591 1462 115 52 Only
729 1475 79 39 one
832 1460 92 54 safe
947 1473 117 41 way;
1086 1456 91 58 that
1201 1457 34 57 is
1258 1455 71 59 the
1351 1469 95 45 way
1467 1454 150 60 blazed

294 1532 57 49 by
375 1530 287 51 Christianity.
722 1528 43 53 If
789 1542 24 39 a
836 1540 98 41 man
958 1526 147 55 makes'
1126 1524 65 57 his
1216 1538 94 43 way
1334 1522 187 59 through
1544 1521 73 60 the

298 1597 133 47 Bible,
464 1596 54 48 he
551 1602 153 42 cannot
736 1601 72 43 get
840 1595 94 49 lost.
993 1589 93 55 The
1119 1590 120 54 Bible
1273 1590 34 54 is
1339 1588 72 56 the
1444 1588 171 56 world's

295 1664 143 47 chart;
461 1664 31 47 it
516 1663 35 48 is
575 1661 70 50 the
668 1661 180 50 nation's
873 1660 141 51 guide,
1038 1658 71 53 the
1132 1656 224 55 children's
1382 1655 233 56 directory:

294 1732 73 40 the
397 1730 249 42 Christian's
676 1729 123 46 oasis,
827 1727 225 48 minister's
1082 1738 206 37 compass,
1317 1723 71 52 the
1416 1721 199 54 mission¬

295 1799 111 48 ary's
431 1797 207 50 flambeau
662 1796 82 51 and
766 1796 72 51 the
861 1793 176 54 sinner's
1063 1792 206 55 fountain.

349 1864 141 41 Wait!
549 1863 83 42 We
650 1875 72 30 are
741 1868 43 37 at
804 1861 71 44 the
894 1860 207 50 junction.
1160 1859 79 51 Let
1260 1872 50 38 us
1331 1857 98 53 take
1448 1856 71 54 the
1541 1869 73 41 ex¬

294 1946 119 36 press
444 1930 111 52 train
587 1930 47 52 of
664 1929 194 53 thought,
890 1926 103 56 with
1024 1926 146 56 orders
1201 1932 46 50 to
1275 1924 123 58 make
1427 1923 76 59 but
1533 1935 81 47 one

295 2006 107 39 stop.
462 1995 114 50 That
604 1997 35 48 is
669 2003 43 42 at
740 1996 71 49 the
840 1994 151 51 capital
1022 1993 48 52 of
1099 1991 71 54 the
1198 1990 158 55 nation.
1415 1990 84 55 We
1526 1988 86 57 will

294 2081 59 35 go
380 2072 46 44 to
454 2064 241 52 Graveland
723 2063 83 53 and
835 2062 98 54 visit
961 2060 73 56 the
1062 2060 83 56 city
1174 2058 47 58 of
1251 2058 70 58 the
1352 2058 119 58 dead.
1531 2056 83 60 We

294 2146 69 28 see
382 2145 25 29 a
428 2131 116 43 fresh
566 2143 153 38 grave;
739 2143 114 38 upon
872 2129 33 52 it
925 2135 105 46 rests
1050 2126 72 55 the
1141 2124 209 57 beautiful
1370 2124 121 57 floral
1511 2123 103 58 trib¬

293 2206 71 34 ute
395 2199 112 41 from
537 2197 70 43 the
636 2196 133 44 hands
801 2196 46 44 of
876 2195 70 45 the
978 2193 222 47 President
1229 2192 47 48 of
1305 2193 116 47 these
1451 2189 162 51 United

294 2266 153 47 States,
477 2263 164 50 Grover
668 2262 241 51 Cleveland.

347 2330 119 43 Take
493 2346 25 27 a
546 2331 145 42 shovel
719 2345 47 28 or
795 2329 130 47 spade
952 2329 84 47 and
1063 2340 171 36 remove
1261 2326 70 50 the
1359 2325 94 51 cold
1480 2325 131 51 clods,

291 2400 148 42 unbolt
468 2400 72 42 the
570 2399 127 43 silver
726 2397 204 45 mounted
958 2395 122 48 bolts,
1113 2393 69 50 lift
1213 2407 56 36 uo
1300 2391 71 52 the
1400 2392 71 51 lid,
1503 2392 111 51 wipe

279 2470 71 40 the
371 2474 112 36 tears
507 2467 112 43 from
639 2479 109 37 your
769 2477 96 39 eyes
887 2464 84 52 and
992 2461 111 55 bend
1124 2475 101 41 over
1246 2459 72 57 the
1340 2460 152 56 casket,
1517 2459 85 57 and
