1900 2799
751 670 288 46 CHAPTER
1068 670 53 46 X.

335 835 91 41 The
469 833 192 43 eleventh
704 833 154 43 annual
902 831 158 45 session
1102 828 46 48 of
1189 827 72 49 the
1302 823 139 53 North
1496 822 100 54 Ala¬

280 907 123 38 bama
440 902 264 43 Conference
751 912 86 33 was
885 897 97 48 held
1030 902 41 43 at
1120 894 60 51 St.
1213 893 113 52 John
1360 891 52 54 A.
1450 890 61 55 M.
1547 887 49 58 K.

283 970 186 43 C'hurch,
503 966 308 48 Birmingham,
843 964 109 50 Ala.,
984 962 110 52 Nov.
1126 958 53 56 26
1205 965 48 49 to
1279 958 101 56 Dec.
1415 967 33 47 1,
1482 953 115 61 1890.

284 1039 68 38 Rt.
383 1037 104 40 Rev.
517 1036 69 41 \Y.
615 1035 37 49 J.
683 1033 167 51 Gaines,
879 1031 53 53 D.
962 1029 68 55 D.,
1057 1025 240 59 presiding;
1325 1023 104 61 Rev.
1458 1021 51 63 R.
1540 1020 62 64 M.

285 1104 177 43 Cheeks,
491 1108 231 42 secretary;
747 1099 104 51 Rev.
877 1097 52 53 A.
955 1096 53 54 A.
1034 1093 195 57 Godwin,
1253 1091 221 59 assistant;
1499 1087 102 63 Rev.

288 1173 37 51 J.
371 1170 43 54 S.
461 1169 141 55 Shaw,
646 1165 227 59 recording
914 1168 221 56 secretary.
1208 1158 184 66 Visitors
1434 1162 47 62 to
1519 1152 83 72 this

284 1238 255 40 conference
572 1246 112 32 were
718 1233 103 45 Rev.
857 1231 38 48 J.
934 1229 44 50 C.
1016 1226 172 53 Embry,
1225 1226 53 53 D.
1314 1224 68 55 D.,
1432 1219 171 60 general

287 1306 192 39 business
509 1314 226 38 manager;
764 1299 104 53 Rev.
900 1298 61 54 M.
992 1293 49 59 E.
1073 1294 173 58 Bryant,
1275 1291 54 61 D.
1358 1290 69 62 D.,
1456 1286 151 66 Editor

288 1372 48 39 of
360 1369 71 42 the
457 1368 212 43 Southern
698 1364 212 47 Christian
935 1360 237 51 Recorder;
1196 1358 103 53 Rev.
1326 1357 68 54 W.
1423 1354 45 57 C.
1496 1354 111 57 Ban-

289 1446 86 35 ton,
398 1437 46 44 P.
467 1435 49 46 E.
537 1435 47 46 of
605 1433 208 51 Georgia;
833 1431 103 53 Rev.
958 1429 52 55 A.
1031 1428 68 56 W.
1121 1427 191 57 Atwater
1331 1422 83 62 and
1436 1420 172 64 Charles

289 1504 49 42 E.
362 1504 168 44 Harris,
551 1502 47 46 of
619 1501 207 47 Alabama
848 1496 284 52 Conference;
1154 1493 103 55 Rev.
1279 1490 52 58 A.
1354 1489 51 59 R.
1429 1487 176 61 Cooper,

293 1573 46 39 of
367 1569 209 52 Georgia;
605 1567 75 54 Dr.
709 1566 48 55 L,.
785 1564 36 57 J.
853 1561 177 60 Coppin,
1059 1558 134 63 editor
1220 1557 46 64 of
1292 1554 71 67 the
1388 1554 53 67 A.
1470 1553 61 68 M.
1560 1553 49 68 E.

295 1637 172 42 Church
506 1634 185 45 Review.

351 1703 171 40 Annual
544 1713 168 30 sermon
734 1712 86 31 was
841 1693 207 55 preached
1068 1694 53 54 by
1142 1692 103 56 Rev.
1268 1690 51 58 A.
1342 1690 51 58 A.
1418 1685 191 63 Godwin,

295 1770 124 46 Text,
448 1767 237 53 Epbesians
714 1764 86 56 6:2.
860 1759 92 61 The
981 1772 166 48 sermon
1175 1770 86 50 was
1288 1755 93 65 well
1408 1751 204 69 prepared

295 1838 83 41 and
405 1835 179 50 forcibly
610 1830 223 55 delivered.
893 1828 75 57 Dr.
993 1827 38 58 J.
1058 1826 45 59 C.
1129 1823 161 62 Embry
1314 1818 206 67 preached
1544 1818 70 67 the

295 1901 332 51 Thanksgiving
649 1910 178 42 sermon.
886 1892 125 60 Text,
1033 1893 124 59 Deut.
1180 1890 73 62 8th
1275 1886 182 66 chapter,
1478 1883 72 69 8th
1570 1890 44 62 to

307 1969 94 40 nth
430 1980 154 29 verses.
648 1965 37 44 It
714 1976 86 33 was
828 1960 151 49 indeed
1007 1973 25 36 a
1059 1955 210 54 powerful
1297 1966 179 43 sermon.
1536 1951 74 58 Dr.

300 2036 159 50 Jimbry
488 2045 130 41 never
647 2029 208 57 preached
884 2041 83 45 any
995 2024 120 62 other
1143 2022 113 64 kind.
1316 2017 91 69 The
1436 2018 182 68 evening

301 2102 185 40 services1
514 2112 111 30 were
654 2095 235 47 conducted
919 2094 55 50 by
1004 2091 103 53 Rev.
1142 2088 43 56 S.
1218 2087 57 57 H.
1308 2085 231 59 Robinson,
1571 2084 46 60 of

300 2169 73 38 the
395 2166 187 46 Atlanta,
610 2162 90 50 Ga.,
725 2160 188 52 District.

363 2233 161 49 Bishop
549 2229 155 53 Gaines
729 2224 249 58 introduced
1001 2223 69 59 W.
1096 2222 57 60 H.
1182 2220 166 62 Mixon,
1373 2216 97 66 who
1494 2216 108 66 deliv
1615 2239 5 43 ¬

308 2299 99 41 ered
444 2298 72 42 the
552 2294 155 46 annual
746 2291 252 49 missionary
1036 2300 167 40 sermon
1244 2284 111 56 from
1392 2282 70 58 the
1499 2280 124 60 Text,

304 2366 104 45 "Lo,
430 2363 118 48 these
568 2374 71 37 are
658 2361 70 50 the
749 2359 172 52 parting
940 2356 47 55 of
1007 2356 64 55 his
1093 2351 304 60 ways'."—Job.
1421 2350 51 61 26
1488 2361 74 50 114.

363 2427 92 42 The
484 2426 270 52 disciplinary
782 2421 214 57 questions
1025 2418 117 60 show
1168 2418 91 60 that
1284 2416 117 62 these
1426 2415 195 63 brethren

969 2486 50 30 93
