1938 2826
663 263 246 37 AFRICAN
933 268 352 38 METHODISM.

1554 267 87 44 113

315 367 69 40 for
415 368 98 53 they
545 370 125 51 know
702 380 74 41 not
807 373 113 48 what
951 377 97 52 they
1081 379 81 50 do,'
1195 386 84 43 and
1309 394 99 35 tnen
1439 385 102 44 took
1570 386 66 43 his

311 433 124 53 flight
459 436 294 50 heavenward.
814 437 92 49 The
930 456 115 30 same
1070 443 83 43 will
1177 447 50 40 be
1251 454 93 34 true
1369 449 46 41 of
1439 449 199 43 America

310 501 160 42 —lives
490 517 72 29 are
579 505 124 42 taken
725 521 54 27 on
799 508 234 43 whimsical
1053 520 163 45 reports
1236 516 180 49 without
1436 518 133 54 judge
1589 534 48 38 or

309 567 113 54 jury,
461 571 84 50 and
582 570 174 51 hurried
792 574 91 47 into
919 578 190 52 eternity.
1196 579 257 55 Vengeance
1489 586 146 51 begets

311 648 254 40 vengeance.
626 638 138 50 Blood
785 641 145 53 begets
952 644 137 50 blood.
1136 642 141 52 There
1297 650 86 44 will
1404 652 150 54 spring
1574 666 58 41 up

307 715 24 26 a
358 703 238 41 revolution
624 705 138 42 which
790 708 85 41 will
900 716 92 36 tear
1016 712 199 43 America
1242 716 91 41 into
1357 731 27 27 a
1409 717 133 43 dozen
1570 733 63 29 re¬

305 767 164 53 publics
484 784 8 36 ;
516 784 90 38 yea,
632 784 117 38 some
771 776 278 46 monarchies.

363 833 131 44 "Saul
522 851 102 39 goes
653 846 44 44 to
722 839 72 51 the
819 841 105 52 high
951 844 131 52 priest
1109 848 85 48 and
1219 856 94 45 gets
1341 850 216 56 authority
1583 861 44 45 to

304 914 58 39 go
386 908 46 45 to
458 902 236 51 Damascus
723 914 45 39 to
794 909 170 54 destroy
990 912 85 51 and
1101 921 131 42 waste
1258 913 72 50 the
1355 917 172 53 church,
1555 921 75 49 but

302 981 55 26 on
379 968 65 41 his
468 968 181 56 journey
672 980 42 44 at
734 974 186 55 midday,
941 985 77 44 not
1039 993 25 36 a
1084 987 171 44 meteor,
1279 983 76 48 but
1378 997 23 34 a
1422 984 206 57 heavenly

302 1035 107 51 light
446 1037 132 49 dazed
613 1039 88 47 him
737 1042 84 44 and
856 1057 23 29 a
914 1045 120 41 voice
1067 1047 113 41 cried
1215 1056 85 43 out,
1339 1050 129 53 'Saul,
1508 1053 114 52 Saul,

299 1101 97 52 why
423 1111 259 43 persecutest
706 1106 105 48 thou
837 1111 94 46 me,'
979 1110 122 53 (here
1139 1113 72 50 the
1251 1116 160 54 Bishop
1452 1133 109 38 gave
1600 1135 23 36 a

302 1175 112 34 most
449 1171 209 42 beautiful
695 1175 255 54 description
987 1179 47 50 of
1068 1181 72 48 the
1173 1182 153 47 Desert
1361 1186 47 43 of
1445 1185 175 53 Sahara,

299 1235 113 40 after
442 1237 138 41 which
612 1240 53 40 he
695 1240 101 50 said,
833 1241 101 49 "but
965 1242 95 48 God
1091 1247 163 43 reflects
1286 1250 84 42 and
1401 1250 125 44 sheds
1557 1255 64 41 his

295 1303 125 53 glory
444 1318 115 38 upon
583 1307 71 49 the
678 1307 143 49 heroic
844 1314 330 53 persecutors.")
1240 1313 92 54 The
1356 1320 119 47 voice
1499 1322 118 48 cries,

299 1367 130 51 'Saul,
472 1369 116 52 Saul,
629 1374 97 50 why
764 1385 258 40 persecutest
1060 1381 104 44 thou
1203 1384 108 41 me?'
1370 1382 93 45 The
1500 1389 120 41 voice

299 1436 84 40 and
403 1437 73 42 the
495 1438 108 53 light
622 1442 143 49 would
787 1457 112 34 seem
919 1455 45 36 to
983 1444 51 47 be
1054 1460 24 31 a
1099 1449 306 43 contradiction
1434 1451 182 55 (Elijah,

296 1502 70 41 the
395 1505 171 49 cyclone
593 1505 77 49 has
699 1510 175 50 passed;
904 1512 72 48 the
993 1513 91 47 -five
1112 1517 165 50 passed,
1306 1517 100 50 then
1434 1518 73 49 the
1534 1521 84 46 still

294 1571 121 40 small
440 1573 131 49 voice,
597 1575 84 47 and
704 1590 58 32 no
774 1590 90 35 .one
888 1577 131 48 heard
1045 1581 72 52 it).
1180 1582 105 51 Paul
1311 1587 150 50 speaks
1487 1587 129 50 after¬

293 1637 119 42 ward
448 1640 85 40 and
570 1654 109 39 says,
718 1640 155 53 'Those
908 1645 99 48 who
1041 1662 112 31 were
1188 1651 103 42 with
1328 1666 68 31 me
1433 1669 88 28 saw
1542 1655 72 42 the

293 1703 119 53 light,
441 1705 76 51 but
545 1707 71 49 did
643 1716 76 40 not
744 1708 101 48 hear
872 1711 71 45 the
969 1714 119 42 voice
1114 1715 282 56 proclaiming
1419 1718 67 53 his
1514 1722 100 49 mis¬

296 1772 90 40 sion
420 1778 44 35 to
496 1774 154 51 preach
683 1776 71 49 the
788 1779 254 54 everlasting
1074 1784 158 51 gospel,
1268 1787 84 48 and
1383 1787 126 55 bring
1539 1788 72 54 the

289 1840 136 40 world
452 1842 135 40 under
615 1843 71 40 the
727 1844 207 44 influence
975 1849 48 40 of
1063 1863 143 38 power
1250 1854 83 47 and
1375 1854 233 47 salvation/

288 1901 104 45 This
422 1905 137 43 whole
587 1909 136 41 world
751 1910 174 54 belongs
953 1920 45 44 to
1026 1913 106 51 God.
1192 1916 66 48 Ye
1286 1927 113 37 must
1427 1921 51 43 be
1505 1921 106 43 born

288 1974 139 51 again.
488 1975 69 50 He
590 1989 78 36 can
702 1979 119 46 write
852 1979 71 46 the
953 1988 69 37 ten
1056 1985 363 43 commandments
1454 2003 53 26 on
1540 1990 70 40 the

288 2040 123 47 skies.,
441 2042 84 45 and
553 2043 56 44 do
634 2058 46 29 as
707 2044 53 43 he
788 2045 70 42 did
885 2047 102 40 with
1015 2048 70 41 old
1115 2048 322 47 Sinai—united
1464 2055 75 40 her
1566 2056 44 41 in

288 2106 109 52 light
433 2109 83 49 and
554 2109 203 49 darkness
794 2114 82 44 and
914 2116 230 52 enveloped
1180 2118 173 50 himself
1390 2121 42 47 in
1470 2123 135 52 glory,

285 2175 85 40 and
389 2174 111 42 from
520 2175 167 45 Siniai's
706 2181 172 40 summit
893 2181 251 53 thundered,
1182 2181 138 53 'Thou
1355 2186 110 48 chalt
1499 2190 107 44 have

282 2254 58 27 no
370 2241 120 42 other
523 2241 95 44 God
647 2245 147 42 before
825 2248 106 40 me."
990 2247 117 42 Who
1136 2258 66 35 art
1232 2250 117 50 thou,
1383 2254 145 46 Lord?
1586 2256 21 44 I

282 2321 69 27 am
387 2308 136 53 Jesus.

339 2377 76 41 "In
443 2392 71 39 my
540 2381 214 51 exodium,
784 2383 18 49 I
831 2383 91 49 said
949 2398 78 34 our
1053 2385 193 47 interests
1273 2402 71 30 are
1371 2403 90 29 one.
1521 2390 82 43 We

279 2457 72 27 are
374 2458 23 27 a
421 2458 195 29 common
641 2447 232 54 humanity.
933 2451 82 50 We
1036 2451 108 50 have
1166 2466 24 35 a
1214 2452 114 53 right
1351 2461 45 44 to
1418 2453 98 52 look
1538 2457 66 48 af-

363 2509 21 31 8
