1913 2809
643 274 241 35 AFRICAN
919 277 340 36 METHODISM.

1570 270 56 43 81

365 381 109 40 Miss
502 382 155 43 Letitia
682 383 186 49 Walton,
897 385 47 47 of
973 386 171 48 Mobile,
1173 400 86 34 was
1287 388 126 48 given
1440 402 25 34 a
1490 389 135 47 schol¬

308 448 144 51 arship
487 455 43 44 at
563 449 284 50 Wilberforce
880 451 255 53 University
1160 452 54 53 by
1248 454 70 51 the
1353 453 273 52 Conference.

363 511 91 44 The
489 515 217 41 twentieth
741 518 160 40 session
937 520 47 39 of
1017 518 71 41 the
1122 519 209 41 Alabama
1366 519 260 43 Conference

309 596 87 26 was
432 583 133 40 called
598 585 55 51 by
688 584 161 53 Bishop
885 586 142 53 Payne
1061 594 43 45 at
1139 585 60 54 St.
1236 589 120 50 Luke
1389 589 52 50 A.
1478 591 61 48 M.
1575 587 49 52 E.

310 647 184 52 Church,
519 649 194 53 Opelika,
736 651 109 51 Ala.,
869 653 99 49 Dec.
997 665 33 37 I,
1058 653 114 49 1886.
1205 656 150 46 Elders
1379 656 31 46 I.
1437 657 53 45 N.
1515 654 111 48 Fitz-

307 719 177 52 patrick,
512 719 47 52 L.
587 719 168 54 Hillary
781 722 83 51 and
890 721 48 52 E.
967 722 56 51 H.
1050 722 145 51 Dixon
1221 737 111 36 were
1356 724 157 49 elected
1538 739 86 34 sec¬

308 784 184 40 retaries.
553 785 75 40 Dr.
658 785 47 41 B.
735 783 48 43 T.
813 784 170 44 Tanner
1011 789 266 50 represented
1303 788 72 51 the
1401 790 52 49 A.
1485 791 60 48 M.
1573 787 50 52 E.

306 850 184 41 Review.
526 852 159 53 Bishop
709 851 166 54 Turner
897 868 87 37 was
1007 862 168 44 present
1196 857 83 49 and
1302 857 177 49 assisted
1503 858 121 48 Bish¬

305 932 54 38 op
387 919 154 52 Payne.
603 920 103 51 Rev.
734 921 112 50 Wm.
873 922 51 49 D.
950 922 192 51 Johnson
1169 926 265 49 represented
1458 926 71 49 the
1553 926 71 49 ed¬

305 986 211 40 ucational
544 987 276 51 department.
883 989 71 49 No
979 989 179 49 deacons
1185 1005 47 33 or
1259 992 134 46 elders
1421 1005 110 33 were
1557 1006 66 32 or¬

305 1053 152 41 dained
485 1061 42 33 at
554 1054 83 41 this
666 1056 172 39 session.

359 1132 160 51 Bishop
544 1133 178 52 Payne's
745 1132 79 53 last
846 1135 249 50 conference
1118 1149 85 36 was
1225 1136 97 49 held
1344 1145 42 40 at
1409 1138 212 53 Birming¬

299 1197 114 46 ham,
435 1196 100 47 Dec.
564 1199 114 49 1887,
702 1200 126 48 Revs.
851 1201 68 47 W.
943 1201 57 47 H.
1026 1202 152 46 Mixon
1200 1205 83 43 and
1305 1205 68 43 W.
1398 1205 56 43 H.
1480 1205 140 43 Coun-

301 1265 80 48 cill,
406 1267 255 46 secretaries.
695 1267 51 46 In
773 1267 116 50 1886,
912 1268 72 49 the
1006 1269 142 48 writer
1170 1282 87 35 was
1281 1270 89 47 first
1392 1272 227 50 appointed

303 1330 228 51 Presiding1
571 1331 141 50 Elder.
773 1333 226 51 Delegates
1039 1341 47 43 to
1125 1334 179 50 General
1346 1335 272 51 Conference,

301 1397 62 40 M.
387 1396 48 43 E.
460 1398 173 52 Bryant,
657 1399 68 51 Wl
749 1400 56 50 H.
831 1400 166 50 Mixon,
1020 1401 50 49 R.
1096 1401 60 49 M.
1182 1401 161 49 Cheeks
1365 1404 83 46 and
1471 1404 149 46 Prince

301 1462 205 43 Gardner.

355 1543 161 51 Bishop
556 1543 179 51 Payne's
775 1543 79 51 last
893 1544 275 51 Conference,
1206 1544 72 51 the
1314 1554 93 41 21st
1445 1549 173 46 session,

296 1615 86 33 met
406 1608 42 40 in
472 1606 202 50 Eufaula,
705 1608 115 53 1887.
881 1611 68 50 Rt.
976 1611 102 50 Rev.
1105 1612 151 49 Daniel
1280 1613 52 48 A.
1360 1612 142 53 Payne
1525 1627 91 38 pre¬

296 1676 166 52 siding;
490 1677 69 51 Rt.
588 1677 105 51 Rev.
722 1677 151 53 Henry
900 1680 61 50 M.
990 1676 180 54 Turner,
1198 1682 225 48 associate;
1451 1682 102 48 Rev.
1583 1682 34 48 I.

297 1743 53 41 N.
380 1742 274 53 Fitzpatrick,
684 1744 243 53 Secretary;
954 1747 103 50 Rev.
1086 1745 48 52 E.
1163 1747 56 50 H.
1247 1748 157 49 Dixon,
1432 1748 183 49 Record¬

296 1812 74 51 ing
396 1811 244 54 Secretary;
665 1813 105 52 Rev.
797 1813 158 52 Robert
979 1814 52 51 D.
1059 1815 177 50 Brooks,
1265 1816 227 49 Statistical
1520 1815 96 50 Sec¬

279 1885 168 45 retary.

349 1957 93 41 The
467 1960 188 40 transfer
682 1961 48 39 of
757 1960 103 40 Rev.
889 1961 67 39 W.
987 1959 48 41 G.
1064 1960 256 45 Alexander,
1349 1962 47 43 of
1421 1962 70 43 the
1517 1961 98 44 Vir¬

292 2028 117 52 ginia
441 2026 277 54 Conference,
751 2042 86 38 was
867 2028 261 52 announced,
1159 2029 83 51 and
1273 2028 179 52 Brother
1483 2028 130 52 Alex¬

291 2096 133 39 ander
449 2109 86 26 was
561 2094 128 52 given
714 2109 25 37 a
763 2094 157 52 cordial
947 2095 210 51 reception
1182 2109 157 37 among
1363 2108 61 38 us.

350 2173 320 39 Introduction:
730 2172 75 40 Dr.
847 2172 46 40 B.
933 2169 49 43 T.
1023 2169 182 47 Tanner,
1246 2173 83 43 Mr.
1369 2173 150 48 Henry
1557 2173 52 48 O.

291 2236 185 50 Tanner,
500 2237 72 49 the
594 2237 143 49 artist;
762 2237 74 49 Dr.
861 2238 84 50 Jas.
971 2237 55 51 H.
1051 2237 52 51 A.
1128 2236 204 52 Johnson,
1356 2238 46 50 of
1424 2238 72 50 the
1518 2239 95 49 Bal¬

291 2307 152 39 timore
481 2305 285 44 Conference;
803 2305 102 44 Rev.
943 2302 99 47 Geo.
1081 2305 117 46 Bass,
1238 2303 41 48 S.
1316 2305 52 46 D.
1404 2306 209 45 Rosebor-

290 2372 131 51 ough,
447 2372 60 51 M.
534 2371 49 52 R.
611 2369 284 54 Granderson,
919 2368 50 55 E.
994 2371 191 52 Eowery,
1210 2371 49 52 R.
1285 2371 49 52 R.
1359 2371 172 52 Downs,
1557 2372 52 51 O.

293 2435 54 41 N.
376 2433 225 52 Finnagin,
630 2435 59 50 H,
714 2436 46 49 L,.
788 2435 209 50 Western,
1025 2436 49 49 R.
1101 2436 51 49 V.
1183 2435 148 50 Smith,
1358 2436 103 49 Rev.
1490 2438 44 47 C.
1561 2439 47 46 1,.

378 2500 21 30 6
