1900 2800
755 599 289 45 CHAPTER
1073 602 81 42 III.

365 766 339 30 ORGANIZATION
729 766 54 31 OF
806 770 38 28 A.
874 770 48 29 M.
949 768 35 32 E.
1011 770 193 30 CHURCH
1231 771 51 29 IN
1306 771 231 30 ALABAMA.

346 835 181 40 African
557 835 262 40 Methodism
847 849 160 39 sprang
1031 851 56 38 up
1114 839 40 50 in
1179 838 70 51 the
1275 837 83 52 city
1383 838 47 51 of
1457 838 159 51 Mobile

290 917 45 26 as
366 903 67 40 far
461 903 106 40 back
595 916 45 27 as
674 903 116 48 1820,
819 905 74 46 but
922 919 86 32 was
1038 905 179 46 crushed
1245 906 54 51 by
1328 905 175 52 slavery.
1565 906 50 51 In

294 969 116 50 1864,
439 969 104 50 Rev.
570 970 38 52 J.
637 970 46 52 P.
714 970 228 52 Campbell,
971 972 99 50 who
1094 984 91 38 was'
1207 972 231 50 afterward
1464 987 80 35 one
1569 972 47 50 of

291 1037 72 41 the
393 1037 185 49 Church,
608 1039 85 47 and
722 1038 104 48 Rev.
860 1039 60 47 M.
954 1040 61 46 M.
1049 1039 139 49 Clark,
1219 1040 152 48 visited
1399 1040 91 48 that
1520 1040 94 52 city,

291 1105 84 40 and
403 1105 210 51 preached
641 1106 70 50 the
741 1104 156 53 Gospel
926 1107 47 50 of
999 1106 124 51 Jesus
1154 1106 142 51 Christ
1324 1108 41 49 in
1394 1107 70 50 the
1492 1119 123 38 name

290 1172 48 40 of
366 1172 71 41 the
465 1172 182 41 African
678 1173 61 40 M.
770 1171 50 44 E".
852 1173 184 50 Church,
1097 1174 50 49 In
1181 1173 116 52 1867,
1327 1174 68 51 Rt.
1426 1174 103 51 Rev.
1560 1175 53 50 A.

291 1240 70 40 W.
389 1240 226 52 Wayman,
646 1241 228 52 Presiding-
899 1241 161 52 Bishop
1087 1242 47 51 of
1163 1241 195 53 Georgia,
1388 1243 227 51 appointed

293 1307 286 41 missionaries
601 1315 46 34 to
667 1308 219 41 Alabama.
947 1309 62 40 As
1033 1310 67 39 far
1121 1321 45 29 as
1188 1325 65 26 we
1271 1308 108 43 have
1399 1310 104 41 been
1525 1309 91 42 able

291 1380 45 34 to
361 1375 150 50 gather
535 1375 278 50 information
839 1374 101 51 here
964 1376 84 49 and
1073 1376 129 49 there,
1228 1375 72 50 the
1324 1376 291 53 organization

293 1455 86 26 was
410 1442 108 51 fully
546 1443 160 50 started
734 1442 43 51 in
811 1442 103 51 1867
943 1443 84 50 and
1060 1443 114 50 1868.

347 1506 92 42 The
463 1509 114 52 early
600 1510 193 51 pioneers
819 1510 47 51 of
889 1510 82 51 this
996 1511 120 50 work
1140 1524 111 37 were
1275 1511 126 50 Revs.
1427 1511 188 50 Lazarus

294 1575 205 50 Gardner,
526 1577 105 48 Cain
655 1577 179 51 Rogers,
867 1578 97 50 (but
988 1577 107 51 Cain
1116 1578 166 52 Rogers
1305 1579 35 51 is
1362 1593 96 37 now
1482 1579 41 51 in
1546 1578 71 52 the

293 1643 61 39 M.
382 1642 49 43 E.
460 1643 215 51 Church),
705 1644 122 50 Peter
854 1644 239 51 Lipscomb,
1121 1645 144 52 Harry
1293 1645 166 52 Stubbs,
1488 1646 49 51 R.
1567 1646 46 51 B.

294 1710 157 52 Bailey,
479 1709 45 53 F.
553 1711 57 51 H.
641 1710 151 52 Smith,
821 1711 48 51 G.
897 1712 47 50 B.
971 1709 169 55 Taylor,
1169 1713 130 51 Louis
1326 1713 180 52 Hillary,
1533 1715 83 50 and

291 1777 131 51 Jacob
447 1775 46 53 F.
520 1777 184 51 Crozier.

346 1840 93 43 The
471 1842 180 42 General
685 1843 264 42 Conference
980 1839 148 58 sitting
1157 1846 42 51 in
1229 1846 299 51 Washington,
1561 1847 52 50 D.

295 1909 58 49 C.,
385 1911 117 52 May,
535 1910 116 53 1868,
681 1911 159 52 elected
866 1911 72 52 the
964 1912 104 51 Rev.
1097 1913 85 51 Jas.
1212 1912 52 52 A.
1297 1912 186 52 Shorter,
1512 1914 102 50 Rev.

292 1974 189 44 Thomas
515 1979 61 39 M.
611 1978 52 40 D.
697 1979 137 39 Ward
865 1980 82 39 and
979 1979 70 40 the
1081 1980 103 39 Rev.
1218 1979 111 51 John
1363 1980 60 50 M.
1459 1981 154 49 Brown

291 2052 46 33 to
357 2046 73 39 the
453 2046 261 51 episcopacy,
739 2046 84 51 and
846 2053 41 44 at
909 2047 69 50 the
1002 2060 115 37 same
1139 2047 250 50 conference
1413 2054 61 43 set
1496 2056 121 43 apart

291 2112 210 42 Alabama
529 2127 45 27 as
603 2112 72 42 the
703 2113 72 51 7th
803 2111 227 53 Episcopal
1058 2113 190 51 District,
1277 2114 84 50 and
1389 2115 225 50 appointed

291 2178 73 40 the
393 2179 140 52 newly
565 2180 159 51 elected
756 2179 161 52 Bishop
946 2179 113 52 John
1092 2179 61 52 M.
1187 2179 159 52 Brown
1377 2186 45 45 to
1451 2181 165 51 preside

292 2260 101 27 over
422 2247 72 40 the
524 2260 127 34 same,
696 2246 177 52 making
914 2246 87 52 him
1045 2260 79 38 our
1166 2247 92 51 first
1302 2247 172 52 Bishop,
1519 2249 97 50 who

291 2314 195 50 stamped
506 2313 64 51 his
593 2312 209 52 scholarly
822 2313 84 51 and
925 2313 190 51 classical
1136 2312 199 52 elements
1356 2327 112 38 upon
1491 2328 124 37 everv

292 2380 125 51 thing
446 2379 52 52 he
530 2379 184 52 touched
745 2380 40 51 in
820 2393 78 38 our
928 2380 115 51 early
1072 2379 265 52 pilgrimage.

909 2443 41 30 29
