1900 2800
660 277 244 34 african
939 279 343 32 methodism.

1536 264 86 44 153

304 384 231 52 Campbell,
562 386 84 50 and
672 383 338 53 w-a's'appointed
1035 391 43 45 to
1101 386 70 50 the
1196 384 222 52 Lafayette
1445 384 181 52 Mission

301 452 85 38 and
414 451 230 52 organized
685 465 23 38 a
750 450 170 53 church.
982 451 48 52 In
1078 450 115 53 1879,
1237 450 230 53 organized
1508 450 120 53 Dark

304 517 162 40 Corner
493 518 195 48 Mission,
715 518 83 48 and
824 518 42 48 in
897 516 163 50 i88o:i,
1087 516 305 52 Montgomery
1420 517 200 51 Mission,

302 583 44 38 in
385 583 116 45 18S2,
534 582 56 46 he
622 584 199 50 pastored
855 582 232 52 Whitehall
1124 582 182 52 Circuit;
1341 583 42 51 in
1422 582 115 52 1883,
1573 582 52 52 he

303 664 88 25 was
433 650 230 50 appointed
703 657 45 43 to
790 649 245 51 Suggsville
1079 650 204 50 Mission;
1325 649 41 51 in
1413 648 114 52 1881,
1571 648 55 52 he

303 730 88 27 was
417 716 205 41 ordained
647 730 25 27 a
698 716 158 41 deacon
881 717 54 51 by
961 716 160 52 Bishop
1147 716 51 52 A.
1226 716 69 52 W.
1322 716 112 52 Way
1437 728 120 40 man;
1583 715 42 53 in

309 782 117 51 1883,
466 782 171 51 Ward's
678 782 182 51 Chapel;
900 783 41 50 in
984 782 115 51 1884,
1140 781 256 52 Brownville
1437 780 165 53 Station

304 850 41 39 in
384 849 116 51 1885,
547 849 52 51 he
645 862 87 38 was
779 855 144 46 pastor
969 850 47 51 of
1064 848 245 53 Suggsville
1356 847 181 54 Circuit;
1584 847 41 54 in

303 916 124 44 '1886,
458 930 87 30 was
575 915 72 45 the
675 916 254 51 missionary
959 916 46 51 of
1033 915 70 52 the
1136 915 162 52 Mobile
1326 914 188 53 District,
1546 913 84 54 and

303 983 107 40 built
435 983 72 40 the
535 981 159 42 church
722 989 43 34 at
792 981 251 48 Greenville,
1072 981 115 48 Ala.;
1202 976 50 53 in
1272 981 117 49 1887,
1418 995 87 35 was
1533 994 96 36 pas¬

305 1057 67 32 tor
397 1050 47 39 of
471 1049 90 48 Bay
589 1049 181 48 Minette
796 1047 160 50 Circuit
981 1055 86 42 two
1092 1061 143 36 years;
1262 1047 41 50 in
1335 1047 103 50 1889
1463 1047 52 50 he
1540 1060 88 37 was

305 1121 145 45 pastor
472 1115 47 51 of
543 1113 142 53 Grove
707 1114 92 52 Hill
822 1114 182 52 Mission
1026 1114 84 52 and
1131 1114 107 52 built
1259 1114 118 52 three
1400 1111 227 55 churches:

311 1181 116 52 1892,
450 1187 145 46 pastor
616 1181 47 52 of
688 1180 203 53 Stockton
916 1179 173 54 Circuit,
1112 1181 83 52 and
1217 1180 107 53 built
1344 1193 80 40 one
1446 1178 182 55 church;

307 1249 43 39 in
389 1248 164 51 1893-4,
587 1254 145 45 pastor
779 1254 42 45 at
871 1247 194 52 Marion;
1114 1247 230 52 organized
1392 1247 83 52 and
1522 1245 105 54 built

309 1315 183 39 "Mixon
527 1314 198 51 Chapel,"
763 1314 126 51 1895;
921 1320 144 46 pastor
1097 1314 47 52 of
1178 1312 308 54 Summerfield,
1518 1312 110 54 Ala..

313 1382 126 52 1896;
463 1388 144 46 pastor
629 1382 46 52 of
700 1380 97 54 Star
819 1381 47 53 of
887 1381 72 53 the
980 1378 115 56 East,
1124 1379 153 55 Selma,
1300 1379 119 55 Ala.;
1443 1380 41 54 in
1512 1378 117 56 1897,

308 1449 199 49 Orrville,
529 1449 109 49 Ala.,
659 1448 85 50 and
763 1448 107 50 built
889 1462 26 36 a
933 1458 249 41 parsonage.
1216 1447 50 52 In
1291 1445 116 54 1898,
1425 1452 145 47 pastor
1585 1445 48 54 of

308 1516 48 39 of
383 1512 242 43 Faunsdale
651 1515 84 40 and
762 1514 122 41 Rock
911 1512 159 52 Chapel
1096 1519 88 45 two
1209 1525 134 39 years,
1371 1513 84 51 and
1483 1512 151 52 rebuilt

308 1581 103 41 both
439 1580 206 42 churches
672 1581 85 41 and
783 1592 261 39 parsonage;
1072 1581 42 50 in
1146 1590 104 41 1900
1276 1580 85 51 and
1391 1589 116 42 1901,
1536 1591 94 40 pas¬

309 1656 68 33 tor
403 1649 47 40 of
479 1649 138 40 Cedar
645 1648 142 41 Grove
814 1647 205 48 Mis'sion;
1047 1647 73 48 the
1144 1653 171 45 present
1340 1646 292 52 appointment

307 1716 38 40 is
377 1722 42 34 at
451 1713 145 43 Dutch
629 1715 120 41 Bend
782 1713 183 48 Circuit;
997 1713 44 48 in
1076 1712 116 52 1898,
1224 1726 87 38 was
1343 1711 204 53 ordained
1578 1723 52 41 an

310 1782 114 40 elder
446 1782 55 52 by
525 1780 163 54 Bishop
711 1777 179 57 Turner,
913 1780 54 54 D.
992 1780 68 54 D.,
1084 1780 86 54 LL.
1195 1779 53 55 D.
1308 1775 140 59 There
1469 1791 87 43 was
1581 1791 53 43 an

310 1850 40 39 it:1
357 1861 142 28 crease
524 1848 45 41 in
596 1847 53 42 all
676 1848 47 41 of
747 1848 72 41 the
844 1846 134 43 above
1003 1845 312 52 appointments
1342 1845 42 52 in
1412 1858 125 39 every
1565 1844 68 53 de¬

309 1921 214 46 partment
547 1913 48 54 of
618 1913 71 54 the
713 1913 170 54 church,
908 1913 84 54 and
1015 1924 128 43 many
1167 1918 193 49 converts
1386 1911 157 56 during
1564 1909 72 58 the

311 1982 137 39 above
467 1994 135 38 years.
