1900 2799
280 216 56 44 10

705 214 431 39 INTRODUCTION.

279 353 46 34 to
348 346 55 41 do
426 344 43 43 it.
529 337 233 50 Historical
787 335 122 52 facts,
935 331 172 56 crudely
1131 325 237 62 presented,
1393 320 86 67 will
1505 318 99 69 give

282 429 27 26 a
330 426 99 29 man
454 424 26 31 a
502 407 203 51 standing
727 403 103 55 with
855 402 205 56 posterity
1083 398 91 60 that
1198 392 86 66 will
1309 400 135 58 tower
1470 387 135 71 above

283 478 192 54 polished
499 474 156 58 diction
678 472 84 60 and
786 469 168 63 exalted
975 464 187 68 bearing,
1186 460 124 72 when
1333 470 57 62 no
1412 453 193 79 notation

283 549 76 38 has
378 546 104 41 been
500 539 218 48 observed.

342 613 83 39 We
458 607 162 54 predict
654 620 26 41 a
715 605 120 56 large
868 600 88 61 sale
990 599 70 62 for
1094 594 84 67 this
1212 594 125 67 book,
1376 591 70 70 for
1482 599 126 62 every

285 692 147 40 young
453 675 189 57 minister
664 672 99 60 who
784 673 172 59 expects
978 672 45 60 to
1043 665 52 67 be
1117 660 221 72 anything,
1362 655 87 77 will
1472 652 139 80 desire

286 754 44 32 to
357 744 152 51 supply
535 738 174 57 himself
736 734 102 61 with
864 735 74 60 the
962 728 253 67 knowledge
1242 726 48 69 of
1315 723 74 72 the
1414 721 122 74 work
1561 720 49 75 of

287 812 71 40 the
378 809 172 43 fathers.
609 805 103 47 And
730 804 71 48 the
817 801 104 52 laity
941 798 97 55 who
1057 796 124 57 value
1200 792 110 61 their
1330 790 173 63 church,
1524 787 86 66 will

291 878 136 41 desire
454 883 44 36 to
527 874 100 45 read
656 871 114 48 what
798 870 31 49 it
858 874 89 45 cost
975 872 46 47 to
1048 861 199 58 establish
1275 860 73 59 the
1375 856 160 63 church
1564 853 48 66 of

289 944 108 42 their
420 941 154 45 choice.
635 939 162 50 Young
816 947 97 42 men
936 933 47 56 of
1004 932 72 57 the
1098 930 147 59 future
1265 926 86 63 will
1373 923 109 66 light
1502 921 110 68 their

290 1012 167 42 torches
479 1016 43 38 at
540 1008 73 46 the
632 1006 97 48 fires
748 1002 175 52 kindled
942 1003 55 51 by
1016 1000 77 54 Dr.
1118 997 168 57 Mixon,
1308 994 85 60 and
1415 991 198 63 drawing

292 1076 249 54 inspiration
569 1074 113 56 from
706 1071 67 59 his
799 1067 207 63 example,
1032 1064 86 66 will
1144 1070 75 60 not
1243 1062 100 68 only
1368 1058 151 72 record
1543 1056 72 74 the

294 1145 127 43 deeds
453 1143 50 45 of
535 1142 84 46 this
652 1139 85 49 and
772 1138 145 50 future
949 1133 282 55 generations,
1264 1130 77 58 but
1373 1126 87 62 will
1494 1123 123 65 write

295 1218 177 47 systems
506 1209 49 56 of
587 1205 235 60 Theology,
857 1202 85 63 and
974 1199 188 66 possibly
1194 1193 271 72 annotations
1499 1203 117 62 upon

295 1280 72 40 the
393 1277 120 43 word
541 1275 47 45 of
615 1273 108 49 God,
753 1285 45 37 as
827 1268 194 54 revealed
1047 1267 46 55 in
1117 1265 73 57 the
1217 1262 134 60 Bible,
1379 1260 104 62 with
1511 1255 105 67 such

298 1347 117 40 force
434 1344 84 43 and
538 1341 212 46 clearness'
766 1352 45 35 as
832 1337 85 50 will
937 1334 202 53 dissipate
1158 1330 72 57 the
1248 1329 100 58 mist
1368 1328 85 59 and
1472 1326 145 61 gloom

297 1413 91 40 that
417 1424 97 29 now
545 1407 151 46 shades
727 1418 126 39 many
884 1402 230 55 questions,
1145 1397 84 60 and
1258 1397 140 60 leaves
1427 1392 117 65 them
1574 1392 41 65 in

300 1478 141 41 doubt.

358 1542 209 50 Trusting
589 1539 91 53 that
703 1539 71 53 the
797 1538 139 54 labors
961 1534 84 58 and
1069 1532 208 60 sacrifices
1302 1530 48 62 of
1372 1527 73 65 the
1468 1524 152 68 intelli¬

300 1617 102 48 gent
423 1610 85 55 and
529 1605 264 60 industrious
813 1602 154 63 author
987 1615 100 50 may
1106 1601 54 64 be
1181 1596 200 69 crowned
1402 1594 104 71 with
1529 1606 93 59 suc¬

302 1692 103 34 cess,
428 1676 84 50 and
534 1686 132 41 prove
687 1686 25 41 a
733 1671 188 56 blessing
940 1675 45 52 to
1010 1666 69 61 the
1101 1663 172 64 church,
1297 1677 65 50 we
1382 1663 98 64 take
1502 1667 123 60 great

302 1746 193 51 pleasure
517 1742 44 55 in
586 1737 274 60 introducing
882 1736 32 61 it
937 1741 46 56 to
1006 1732 72 65 the
1100 1730 198 67 millions.

1192 1796 58 41 H.
1274 1796 63 41 M.
1360 1792 207 45 Turner.

362 1876 186 48 Atlanta,
580 1873 92 51 Ga.,
703 1872 96 52 Oct.
834 1867 109 57 17th,
978 1876 116 48 1902.
