1899 2799
279 313 88 48 184
619 319 247 42 AFRICAN
901 311 350 50 METHODISM.

283 450 172 46 Disney.
541 443 72 53 On
649 440 71 56 the
760 439 95 57 ioth
892 437 49 59 of
976 435 184 61 August,
1198 427 86 69 this
1319 437 112 59 year,
1471 418 125 78 death

283 528 163 34 sorting
464 526 57 36 up
540 511 43 51 in
604 510 68 52 the
691 506 124 56 home
835 504 48 58 of
903 501 134 61 Right
1056 500 103 62 Rev.
1180 495 130 67 Jabez
1333 491 87 71 Pitt
1443 488 153 74 Camp¬

284 582 81 39 bell
401 578 84 43 and
521 571 298 50 accompanied
854 568 88 53 him
978 573 47 48 to
1055 564 69 57 his
1158 561 138 60 home,
1334 557 67 64 his
1439 549 159 72 eternal

286 648 135 38 home.
482 644 70 42 He
580 654 86 32 was
695 653 26 33 a
750 637 148 49 doctor
925 633 48 53 of
1001 629 179 57 divinity
1208 625 85 61 and
1321 636 27 50 a
1376 623 148 63 doctor
1553 618 48 68 of

286 715 114 39 laws.
460 710 72 44 He
555 720 87 34 was
665 719 25 35 a
715 700 191 54 polished
932 696 212 58 Christian
1170 691 256 63 gentleman,
1452 700 26 54 a
1501 685 100 69 mis¬

287 779 181 45 sionary,
490 789 25 35 a
536 771 176 53 scholar,
734 783 25 41 a
779 764 266 60 theologian;
1066 761 55 63 he
1139 772 88 52 was
1247 772 27 52 a
1293 759 121 65 great
1433 761 113 63 man'.

343 841 94 41 The
470 836 174 46 Biblical
678 833 215 49 definition
927 830 48 52 of
1008 824 180 58 "Jabez"
1225 824 48 58 is,
1307 821 174 61 "causes
1516 829 87 53 sor¬

289 908 128 41 row."
476 903 112 46 That
610 904 34 45 is
666 915 25 34 a
713 900 141 49 fitting
876 895 214 54 definition
1115 892 69 57 for
1205 889 66 60 his
1295 885 136 64 death.
1463 883 142 66 When

290 976 71 39 the
394 972 261 49 cablegrams
688 966 85 55 and
806 961 241 60 telegraphs
1081 955 238 66 whispered
1353 952 134 69 under
1522 949 83 72 and

290 1055 102 26 over
412 1039 71 42 the
503 1042 152 39 waters
675 1034 91 47 that
787 1030 161 51 Bishop
968 1029 38 52 J.
1029 1026 47 55 P.
1100 1021 216 60 Campbell
1338 1020 34 61 is
1395 1017 120 64 dead,
1536 1015 71 66 the

292 1108 80 40 veil
400 1106 48 42 O'f
473 1117 161 31 sorrow
661 1099 178 49 covered
866 1110 117 38 more
1008 1095 142 53 hearts
1175 1089 103 59 than
1303 1089 121 59 those
1451 1097 158 51 among

294 1188 62 31 us,
384 1173 84 46 and
495 1183 119 36 more
639 1165 203 54 churches
872 1162 75 57 felt
974 1159 71 60 the
1072 1158 131 61 shock
1229 1158 103 61 than
1359 1166 112 53 ours.

461 1264 157 39 "Great
652 1260 116 43 God!
804 1273 54 30 on
893 1255 113 48 what
1040 1270 24 33 a
1099 1252 164 51 slender
1295 1248 149 55 thread

517 1319 134 47 Hang
672 1314 256 52 everlasting
948 1309 166 57 things!

463 1373 93 42 The
576 1373 157 42 eternal
756 1377 106 38 state
885 1370 47 45 of
954 1368 54 47 all
1032 1367 70 48 the
1126 1364 117 51 dead,

517 1430 129 49 Upon
668 1425 108 54 life's
800 1424 132 55 feeble
954 1420 197 59 strings."

355 1522 78 43 Let
456 1521 31 44 it
508 1520 50 45 be
582 1517 104 50 long
705 1530 49 37 or
776 1513 129 54 short,
930 1513 31 54 it
985 1511 83 56 will
1091 1510 51 57 be
1163 1523 24 44 a
1210 1508 173 59 gloomy
1404 1506 84 61 day
1511 1502 101 65 with

301 1589 72 39 the
399 1585 171 48 church,
599 1598 24 35 a
650 1582 173 51 gloomy
850 1580 82 53 day
961 1576 101 57 with
1091 1576 71 57 the
1189 1588 106 45 race,
1325 1571 120 62 when
1476 1570 138 63 death,

302 1655 101 40 with
434 1653 65 42 his
529 1649 266 46 meritorious
826 1660 94 37 way
950 1645 47 52 of
1027 1641 181 56 untying
1236 1637 298 60 heart-strings
1566 1635 49 62 of

301 1722 178 46 princes,
518 1722 245 46 potentates,
801 1713 185 55 bishops,
1024 1708 224 60 ministers,
1287 1706 207 62 members
1532 1704 84 64 and

305 1786 160 40 friends
491 1784 125 42 taken
645 1762 114 64 frdm1
782 1779 117 47 earth
926 1785 45 41 to
994 1777 160 49 heaven
1180 1781 46 45 to
1250 1773 90 53 join
1366 1771 71 55 the
1463 1771 152 55 disem¬

302 1852 152 41 bodied
480 1849 142 45 saints,
651 1846 180 48 Bishops
857 1843 151 51 Daniel
1034 1841 245 53 Alexander
1305 1839 154 55 Payne,
1487 1836 131 58 Alex¬

304 1919 132 39 ander
471 1915 283 48 Washington
792 1912 223 51 Wayman,
1053 1906 188 57 Thomas
1280 1906 61 57 M.
1378 1904 53 59 D.
1469 1902 149 61 Ward.

304 1985 111 47 John
454 1982 60 50 M.
567 1981 168 51 Brown,
785 1979 151 53 Henry
986 1973 185 59 McNeal
1220 1969 179 63 Turner,
1448 1969 172 63 Wesley

311 2050 105 45 John
453 2046 166 49 Gaines,
669 2044 224 51 Benjamin
942 2041 191 54 William
1179 2040 165 55 Arnett,
1394 2034 226 61 Benjamin

306 2113 168 41 Tucker
497 2110 170 44 Tanner
689 2111 83 43 arid
796 2108 216 46 Abraham
1039 2106 145 48 Grant.
1244 2102 93 52 The
1359 2102 263 52 apocalyptic

308 2181 157 39 visions
486 2179 46 41 of
549 2176 112 52 John
683 2190 95 38 says
797 2174 54 54 he
869 2189 88 39 saw
977 2174 70 54 the
1069 2172 86 56 Son
1176 2172 47 56 of
1242 2183 112 45 man,
1375 2170 71 58 the
1468 2168 86 60 Son
1576 2167 47 61 of

310 2247 106 44 God,
450 2243 192 48 "clothed
674 2242 100 49 with
805 2255 26 36 a
860 2245 195 46 garment
1086 2238 124 53 down
1241 2242 44 49 to
1315 2236 72 55 the
1417 2235 92 56 foot
1539 2233 85 58 and

309 2312 86 47 girt
421 2311 127 48 about
573 2308 71 51 the
668 2321 104 38 paps
799 2307 101 52 with
928 2319 24 40 a
978 2304 154 55 golden
1159 2303 176 56 girdle."
1396 2301 83 58 His
1507 2300 115 59 hand

311 2378 84 39 and
420 2377 65 40 his
512 2376 93 41 hair
632 2388 110 29 were
768 2372 128 45 white
921 2372 85 45 like
1029 2370 123 47 wool,
1180 2383 46 34 as
1254 2368 127 49 white
1408 2381 46 36 as
1482 2379 142 38 snow;

311 2444 83 39 and
418 2443 65 40 his
510 2455 95 36 eyes
631 2454 110 37 were
764 2454 46 37 as
836 2451 23 40 a
885 2437 123 54 flame
1033 2436 46 55 of
1106 2436 96 55 fire;
1229 2434 83 57 and
1338 2434 64 57 his
1432 2433 83 58 feet
1542 2432 83 59 like
