1900 2800
311 295 87 45 128

671 305 242 34 AFRICAN
935 303 343 37 METHODISM.

368 413 59 42 St.
461 414 111 51 John
607 413 157 52 Chapel
798 413 182 52 Church,
1016 413 315 52 Montgomery,
1366 402 261 63 Ala.—This

313 479 157 41 church
500 494 86 26 was
616 479 228 51 organized
872 480 43 50 in
943 479 71 51 the
1040 478 127 52 home
1193 478 47 52 of
1269 475 184 55 Brother
1481 468 149 62 Thorp

311 547 211 40 Williams
549 548 54 50 by
630 547 188 51 Richard
844 546 48 52 B.
922 545 157 53 Bailey.
1140 544 39 54 It
1204 558 89 40 was
1319 555 55 43 011
1402 539 74 59 the
1502 532 127 66 south

311 615 90 39 side
420 614 46 40 of
488 614 169 40 Market
680 613 73 48 St.,
774 626 97 35 now
892 613 155 48 known
1068 625 45 36 as
1135 611 162 50 Dexter
1319 607 105 54 Ave.
1485 600 143 61 When

311 680 229 52 organized
571 680 118 52 there
720 692 111 40 were
863 678 100 54 only
995 678 82 54 five
1109 691 48 41 or
1190 676 66 56 six
1290 672 234 60 members;
1560 665 69 67 for

311 761 116 26 some
456 748 101 39 time
586 747 97 51 they
713 745 270 53 worshipped
1012 744 42 54 in
1084 744 92 54 that
1205 742 131 56 place.
1425 737 52 61 In
1507 746 122 52 proc¬

311 826 64 27 ess
402 813 46 40 of
474 813 101 40 time
599 812 99 51 they
725 811 199 52 removed
948 816 46 47 to
1020 808 140 55 North
1189 808 134 55 Court
1352 803 150 60 Street,
1529 812 105 51 near

313 879 71 41 the
414 879 210 41 Alabama
653 878 131 42 River
814 878 85 42 and
930 875 272 51 worshipped
1232 875 43 51 in
1307 887 55 39 an
1393 870 72 56 old
1496 866 140 60 work¬

315 946 104 51 shop
449 945 150 52 owned
626 946 54 51 by
710 945 84 52 Mr.
825 942 182 55 Frazier.
1082 942 40 55 It
1149 955 87 42 was
1265 941 43 56 in
1337 953 25 44 a
1389 946 198 51 measure
1613 946 24 51 a

313 1011 140 52 public
479 1012 205 51 building,
713 1011 83 52 and
823 1010 98 53 they
950 1008 215 55 remained
1191 1007 121 56 there
1336 1003 109 60 until
1473 1002 95 61 able
1592 1006 45 57 to

311 1078 208 51 purchase
538 1077 71 52 the
628 1077 208 52 beautiful
857 1077 59 52 lot
937 1089 54 40 on
1012 1075 71 54 the
1103 1072 126 57 north
1252 1072 92 57 side
1364 1071 48 58 of
1433 1069 205 60 Madison

311 1144 118 48 Ave.,
454 1145 186 47 between
663 1143 184 51 Jackson
870 1142 83 52 and
976 1140 152 54 Ripley
1153 1139 172 55 Streets.
1385 1133 122 61 They
1528 1134 110 60 have

315 1224 24 26 a
368 1210 248 40 substantial
644 1210 83 40 and
755 1207 291 43 commodious
1074 1205 208 52 building,
1311 1204 104 53 with
1444 1218 24 39 a
1496 1202 138 55 splen¬

313 1277 72 40 did
419 1276 260 41 auditorium
713 1275 84 42 and
830 1275 228 42 basement.
1147 1272 40 45 It
1220 1270 78 47 has
1330 1271 106 46 been
1469 1269 167 53 greatly

314 1343 219 51 improved
565 1342 83 52 and
679 1340 225 54 beautified
933 1340 56 54 by
1018 1340 72 54 the
1121 1338 106 56 Rev.
1258 1337 70 57 W.
1364 1336 49 58 G.
1445 1336 185 58 Alexan¬

313 1411 85 46 der,
428 1410 51 47 D.
510 1410 67 47 D.,
606 1409 83 48 and
719 1409 51 48 its
799 1405 283 53 membership
1110 1406 201 52 numbers
1340 1405 129 53 about
1501 1415 131 43 1,000.

311 1479 40 38 It
380 1478 76 39 has
487 1489 118 28 some
633 1476 50 41 of
711 1473 74 44 the
811 1475 92 42 best
932 1473 109 44 class
1071 1473 164 44 leaders
1266 1471 42 46 in
1339 1472 73 45 the
1442 1470 190 47 Connec¬

309 1545 102 47 tion,
439 1544 75 48 but
541 1558 63 34 we
630 1542 85 50 will
743 1541 99 51 only
869 1541 188 51 mention
1085 1553 93 39 one.
1209 1539 194 53 Mitchell
1430 1536 201 56 Thomas,

313 1611 140 40 leader
482 1610 46 41 of
560 1609 118 42 Class
711 1608 81 43 No.
824 1617 35 40 7,
890 1605 100 52 who
1015 1606 228 51 regularly,
1274 1619 57 38 on.
1357 1616 58 41 an'
1440 1616 195 41 average,

314 1691 126 38 every
474 1677 193 52 Monday
697 1675 136 54 night,
867 1680 164 49 reports
1063 1672 125 57 $2.00
1222 1672 71 57 for
1323 1671 181 58 pastor's
1536 1684 100 45 sup¬

313 1751 106 45 port.
480 1741 93 55 The
608 1754 248 42 parsonage,
898 1740 81 56 No.
1018 1739 82 57 807
1139 1739 216 57 Madison-
1378 1738 121 58 Ave.,
1537 1738 36 58 is
1610 1751 24 45 a

313 1810 193 52 splendid
529 1809 208 53 six-room
758 1806 194 56 building
972 1806 103 56 with
1097 1819 24 43 a
1141 1805 231 57 basement,
1394 1805 84 57 and
1498 1804 137 58 nicely

313 1876 234 40 furnished.
607 1871 93 45 The
727 1873 120 52 plans
877 1885 112 40 were
1018 1872 146 53 drawn
1197 1870 71 55 for
1296 1872 337 53 reconstruction

311 1944 54 49 by
384 1941 89 52 that
495 1940 208 53 scholarly
725 1937 211 56 Christian
958 1936 254 57 gentleman,
1235 1935 104 58 Rev.
1362 1938 37 55 J.
1424 1938 53 55 Q.
1500 1938 133 55 John¬

313 2022 88 32 son,
422 2008 52 46 D.
496 2007 65 47 D.,
582 2006 42 48 in
648 2005 125 51 1898;
790 2003 55 53 he
864 2003 229 53 succeeded
1113 2003 42 53 in
1176 2004 177 52 making
1372 2003 32 53 it
1423 2005 210 51 beautiful

312 2086 45 28 as
383 2074 93 40 well
501 2085 44 29 as
571 2070 287 44 comfortable.

371 2137 91 41 The
482 2138 142 40 writer
645 2136 197 51 pastored
866 2134 59 53 St.
948 2134 124 53 John,
1100 2144 116 43 1900,
1240 2133 102 54 with
1365 2149 26 38 a
1410 2144 112 43 most
1544 2137 92 51 glo¬

318 2206 113 39 rious
471 2217 164 28 success
674 2214 125 39 every
837 2214 105 39 way.
1004 2201 123 52 More
1164 2198 103 55 than
1306 2211 83 42 200
1426 2204 210 49 members

316 2284 111 27 were
446 2269 148 42 added.
627 2269 103 42 Rev.
752 2267 68 44 W.
844 2267 47 44 B.
912 2266 205 51 Johnson,
1138 2264 54 53 A.
1216 2265 76 52 M.,
1314 2264 35 53 is
1371 2264 75 53 her
1467 2278 171 40 present

318 2334 311 53 distinguished
657 2339 153 48 pastor.

369 2397 406 54 Ensley—Taylor's
809 2397 169 54 Chapel,
1010 2397 104 54 Rev.
1147 2393 46 58 E.
1227 2396 47 55 L,.
1306 2396 195 55 Duncan,
1533 2415 97 36 pas¬

312 2476 78 32 tor.
450 2467 129 41 Elder
604 2467 180 41 Duncan
810 2466 75 42 has
910 2476 127 32 never
1062 2462 128 46 failed
1218 2476 44 32 as
1288 2476 25 32 a
1337 2463 178 45 worker.
