1900 2800
746 305 58 31 IN
837 304 286 35 ALABAMA.

1540 291 58 44 53

280 412 202 41 Winfield
517 411 56 42 H.
613 410 153 43 Mixon
802 410 84 43 and
921 409 153 52 Wyley
1110 410 116 51 May.
1318 409 104 52 Rev.
1459 405 46 56 F.
1542 408 57 53 H.

284 479 138 43 Smith
447 477 210 52 preached
682 476 71 53 the
779 475 240 54 ordination
1046 488 180 41 sermon.

337 568 59 39 At
422 579 23 39 3
472 581 39 37 p.
538 579 69 39 m.,
634 565 42 53 in
702 564 71 54 the
801 564 61 54 M.
891 561 49 57 E.
970 562 184 56 Church,
1184 560 147 58 South,
1361 562 160 56 Bishop
1548 560 53 58 A.

284 636 67 39 W.
381 635 211 50 Wayman
621 631 212 54 delivered
861 631 70 54 the
958 628 240 57 ordination
1227 641 180 44 sermon.
1467 625 135 60 Text:

286 701 291 47 "Wherefore,
610 697 210 51 brethren,
853 697 98 51 look
982 711 51 37 ye
1065 702 73 46 out
1170 706 159 42 among
1360 707 84 41 you
1477 706 125 42 seven

286 783 93 26 men
406 768 46 41 of
476 768 149 41 honest
650 771 152 46 report,
830 763 78 54 full
933 763 46 54 of
1003 761 72 56 the
1098 762 117 55 Holy
1239 760 136 57 Ghost
1400 760 83 57 and
1508 760 95 57 wis¬

288 837 110 48 dom,
425 835 140 50 whom
592 848 64 37 we
680 846 96 39 may
801 831 172 54 appoint
1000 843 100 42 over
1126 829 81 56 this
1233 826 234 59 business."
1499 828 104 57 Acts

287 903 87 50 613.
433 899 94 54 The
563 899 224 54 following-
822 897 196 56 brethren
1057 908 111 45 were
1203 893 203 60 ordained
1444 892 158 61 elders.

289 970 49 39 R.
361 969 50 40 R.
436 965 116 49 Fain,
575 964 187 50 Thomas
784 965 68 49 W.
878 963 160 51 Coffee,
1062 963 123 51 Peter
1206 961 43 53 Z.
1275 959 189 55 Phillips,
1488 960 113 54 Wm.

292 1038 259 49 Messenger,
576 1033 49 54 E.
653 1034 46 53 C.
725 1033 199 54 Wallace,
950 1029 144 58 Frank
1116 1030 206 57 Johnson,
1349 1027 42 60 S.
1418 1028 57 59 H.
1502 1028 102 59 Big-

291 1117 53 26 on
376 1103 82 40 and
492 1101 172 42 Charles
696 1098 49 45 E.
778 1099 166 44 Harris.
1004 1097 59 46 At
1093 1096 83 47 this
1208 1097 160 46 session
1400 1095 105 48 Rev.
1539 1094 62 49 M.

291 1168 186 44 Edward
506 1169 161 51 Bryant
695 1167 84 53 and
808 1165 46 55 C.
884 1163 50 57 E.
965 1164 153 56 Harris
1146 1163 165 57 offered
1339 1160 73 60 the
1440 1161 166 59 follow¬

294 1237 73 51 ing
392 1235 272 53 resolutions:

347 1324 224 48 Resolved,
597 1321 113 51 That
735 1334 77 38 we,
838 1322 73 50 the
935 1320 208 52 members
1170 1320 47 52 of
1240 1317 72 55 the
1340 1318 140 54 North
1506 1318 102 54 Ala¬

294 1393 122 40 bama
447 1392 173 41 Annual
652 1389 264 44 Conference
944 1388 47 45 of
1035 1388 72 45 the
1149 1385 180 48 African
1376 1385 234 48 Methodist

294 1457 228 54 Episcopal
548 1455 185 56 Church,
758 1456 57 55 do
836 1454 156 57 hereby
1015 1453 131 58 ratify
1168 1451 71 60 the
1394 1450 144 61 article
1562 1451 49 60 of

296 1527 70 39 the
388 1526 130 40 union
540 1525 189 41 between
751 1523 72 43 the
844 1521 52 45 A.
922 1522 61 44 M.
1008 1518 50 48 E.
1083 1517 170 49 Church
1276 1519 83 47 and
1380 1517 73 49 the
1474 1518 48 48 B.
1548 1518 61 48 M.

296 1593 52 41 E.
375 1589 184 45 Church.

354 1692 59 39 At
435 1691 82 40 this
541 1688 262 43 Conference
824 1702 63 29 we
907 1686 123 45 made
1051 1700 25 31 a
1095 1700 93 31 new
1211 1684 161 47 district
1392 1684 154 47 known
1569 1695 44 36 as

304 1759 71 41 the
404 1756 219 44 Prattville
651 1756 189 44 District.
899 1754 103 46 Rev.
1032 1753 118 52 Jesse
1178 1749 172 56 Frazier
1376 1764 87 41 was
1492 1750 123 55 made

303 1824 225 50 Presiding
550 1821 141 53 Elder.
751 1820 63 54 As
837 1821 112 53 early
971 1832 45 42 as
1044 1819 114 55 1881,
1182 1818 70 56 the
1277 1816 174 58 Sunday
1474 1815 141 59 school

303 1891 188 40 children
518 1890 48 41 of
591 1889 159 42 Brown
777 1886 159 52 Chapel
964 1887 75 51 felt
1065 1898 53 40 an
1145 1885 172 53 interest
1343 1884 43 54 in
1414 1882 200 56 Mission¬

307 1972 74 38 ary
402 1958 130 52 work,
554 1968 47 42 as
621 1956 199 54 evidence
840 1970 61 40 we
923 1959 126 51 quote
1068 1951 71 59 the
1160 1950 244 60 following:

888 2073 171 50 Selma,
1085 2074 124 49 Ala.,
1234 2073 94 51 Jan.
1358 2070 60 54 18,
1449 2069 114 55 1881.

311 2167 59 41 To
391 2168 160 51 Bishop
571 2167 53 52 A.
651 2168 64 51 IV.
742 2166 204 53 Wayman
970 2164 85 55 and
1074 2163 162 56 others-.

363 2258 94 46 We,
477 2256 72 48 the
568 2255 188 49 children
778 2256 46 48 of
845 2254 156 50 Brown
1024 2249 158 55 Chapel
1203 2250 53 54 A.
1280 2249 61 55 M.
1364 2247 49 57 E.
1438 2246 183 58 Sabbath

312 2324 166 47 School,
503 2324 47 47 of
574 2321 138 50 which
736 2322 104 49 Rev.
867 2320 61 51 M.
953 2317 50 54 E.
1030 2319 173 52 Bryant,
1227 2316 35 55 is
1287 2321 154 50 pastor,
1467 2328 108 43 gave
1598 2327 23 44 a

309 2392 142 50 parlor
470 2395 168 47 concert
657 2395 47 47 to
722 2387 70 55 aid
811 2387 70 55 the
900 2385 253 57 missionary
1172 2381 120 61 work
1312 2379 41 63 in
1375 2380 145 62 Hayti,
1541 2380 83 62 and

316 2456 206 57 although
556 2470 65 43 we
653 2454 182 59 realized
868 2452 99 61 only
999 2450 137 63 $2.25,
1170 2461 54 52 on
1258 2452 177 61 account
1467 2446 49 67 of
1547 2459 77 54 un-
