1899 2799
271 307 61 46 76

626 304 248 40 AFRICAN
897 291 332 53 METHODISM

282 425 149 50 Canty,
466 422 49 53 P.
551 417 179 58 Brooks,
764 415 70 60 W>.
870 409 51 66 E.
960 409 191 66 Stanton,
1187 400 48 75 C.
1272 398 48 77 C.
1357 392 236 83 Thurman,

283 490 173 41 Charles
475 486 118 45 Kidd
611 483 84 48 and
714 482 62 49 M.
797 477 172 54 Jordan,
1026 469 96 62 The
1137 470 106 61 Rev.
1264 461 50 70 F.
1334 463 54 68 A.
1410 458 185 73 Clinton,

283 558 49 40 B.
352 556 51 42 R.
425 553 123 45 Glass
566 552 85 46 and
668 550 71 48 W.
758 547 53 51 R.
833 541 213 57 Pettiford
1064 551 111 47 were
1192 527 253 71 introduced
1462 532 47 66 to
1526 523 70 75 the

285 623 261 41 conference.
607 615 118 49 Prof.
759 613 51 51 R.
846 610 46 54 C.
927 608 54 56 O.
1016 601 241 63 Benjamin,
1291 595 120 69 Prof.
1445 592 49 72 B.
1527 590 71 74 W.

286 690 166 44 Arnett,
479 687 75 50 Jr.,
582 683 84 54 and
693 678 119 59 Prof.
839 677 39 60 J.
905 676 48 61 L,.
981 673 58 64 H.
1067 667 199 70 Watkins
1294 674 111 63 were
1431 659 168 78 visitors

287 761 46 34 to
363 752 83 43 this
480 749 249 46 conference
760 743 134 52 under
927 739 162 56 Bishop
1122 730 180 65 Payne's
1334 725 267 70 administra¬

289 822 101 39 tion.
449 818 82 43 We
552 814 86 47 had
660 811 114 50 what
797 822 86 39 was
907 807 157 54 known
1087 816 46 45 as
1155 800 73 61 the
1251 792 241 69 Preachers1'
1516 789 86 72 Aid

295 885 180 50 Society,
509 881 85 54 and
628 878 100 57 each
762 875 191 60 minister
986 884 88 51 was
1108 864 193 71 required
1334 870 48 65 to
1411 874 82 61 pay
1526 872 79 63 one

294 952 136 39 dollar
451 946 156 45 annual
630 946 116 46 dues,
769 940 138 52 which
929 951 87 41 was
1039 950 26 42 a
1085 940 120 52 great
1225 930 97 62 help
1344 935 46 57 to
1409 926 71 66 the
1501 937 104 55 poor

296 1018 224 40 ministers.
580 1013 40 45 It
651 1012 77 46 has
763 1009 113 49 since
910 1004 97 54 died
1039 1016 49 42 or
1121 1001 101 57 been
1258 993 250 65 suspended.
1567 991 40 67 It

299 1084 142 42 would
469 1083 53 43 be
549 1078 94 48 well
670 1084 46 42 to
742 1077 109 49 have
880 1072 102 54 such
1010 1067 260 59 institutions
1298 1065 43 61 in
1371 1063 53 63 all
1454 1060 47 66 of
1530 1071 77 55 our

301 1151 271 40 conferences
606 1145 160 50 to-day.
824 1140 59 55 At
917 1138 82 57 this
1036 1135 158 60 session
1229 1147 25 48 a
1286 1131 203 64 telegram
1522 1139 87 56 was

302 1216 191 42 received
528 1214 112 44 from
675 1209 161 51 Bishop
870 1204 148 56 Ward,
1054 1200 125 60 dated
1214 1197 224 63 Meridian,
1474 1193 136 67 Miss.,

303 1284 152 50 asking
486 1281 70 53 for
585 1279 82 55 five
698 1282 150 52 strong
876 1270 197 64 working
1101 1280 96 54 men
1268 1262 92 72 The
1393 1260 221 74 following

304 1350 197 41 brethren
524 1359 110 32 were
656 1339 262 52 transferred
939 1344 46 47 to
1004 1335 112 56 him:
1140 1334 125 57 Revs.
1293 1331 61 60 M.
1381 1329 61 62 M.
1469 1327 142 64 Mayo,

307 1417 49 43 E.
387 1416 45 44 C.
461 1413 200 47 Wallace,
688 1410 38 51 J.
754 1409 51 52 R.
836 1405 157 56 Collins
1021 1404 83 57 and
1130 1402 37 59 J.
1196 1399 69 62 W.
1293 1396 223 65 Williams.
1575 1394 40 67 It

307 1497 87 26 was
427 1478 160 52 Bishop
619 1474 179 56 Payne's
843 1479 164 51 custom
1051 1475 47 55 to
1139 1467 109 63 have
1289 1464 72 66 the
1406 1462 209 68 delegates

309 1547 156 42 elected
501 1553 85 36 two
623 1542 271 47 conferences
931 1537 146 52 before
1113 1534 70 55 the
1222 1531 177 58 General
1438 1527 176 62 Confer¬

311 1626 110 28 ence.
481 1611 82 43 His
586 1620 195 40 purpose,
803 1619 46 41 as
871 1605 54 55 he
946 1600 147 60 stated,
1115 1613 88 47 was
1225 1604 46 56 to
1289 1596 109 64 have
1418 1595 71 65 the
1510 1590 108 70 dele¬

311 1687 97 46 gate
439 1677 124 56 study
592 1674 71 59 the
691 1674 80 59 law
802 1672 83 61 and
913 1670 51 63 be
993 1666 205 67 prepared
1227 1671 46 62 to
1300 1661 223 72 discharge
1549 1658 72 75 the

314 1744 250 43 duties-and
594 1747 121 46 great
746 1735 342 58 responsibilities
1119 1733 90 60 that
1241 1730 137 63 rested
1407 1740 114 53 upon
1551 1723 71 70 the

313 1810 276 52 composition
612 1807 46 55 of
679 1805 103 57 such
803 1818 25 44 a
848 1803 124 59 body,
993 1801 84 61 and
1098 1814 65 48 we
1181 1798 158 64 believe
1359 1796 32 66 it
1411 1793 143 69 would
1573 1792 53 70 be

315 1879 93 40 well
429 1877 36 42 if
486 1875 103 44 such
612 1872 143 51 ruling
776 1884 86 39 was
886 1866 223 57 universal.
1169 1864 82 59 His
1274 1874 177 49 manner
1471 1873 87 50 was
1580 1865 45 58 to

317 1945 102 39 elect
448 1949 42 35 at
517 1940 84 44 this
630 1938 158 46 session
819 1935 83 49 and
931 1933 174 51 confirm
1134 1930 71 54 the
1235 1942 114 42 same
1377 1934 42 50 at
1446 1926 72 58 the
1546 1926 79 58 last

317 2010 156 40 session
509 2008 46 42 of
586 2005 72 45 the
689 2001 320 52 quadrennium.
1071 1998 117 55 Prof.
1223 1997 69 56 W:.
1327 1996 57 57 H.
1419 1991 205 62 Councill,

318 2076 103 39 Rev.
442 2074 54 41 A.
516 2073 69 42 W.
607 2070 190 45 Atwater
817 2067 83 48 and
920 2066 103 49 Rev.
1046 2064 61 51 M.
1129 2062 187 53 Edward
1337 2061 162 54 Bryant
1518 2070 111 45 were

319 2140 156 42 elected
503 2138 151 44 tellers.
713 2132 93 50 The
835 2131 223 51 following
1084 2141 111 41 were
1223 2128 156 54 elected
1406 2127 85 55 and
1520 2124 109 58 dele¬

320 2207 151 52 gated:
502 2204 62 55 M.
592 2202 50 57 E.
673 2200 172 59 Bryant,
875 2195 47 64 F.
953 2197 69 62 W.
1054 2196 202 63 Puryear,
1285 2194 70 65 W.
1386 2192 58 67 H.
1476 2192 154 67 Mixon

322 2275 83 38 and
434 2272 51 41 R.
517 2271 61 42 M.
611 2267 175 46 Cheeks.
844 2265 51 48 R.
928 2264 61 49 M.
1022 2262 164 51 Cheeks
1217 2274 117 39 came
1362 2267 47 46 to
1437 2272 49 41 us
1517 2258 113 55 from

322 2337 198 53 Virginia
539 2336 43 54 in
608 2334 102 56 1885
731 2338 46 52 to
794 2331 53 59 be
865 2336 143 54 pastor
1030 2335 42 55 at
1094 2328 156 62 Brown
1275 2326 170 64 Chapel.
1504 2325 127 65 Revs.

325 2405 172 51 Bryant,
527 2401 163 55 Cheeks
717 2398 85 58 and
831 2396 44 60 C.
905 2394 51 62 E.
984 2393 153 63 Harris
1166 2406 111 50 were
1304 2391 159 65 elected
1489 2390 144 66 minis¬

323 2477 85 33 ters
431 2476 46 34 to
497 2466 292 44 Wilberforce.
849 2464 174 46 Messrs.
1048 2458 50 52 E.
1122 2461 69 49 W.
1218 2459 131 51 Stone
1370 2459 85 51 and
1478 2458 69 52 W1.
1573 2457 58 53 H.
