1900 2800
293 302 58 42 48

625 311 242 35 AFRICAN
903 313 325 33 METHODISM

355 442 31 26 1.
447 430 204 51 "History
680 431 46 50 of
754 431 69 50 the
851 430 51 51 A.
934 430 60 51 M.
1025 428 47 53 E.
1105 425 211 56 Church,"
1348 424 33 57 I.
1413 422 53 59 N.
1497 417 113 64 Fitz-

295 495 172 50 patrick.

351 574 34 27 2.
420 560 117 42 "The
568 562 180 40 Colored
779 563 103 39 Man
910 563 43 39 in
983 561 217 50 History,"
1234 559 56 52 H.
1324 556 45 55 C.
1402 554 206 57 Colhoun.

352 639 34 38 3.
448 628 220 49 "Relation
697 628 46 49 of
770 626 70 51 the
868 627 173 50 Races,"
1072 627 60 50 M.
1164 624 187 53 Edward
1381 623 172 54 Bryant.

351 705 37 36 4.
450 692 158 49 "What
647 693 102 48 kind
787 693 46 48 of
874 693 218 48 Ministers
1132 693 98 48 does
1270 691 83 50 this
1393 689 97 52 Age
1528 689 82 52 De¬

298 760 181 39 mand?"
509 760 51 39 A.
590 760 69 39 W.
688 760 201 39 Atwater.

354 834 34 40 5.
449 821 352 53 "Temperance,"
829 824 38 50 J.
896 824 57 50 H.
982 820 248 54 Treadwell.

352 902 36 38 6.
450 903 140 38 "How
620 915 76 26 can
726 914 62 27 we
818 902 99 39 Best
947 900 142 41 Check
1116 902 68 39 the
1213 901 257 40 Downward
1499 899 108 42 Ten¬

301 969 132 49 dency
470 968 46 50 of
554 981 77 37 our
667 967 160 52 Young
865 968 115 51 Men,
1017 968 83 51 and
1138 967 165 52 Inspire
1338 964 138 55 Them
1509 967 98 52 with

301 1035 159 39 Nobler
487 1034 324 52 Aspirations?"
838 1035 52 51 A.
918 1035 51 51 A.
1000 1035 130 51 Price.

356 1123 34 40 7.
453 1113 140 50 "How
627 1125 76 38 can
736 1127 63 36 we
832 1112 141 51 Check
1003 1113 70 50 the
1105 1113 232 50 Looseness
1369 1114 46 49 of
1449 1114 159 49 Morals

301 1194 158 38 among
491 1194 45 38 so
569 1194 126 38 many
728 1181 46 51 of
806 1194 78 38 our
915 1181 160 52 Young
1106 1181 194 52 Women,
1332 1182 83 51 and
1447 1182 162 52 Inspire

299 1247 114 39 them
433 1246 101 40 with
554 1262 24 25 a
598 1247 115 42 Love
732 1248 46 41 o<f
797 1247 204 42 Virtue?"
1023 1247 48 43 E.
1093 1249 56 41 H.
1171 1249 155 41 Dixon.

356 1314 37 39 8.
454 1290 127 63 "jjest
633 1315 176 39 Method
860 1316 39 38 in
952 1315 233 51 Preparing
1234 1316 81 50 and
1364 1315 245 53 Delivering

305 1381 239 45 Sermons,"
578 1381 44 45 R.
651 1381 66 45 W.
746 1382 202 44 Howard.

355 1461 37 40 9.
454 1449 176 52 "Duties
658 1449 47 52 of
734 1450 211 51 Pastors,"
977 1449 102 52 Cain
1108 1450 175 52 Rogers.

361 1529 59 28 10.
482 1518 156 39 "What
662 1517 33 40 is
717 1518 31 39 it
768 1526 45 31 to
833 1518 50 39 be
904 1532 24 26 a
951 1516 265 42 Christian?"
1242 1517 48 41 G.
1315 1518 45 40 P.
1387 1519 164 39 Brown.

361 1596 58 28 11.
481 1583 325 53 "Employment
838 1585 46 51 of
915 1582 160 54 Time,"
1110 1586 149 50 Pastor
1289 1592 42 44 at
1361 1584 190 53 Opelika.

361 1662 58 27 12.
481 1651 150 40 "Have
665 1665 62 26 we
761 1650 123 41 much
919 1657 44 34 to
996 1648 107 44 Fear
1138 1651 110 41 from
1285 1651 320 41 Catholicism?"

301 1718 48 42 E.
375 1719 51 41 D.
449 1719 195 50 Jackson.

360 1798 57 39 13.
479 1787 292 50 "Importance
792 1787 46 50 of
858 1787 233 51 Reading,"
1114 1788 45 50 P.
1183 1787 44 51 C.
1252 1788 187 52 Murphv

358 1865 58 36 14.
478 1852 122 50 Open
624 1852 245 50 Discussion
893 1852 239 52 pertaining
1152 1860 45 44 to
1220 1852 174 54 Sunday
1417 1853 186 53 Schools,

360 1928 57 41 15.
479 1918 168 51 "Music
674 1917 38 52 in
744 1916 173 53 Sunday
946 1917 152 52 School
1126 1920 83 49 and
1239 1918 209 51 Church,"
1476 1920 49 49 R.
1556 1920 50 49 R.

301 1984 115 40 Fain.

358 2052 57 39 16.
477 2051 374 50 "Regeneration,"
875 2050 110 51 John
1011 2052 193 49 Warren,
1231 2054 48 47 R.
1307 2055 67 46 W\
1402 2055 200 46 Howard.

357 2128 58 41 17.
477 2117 257 52 "Baptism,"
761 2117 36 52 J.
828 2117 67 52 W.
925 2117 248 52 Robertson,
1203 2121 36 50 J.
1270 2121 68 50 W.
1367 2121 237 50 Anderson.

356 2184 59 39 18.
477 2181 189 49 "Faith,"
693 2183 48 47 R.
770 2183 44 47 P.
844 2182 128 49 Pratt,
998 2184 38 50 J.
1061 2184 52 50 A.
1140 2185 144 49 Davis.

357 2264 56 38 19.
476 2251 185 51 "Prayer
690 2250 250 52 Meetings,"
970 2251 36 51 J.
1039 2252 55 50 H.
1126 2253 231 49 Davidson.

351 2330 62 27 20.
475 2318 284 50 "Missionary
786 2315 238 53 Societies,"
1050 2319 36 50 J.
1114 2320 67 49 W.
1210 2321 246 53 Wimberly,
1482 2323 36 51 J.
1547 2323 56 51 H.

297 2385 179 38 Hunter.

350 2462 61 27 21.
473 2450 140 40 "Race
638 2449 163 45 Pride,"
825 2449 67 45 W.
919 2449 45 45 L.
990 2450 140 50 Jones.
