1927 2818
773 292 62 32 IN
867 292 283 37 ALABAMA.

1564 288 58 46 59

308 402 96 51 feet,
426 403 71 50 the
518 413 121 44 great
660 407 202 55 highway
884 410 90 52 that
994 410 53 52 he
1070 413 202 53 dignified
1294 418 84 48 and
1400 418 217 48 ennobled.

735 474 292 56 Respectfully
1054 479 240 51 submitted,

859 541 210 45 Charles
1102 545 47 44 L.
1183 546 185 43 Harris.

854 608 244 45 Winfiixd
1132 612 156 43 Henri
1324 615 181 50 Mixon,

856 674 60 42 M.
949 674 48 45 E.
1030 677 203 50 Bryant,

356 734 90 45 The
474 740 179 42 services
682 756 110 27 were
820 744 232 41 concluded
1079 746 108 40 after
1216 747 71 41 the
1313 749 226 41 obituaries
1568 752 46 39 of

301 804 102 42 Rev.
439 806 159 52 Joseph
635 808 196 50 Leonard
867 811 83 47 and
989 809 133 49 Sister
1157 812 190 46 Rebecca
1383 814 231 53 Chapman,

300 872 100 40 wife
424 872 45 40 of
494 873 102 41 Rev.
623 875 123 41 Robt.
774 875 231 53 Chapman,
1031 893 110 35 were
1164 881 111 47 read.

342 938 119 41 Bros.
485 938 48 42 G.
557 940 70 41 W\
650 942 193 50 Watson,
866 943 68 49 W.
959 945 56 47 H.
1041 946 222 53 Manning,
1287 947 67 52 W.
1379 948 55 51 H.
1461 950 150 49 Mixon

298 1005 83 40 and
414 1005 178 42 General
625 1008 149 52 Dancy
805 1024 109 36 were
947 1012 189 48 received
1167 1013 43 47 in
1243 1014 78 46 full
1351 1017 260 43 connection.

298 1069 90 44 The
423 1072 261 43 Conference
731 1076 140 40 closed
918 1077 102 40 with
1070 1079 97 41 four
1216 1080 395 49 districts—Selma,

303 1136 213 53 Florence,
560 1141 219 48 Prattville
820 1144 84 45 and
946 1145 256 44 Huntsville.
1276 1148 103 41 Rev.
1423 1150 187 43 Lazarus

300 1204 201 50 Gardner,
537 1207 97 47 who
666 1222 87 32 was
785 1211 261 43 transferred
1094 1212 111 42 from
1265 1214 72 41 the
1382 1216 228 44 Louisiana

300 1271 262 42 Conference
604 1288 87 26 was
737 1276 226 53 appointed
1009 1279 225 54 Presiding
1277 1279 131 54 Elder
1453 1284 45 49 of
1543 1285 69 48 the

302 1338 216 41 Prattville
545 1340 188 51 District,
761 1343 84 48 and
872 1343 102 48 Rev.
1003 1345 38 52 J.
1071 1343 170 54 Frazier
1267 1361 87 36 was
1381 1351 226 51 appointed

297 1403 225 54 Presiding
545 1404 130 53 Elder
699 1409 47 48 of
770 1406 71 51 the
865 1407 202 50 Florence
1092 1411 188 46 District.
1339 1414 129 52 Upon
1493 1416 116 50 these

296 1480 370 42 announcements,
694 1474 103 48 Rev.
829 1476 60 46 M.
920 1475 48 47 E.
999 1476 160 53 Bryant
1186 1493 120 36 arose
1332 1481 42 48 in
1400 1482 70 47 the
1499 1481 109 48 Con¬

297 1536 165 42 ference
498 1539 83 39 and
617 1541 193 51 objected
845 1549 46 43 to
923 1543 73 49 the
1031 1544 227 54 Presiding
1292 1544 130 54 Elder
1456 1548 47 50 of
1538 1550 70 48 the

296 1600 200 45 Florence
519 1605 189 48 District,
733 1609 159 52 stating
913 1622 45 39 as
982 1610 64 51 his
1071 1622 161 39 reason,
1256 1613 70 48 the
1349 1614 189 54 inability
1561 1616 47 52 of

297 1669 102 42 Rev.
431 1671 118 51 Jesse
582 1668 169 54 Frazier
798 1675 111 47 from
954 1690 53 32 an
1052 1678 250 44 intellectual
1350 1682 253 52 standpoint,

294 1736 82 39 and
406 1736 163 42 offered
599 1737 64 42 his
695 1740 257 53 resignation
983 1757 45 36 as
1058 1750 143 45 pastor
1230 1747 47 48 of
1305 1745 70 50 the
1406 1744 201 51 Florence

292 1800 165 42 station.
518 1800 255 57 Thereupon
809 1806 158 54 Bishop
1001 1809 211 52 Wayman
1247 1811 191 51 changed
1474 1813 45 49 P.
1555 1812 49 50 E.

296 1865 170 44 Frazier
496 1877 46 33 to
571 1870 71 42 the
673 1868 260 47 Tuscumbia
966 1874 164 43 Station
1162 1878 82 40 and
1276 1880 225 50 appointed
1533 1879 69 51 the

292 1933 102 43 Rev.
418 1933 241 45 Ferdinand
680 1938 58 41 H.
763 1939 149 51 Smith,
935 1941 225 54 Presiding
1180 1941 131 54 Elder
1329 1947 47 48 of
1395 1946 68 49 the
1485 1944 118 51 Flor¬

291 2013 99 28 ence
413 2001 188 42 District.
663 2004 187 42 Because
875 2007 47 41 of
948 2020 116 28 some
1087 2008 190 41 business
1303 2010 300 54 irregularities

291 2065 102 43 Rev.
431 2066 138 43 Smith
603 2083 87 28 was
724 2073 198 39 removed
955 2086 45 28 as
1035 2073 226 53 Presiding
1292 2073 132 53 Elder
1455 2078 47 48 of
1533 2078 70 48 the

289 2132 176 42 District
487 2135 42 40 in
551 2135 72 42 the
644 2138 177 40 interval
844 2139 46 40 of
911 2139 72 41 the
1005 2139 273 51 Conference,
1301 2143 84 47 and
1406 2143 72 47 the
1499 2143 103 47 Rev.

291 2199 60 40 M.
384 2198 187 44 Edward
602 2202 161 53 Bryant
793 2205 147 50 served
970 2218 48 37 as
1046 2206 225 53 Presiding
1300 2205 129 54 Elder
1459 2210 45 49 of
1532 2210 72 49 the

290 2265 188 51 District,
519 2268 137 53 filling-
695 2269 74 52 the
806 2271 235 51 unexpired
1080 2272 101 50 time
1221 2274 84 48 and
1345 2275 173 52 serving
1554 2290 46 37 as

287 2339 144 45 pastor
460 2334 48 50 of
536 2336 71 48 the
638 2333 205 51 Florence
871 2338 154 46 station
1055 2338 101 46 also.
1215 2337 92 47 The
1335 2340 103 44 Rev.
1469 2342 37 51 J.
1539 2343 61 50 M.

287 2397 190 43 Goodloe
502 2415 87 28 was
615 2402 227 52 appointed
869 2402 226 54 Presiding
1119 2402 128 54 Elder
1272 2405 46 51 of
1342 2404 70 52 the
1437 2407 164 49 Hunts¬

284 2464 97 46 ville
407 2465 190 47 District,
