1900 2800
708 302 57 32 IN
800 298 287 36 ALABAMA.

1509 273 88 46 117

269 416 199 44 attached
486 422 46 38 to
551 412 137 48 South
708 408 200 52 Carolina
927 405 84 55 and
1029 401 194 59 changed
1243 401 114 59 from
1374 396 71 64 thr
1462 395 75 65 6th
1554 401 46 59 to

272 485 72 41 the
371 484 71 51 7th
468 478 228 57 Episcopal
720 473 191 62 District.

332 574 83 39 His
444 572 90 41 first
563 567 251 46 conference
842 562 98 51 held
970 560 134 53 under
1132 559 72 54 the
1231 553 277 60 quadrennial
1539 566 61 47 re¬

275 642 114 51 gime
414 636 236 57 assembled
672 634 45 59 in
743 631 61 62 St.
829 629 122 64 Luke
973 628 54 65 A.
1054 627 62 66 M.
1142 623 49 70 E.
1219 620 185 73 Church,
1430 618 173 75 Eufala,

276 708 110 41 Ala..
414 703 247 46 December,
691 710 116 41 1900.
867 697 105 54 Rev.
998 695 71 56 W.
1097 690 47 61 C.
1172 692 181 59 Banton,
1379 693 223 58 secretary,

282 774 85 41 and
401 773 104 42 Rev.
543 771 61 44 M.
639 769 38 51 J.
714 764 233 56 Ingraham
980 761 86 59 and
1098 759 71 61 W.
1205 758 58 62 H.
1300 757 156 63 Brown
1491 766 112 54 were

279 840 158 41 elected
457 835 258 46 secretaries.

338 927 160 50 Bishop
529 925 48 52 L.
607 923 39 54 J.
679 920 178 57 Coppin,
889 919 53 58 D.
973 917 68 60 D.,
1071 916 49 61 of
1148 915 73 62 the
1252 911 96 66 14th
1377 907 229 70 Episcopal

281 995 192 47 District,
509 991 100 51 who
640 990 86 52 had
760 1001 97 41 won
893 986 69 56 for
994 982 174 60 himself
1201 995 27 47 a
1260 994 125 48 name
1417 979 86 63 and
1536 990 71 52 en¬

283 1063 157 40 deared
466 1058 176 45 himself
672 1063 46 40 to
746 1054 72 49 the
847 1052 196 51 ministry
1073 1049 84 54 and
1188 1047 104 56 laity
1321 1046 46 57 of
1399 1044 210 59 Alabama

283 1129 125 40 while
437 1126 138 43 editor
601 1123 73 46 the
700 1123 53 46 A.
785 1122 62 47 M.
877 1117 50 52 E.
959 1117 172 52 Church
1159 1114 188 55 Review,
1376 1126 89 43 was
1493 1123 116 46 asso¬

283 1196 137 41 ciated
452 1193 103 44 with
585 1191 66 46 his
682 1197 95 40 true
806 1189 84 48 and
920 1185 110 52 tried
1061 1184 152 53 friend,
1247 1181 160 56 Bishop
1440 1177 169 60 Gaines.

285 1264 105 39 Rev.
413 1261 49 42 G.
484 1260 70 43 W.
576 1257 126 46 Allen
722 1257 84 46 and
827 1255 106 48 Mrs.
958 1252 41 51 S.
1022 1253 52 50 A.
1097 1247 228 56 Christian,
1349 1245 118 58 State
1488 1245 124 58 Pres¬

288 1330 117 39 ident
434 1326 47 43 of
510 1327 72 42 the
609 1324 71 45 W.
712 1321 47 48 F.
791 1321 84 48 and
905 1319 57 50 H.
995 1319 61 50 M.
1089 1316 181 53 Society,
1301 1325 112 44 were
1440 1311 172 58 visitors

289 1397 101 39 also.

345 1461 94 41 The
463 1459 226 51 following
709 1455 197 55 brethren
929 1466 111 44 were
1062 1451 205 59 admitted
1289 1463 55 47 on
1368 1447 246 63 probation:

293 1530 44 42 S.
363 1530 48 42 L.
436 1526 258 47 Wilkinson,
718 1521 50 52 T.
794 1523 58 50 H.
876 1521 144 52 Jones,
1045 1519 57 54 H.
1128 1518 48 55 L-
1204 1516 102 57 Nix,
1331 1515 54 58 A.
1409 1514 70 59 W.
1505 1510 111 63 Tur¬

293 1610 88 35 ner,
405 1596 55 49 A.
487 1594 55 51 O.
567 1592 151 53 Hines,
745 1590 48 55 P.
818 1585 51 60 T.
897 1585 264 60 Matherson,
1185 1581 113 64 John
1326 1581 151 64 Curry,
1501 1580 38 65 J.
1567 1580 48 65 L.

294 1664 183 39 Watson
498 1661 84 42 and
603 1659 179 44 Preston
804 1652 127 51 Ford.
964 1653 121 53 King
1104 1651 158 55 Brown
1283 1649 84 57 and
1389 1649 61 57 M.
1475 1646 143 60 Moul¬

295 1730 81 39 trie
402 1741 111 28 were
540 1722 265 47 readmitted.

353 1806 152 43 Elders
527 1801 227 48 ordained:
777 1801 62 48 M.
861 1799 48 50 L.
932 1797 115 52 Beck
1067 1796 84 53 and
1171 1795 48 54 L.
1243 1793 49 56 G.
1314 1793 194 56 Duncan.

355 1874 105 39 Rev.
491 1872 59 41 H.
579 1867 47 46 F.
658 1866 151 48 Smith,
838 1880 80 34 one
945 1865 47 49 of
1018 1864 71 50 the
1116 1861 194 53 pioneers
1338 1859 47 55 of
1413 1871 79 43 our
1520 1857 101 57 Ala¬

300 1943 126 39 bama
447 1938 131 47 work,
601 1950 88 35 was
712 1934 195 52 reported
929 1929 131 57 fallen
1081 1941 25 45 a
1125 1928 145 58 victim
1290 1933 46 53 to
1356 1925 138 61 death.
1554 1924 72 62 He

300 2008 87 40 had
408 2007 106 41 been
539 2005 42 43 in
607 2002 136 46 feeble
766 2000 142 48 health
933 1999 70 49 for
1026 2010 134 39 years,
1186 1995 84 54 and
1294 1993 98 56 died
1414 1991 214 58 believing

303 2073 94 41 that
424 2071 54 43 he
505 2070 85 44 had
620 2066 231 52 developed
878 2065 72 53 the
977 2064 162 54 science
1167 2062 48 56 of
1246 2058 254 60 "Perpetual
1530 2057 100 61 Mo¬

307 2139 131 42 tion."

362 2216 92 42 The
478 2222 103 36 next
607 2213 161 45 session
794 2211 48 47 of
866 2210 74 48 the
963 2208 141 50 North
1128 2205 211 53 Alabama
1366 2202 264 56 Conference

307 2283 219 44 convened
554 2283 43 44 in
626 2281 122 46 Pratt
777 2279 109 48 City,
914 2275 110 52 Ala.,
1056 2273 112 54 Nov.
1198 2269 88 58 6th,
1320 2280 118 47 1901,
1467 2267 163 60 Bishop

308 2355 71 39 W.
400 2353 39 51 J.
463 2350 169 54 Gaines,
652 2348 54 56 D.
729 2347 70 57 D.,
819 2342 231 62 presiding.
1110 2340 105 64 Rev.
1238 2337 50 67 E.
1311 2337 70 67 W.
1404 2334 226 70 Williams,

312 2426 224 44 secretary,
555 2416 84 54 and
657 2415 38 55 J.
716 2415 49 55 B.
787 2413 161 57 Carter,
968 2407 212 63 assistant.

367 2484 93 43 The
485 2483 96 44 10th
603 2480 160 47 session
785 2479 46 48 of
851 2476 72 51 the
944 2472 170 55 Central
1137 2470 265 57 Conference
1421 2468 217 59 convened
