1930 2820
672 295 242 38 AFRICAN
950 301 343 35 METHODISM.
1549 294 84 44 143

310 400 211 45 Alabama.
543 402 261 44 Conference
826 407 70 40 the
915 420 115 28 same
1050 422 99 38 year
1171 410 41 50 in
1233 411 244 51 December,
1500 414 135 48 under

310 465 160 55 Bishop
497 469 68 51 W.
591 470 37 51 J.
656 470 167 51 Gaines,
851 473 50 48 D.
929 473 51 48 D.
1043 475 69 46 He
1138 477 190 44 received
1352 477 65 44 his
1444 479 89 42 first
1558 492 72 39 ap¬

306 535 238 49 pointment
574 538 112 46 from
717 539 159 53 Bishop
905 541 53 51 A.
990 540 146 52 Grant,
1166 544 245 51 December,
1444 546 116 53 1892,
1590 558 41 41 at

304 599 203 51 Eufaula,
534 604 95 46 Ala.
691 605 82 45 His
798 606 90 44 first
913 609 157 53 charge
1092 623 45 39 as
1162 619 143 44 pastor
1330 627 87 36 was
1445 613 186 54 Suspen¬

305 669 91 39 sion
428 670 194 48 Mission,
653 672 140 46 where
821 675 53 43 he
903 679 174 39 secured
1106 693 24 26 a
1156 680 58 40 lot
1242 681 83 40 and
1352 681 107 41 built
1487 695 25 27 a
1537 683 92 41 nice

302 734 138 41 frame
458 736 171 43 church.
678 739 50 41 In
752 740 116 53 1893,
888 744 53 49 he
959 758 86 35 was
1065 746 228 51 appointed
1311 754 46 43 to
1375 748 146 49 Bethel
1541 752 84 45 and

302 801 158 42 Powell
486 804 205 43 Missions
715 821 103 27 near
841 809 257 52 Hurtsboro,
1124 812 167 49 Russell
1318 813 181 55 County,
1524 816 102 52 Ala¬

300 871 135 40 bama.
496 869 140 46 There
663 873 52 42 he
744 877 240 41 remodeled
1014 879 71 40 the
1111 879 158 41 church
1298 882 83 44 and
1410 882 163 53 bought
1600 898 25 37 a

299 938 79 41 bell
407 940 84 39 and
519 941 123 40 made
669 943 72 40 the
766 944 89 40 best
884 953 142 44 report
1054 961 96 36 ever
1177 947 186 54 brought
1393 951 112 50 from
1532 950 92 51 that

297 1006 117 51 place
447 1021 58 38 up
538 1015 44 44 to
616 1008 91 51 that
739 1012 113 47 time.
913 1013 70 46 He
1016 1028 87 31 was
1138 1016 203 43 ordained
1376 1019 159 40 deacon
1567 1020 56 52 by

297 1073 161 54 Bishop
479 1076 52 51 A.
557 1076 147 51 Grant,
728 1078 41 49 in
796 1078 115 53 1893,
934 1088 42 43 at
998 1079 126 57 Troy,
1148 1083 109 53 Ala.,
1279 1086 84 50 and
1384 1099 88 37 was
1493 1087 127 52 given

294 1141 73 40 the
386 1139 117 55 Troy
527 1141 172 53 Circuit,
721 1144 142 50 where
881 1146 54 48 he
956 1164 88 30 was
1067 1157 143 45 pastor
1230 1158 87 44 two
1336 1165 133 41 years.
1549 1155 71 51 He

295 1209 138 41 added
474 1212 113 51 sixty
627 1215 208 48 members
875 1222 45 41 to
957 1217 73 46 the
1067 1219 158 44 church
1265 1222 84 41 and
1388 1222 104 41 built
1531 1231 86 34 two

271 1294 8 4 -
292 1273 218 43 churches.
557 1278 173 54 During
749 1281 71 51 the
839 1294 121 39 years
981 1284 48 49 of
1049 1284 67 51 '97
1135 1286 84 49 and
1241 1286 77 53 '98,
1340 1287 53 52 he
1413 1301 87 38 was
1521 1303 95 38 pas¬

291 1348 68 34 tor
378 1343 47 39 of
446 1343 70 41 the
539 1344 180 53 Clopton
743 1347 171 50 Circuit.
993 1350 58 47 At
1070 1349 84 48 this
1175 1352 118 54 place
1314 1353 54 53 he
1389 1355 135 51 found
1544 1357 71 49 the

289 1409 160 41 church
480 1412 240 43 unfinished
751 1415 84 40 and
865 1417 180 41 without
1075 1433 24 27 a
1128 1434 259 39 parsonage;
1416 1422 55 51 he
1500 1438 113 35 com¬

287 1478 140 49 pleted
457 1479 72 48 the
559 1479 171 48 church,
762 1483 106 44 built
897 1498 24 29 a
952 1498 102 39 cozy
1085 1487 258 50 three-room
1374 1503 238 42 parsonag'e

287 1545 84 39 and
390 1545 139 43 added
549 1560 81 28 one
650 1549 194 42 hundred
865 1553 83 39 and
968 1555 261 51 twenty-five
1249 1558 207 48 members
1475 1567 48 39 to
1540 1560 71 46 the

287 1610 171 51 church,
486 1615 83 46 and
597 1616 125 45 made
747 1632 22 29 a
796 1618 177 53 stirring
998 1629 141 43 report
1166 1629 42 43 at
1235 1622 69 50 the
1333 1624 274 48 Conference.

341 1701 49 40 In
410 1702 246 52 December,
681 1704 116 53 1899,
888 1722 87 35 was
995 1711 226 51 appointed
1241 1720 42 42 to
1304 1714 191 53 Midway
1517 1714 90 53 Cir¬

280 1768 99 41 cuit.
441 1770 70 41 He
536 1772 242 42 remodeled
803 1775 69 41 the
897 1774 159 43 church
1081 1780 84 39 and
1190 1780 105 40 built
1320 1795 23 26 a
1367 1794 92 28 new
1486 1783 119 41 mod¬

281 1848 73 27 ern
376 1836 139 53 belfry
536 1839 84 50 and
642 1839 157 51 steeple
820 1847 45 43 to
885 1840 129 50 Great
1036 1844 126 52 Hope
1183 1846 52 50 A.
1261 1847 60 49 M.
1345 1845 50 51 E.
1419 1848 183 48 Church,

279 1903 85 40 and
398 1903 138 42 added
570 1905 222 53 thirty-six
827 1910 207 48 members
1069 1919 44 39 to
1146 1912 72 46 the
1255 1912 169 46 Circuit.
1487 1916 114 54 Sept.

279 1969 77 51 3rd
379 1971 46 49 of
449 1970 70 50 the
543 1986 116 34 same
682 1985 111 39 year,
818 1975 51 49 he
892 1990 86 34 was
1002 1977 203 47 ordained
1229 1980 112 44 elder
1364 1982 53 54 by
1441 1982 160 54 Bishop

278 2037 57 39 H.
369 2038 61 40 M.
462 2036 170 45 Turner
660 2048 43 33 at
734 2042 236 51 Inverness,
1001 2045 94 48 Ala.
1157 2046 70 47 He
1256 2062 87 31 was
1373 2051 227 50 appointed

276 2112 45 33 to
354 2103 117 55 Troy
507 2106 164 52 Station
706 2115 45 43 to
783 2124 121 39 carry
936 2119 73 44 out
1041 2112 70 51 the
1144 2116 235 51 unexpired
1411 2124 108 43 term
1552 2121 48 46 of

275 2172 103 42 Rev.
407 2173 57 42 H.
493 2173 45 42 C.
567 2174 205 42 Calhoun.
834 2175 128 43 From
987 2176 116 57 Troy
1130 2180 165 53 Station
1319 2183 52 50 he
1395 2193 91 40 was'
1507 2197 92 36 sent

272 2249 46 31 to
340 2240 65 40 his
429 2249 169 44 present
623 2241 369 53 charge—Gaines
1020 2245 158 53 Chapel
1206 2247 177 52 Station,
1409 2251 185 48 Dothan,

273 2307 95 41 Ala.
430 2307 116 42 Here
571 2309 126 52 again
722 2310 53 51 he
800 2310 135 51 found
959 2325 53 36 an
1037 2312 198 49 indebted
1260 2316 169 45 church.
1489 2316 107 45 Tro¬

271 2373 87 51 jan,
382 2372 99 52 who
502 2375 83 49 had
609 2374 156 54 fought
786 2392 47 36 so
854 2391 127 39 many
1003 2379 192 51 financial
1216 2381 162 51 battles,
1402 2388 192 44 renewed

269 2440 66 41 his
359 2454 159 39 energy
543 2442 83 51 and
649 2444 161 50 proved
832 2444 172 50 himself
1028 2448 121 49 equal
1171 2453 44 44 to
1237 2447 71 50 the
1330 2464 261 44 emergency.
