1918 2812
303 280 60 42 86

699 292 247 35 AFRICAN
982 293 331 36 METHODISM

302 422 68 36 on,
395 407 189 51 Goodloe
607 412 83 46 and
715 409 190 49 Councill
929 412 163 46 offered
1116 411 71 47 the
1211 411 225 48 following1
1459 410 159 49 resolu¬

301 476 101 49 tion,
422 474 137 51 which
579 491 86 34 was
684 477 297 53 unanimously
999 478 206 52 adopted:

356 543 245 49 Whkreas,
627 541 90 51 The
739 551 120 44 great
884 543 177 52 General
1088 543 261 52 Conference
1372 544 46 51 of
1444 542 70 53 the
1538 541 80 54 Af¬

301 608 114 40 rican
439 609 60 39 M.
523 607 48 44 E.
596 609 183 49 Church,
800 610 41 48 in
863 611 52 47 it§
938 609 159 49 session
1119 609 42 49 in
1184 609 302 52 Indianapolis,
1509 608 108 53 Ind.,

301 675 117 51 May,
453 675 113 51 1888,
596 676 297 53 unanimously
922 677 155 52 agreed
1104 683 46 46 to
1174 676 101 53 hold
1302 675 71 54 the
1399 682 104 47 next
1532 689 84 40 ses¬

299 741 91 39 sion
416 741 41 39 in
482 742 70 40 the
579 740 349 46 South—Selma,
953 742 119 46 Ala.;
1097 743 96 46 and,

354 808 247 47 Whereas,
633 808 152 47 Selma,
814 806 101 49 with
943 808 75 47 her
1045 823 125 38 many
1198 811 131 50 trains
1358 810 187 53 running
1571 817 48 46 to

301 874 84 39 and
415 874 186 53 through
631 876 44 51 it,
710 874 67 53 the
807 875 200 52 situation
1037 877 129 51 being
1194 876 205 52 perfectly
1428 876 183 54 healthy,

297 953 127 39 many
446 940 181 52 artesian
651 939 128 53 wells,
804 941 177 53 sulphur
1004 943 181 53 springs,
1209 955 25 41 a
1255 942 84 54 city
1362 944 102 52 with
1487 951 126 45 street

295 1020 105 32 cars,
428 1007 173 51 dummy
625 1008 103 50 lines
754 1008 185 52 running
961 1008 187 53 through
1174 1009 53 52 it;
1251 1011 96 50 and,

353 1072 245 47 Whereas,
641 1071 93 48 The
771 1073 84 53 city
896 1075 34 51 is
971 1076 94 50 well
1107 1076 192 52 supplied
1341 1076 101 52 with
1483 1091 126 37 many

294 1139 203 40 churches
523 1140 82 40 and
629 1139 129 49 halls';
784 1142 95 47 and,

350 1205 247 49 Whereas,
631 1204 93 50 The
757 1207 168 47 colored
958 1209 149 51 people
1139 1210 46 50 of
1221 1209 142 51 Selma
1395 1225 96 35 own
1525 1213 83 47 and

292 1272 161 39 control
486 1285 117 28 more
634 1274 84 39 real
750 1281 130 35 estate
909 1276 83 40 and
1023 1275 278 43 comfortable
1329 1275 146 43 homes
1505 1280 100 39 than

292 1351 82 37 any
400 1338 83 51 city
508 1339 47 50 of
580 1339 52 50 its
658 1339 83 50 size
767 1341 41 48 in
834 1342 69 47 the
930 1340 158 50 South;
1114 1341 225 53 therefore,

345 1404 224 50 Resolved,
602 1403 112 51 That
744 1405 71 49 the
847 1407 139 47 North
1018 1408 208 46 Alabama
1258 1410 272 53 Conference,
1563 1413 41 50 in

292 1472 173 44 session,
500 1474 154 42 extend
687 1487 23 29 a
743 1473 158 43 cordial
933 1476 200 41 welcome
1163 1483 46 34 to
1238 1478 71 40 the
1339 1485 102 34 next
1473 1480 132 52 quad¬

291 1537 159 40 rennial
480 1540 171 39 session.

348 1602 138 42 Selma
507 1604 127 52 being
655 1620 50 36 an
730 1606 262 50 educational
1015 1615 138 41 center
1177 1609 66 47 for
1265 1611 70 45 the
1359 1611 243 54 Congrega-

287 1670 221 49 tionalists,
540 1671 316 52 Presbyterians
885 1675 82 48 and
998 1675 197 52 Baptists,
1227 1679 82 48 and
1339 1693 78 34 our
1444 1678 157 49 church

288 1736 144 51 seeing
460 1737 70 50 the
558 1745 119 42 great
705 1740 105 47 need
838 1739 47 48 of
914 1754 53 33 an
995 1741 236 46 institution
1262 1744 68 43 for
1357 1744 72 43 the
1456 1759 145 41 young

286 1813 95 30 mien
415 1804 82 39 and
531 1818 162 27 women
728 1807 133 38 under
892 1808 69 39 the
994 1808 180 41 African
1209 1812 235 41 Methodist
1476 1814 123 40 influ¬

286 1882 133 33 ences,
444 1870 82 45 and
553 1869 157 52 feeling
732 1870 82 51 this
838 1879 45 42 to
905 1874 51 47 be
978 1888 80 33 one
1081 1876 46 45 of
1151 1875 72 46 the
1245 1885 185 43 greatest
1454 1893 143 35 means

287 1936 67 38 for
379 1936 330 51 indoctrinating
732 1938 70 49 the
830 1938 103 49 faith
959 1940 83 47 and
1068 1942 224 52 principles
1319 1944 209 50 delivered
1553 1953 44 41 to

284 2015 49 25 us
366 2002 53 51 by
451 2002 70 51 the
555 2002 171 51 fathers,
760 2018 62 35 we
855 2004 194 53 planned,
1084 2010 169 47 entered
1286 2011 88 46 into
1404 2014 192 52 negotia¬

282 2068 110 39 tions
420 2069 82 38 and
531 2069 106 51 fully
665 2068 249 52 established
943 2085 75 35 our
1046 2082 167 42 present
1242 2076 144 53 Payne
1412 2079 182 50 Univer¬

281 2133 93 50 sity.

336 2198 90 43 The
461 2201 231 51 following,
728 2215 156 41 among
918 2205 152 51 others,
1107 2220 109 36 were
1251 2210 103 46 local
1389 2218 202 38 trustees:

284 2264 47 44 E.
362 2266 68 42 W.
462 2266 142 50 Stone,
649 2267 41 49 S.
735 2267 48 49 G.
827 2268 200 50 Hatcher,
1085 2272 45 46 C.
1176 2272 48 46 G.
1270 2276 169 51 Brown,
1484 2279 103 48 Rev.

279 2332 45 40 C.
352 2330 47 43 E.
427 2333 164 49 Harris,
617 2333 84 49 LL.
728 2335 59 48 B.,
814 2333 67 50 W.
908 2334 45 49 F.
981 2337 162 49 Clarke,
1172 2339 140 54 Philip
1338 2343 150 50 Smith.
1551 2348 34 45 T-t

277 2412 99 35 was,
400 2398 161 49 indeed,
585 2414 24 33 a
630 2400 144 52 trying
793 2402 103 50 time
915 2409 42 43 at
979 2404 82 48 this
1083 2404 251 48 conference
1356 2412 232 53 regarding

276 2463 70 40 the
377 2462 155 51 school,
563 2477 45 36 as
639 2478 116 35 some
783 2465 183 53 thought
995 2468 70 50 the
1095 2470 315 48 establishment
1439 2477 48 41 of
1517 2479 71 41 the
