1900 2800
725 313 57 32 IN
816 311 285 35 ALABAMA.

1547 298 60 43 87

289 433 117 28 same
432 433 88 28 was
545 431 296 40 unnecessary,
868 433 45 38 as
940 419 71 52 the
1036 418 162 53 district
1223 418 84 53 had
1333 418 169 53 already
1529 429 79 42 one

293 485 158 48 school,
471 485 164 48 located
654 492 43 41 at
717 485 186 49 Atlanta,
926 484 295 50 Ga.—Morris
1243 485 155 49 Brown
1422 484 183 51 College.

291 553 85 40 But
399 550 157 43 Brown
580 550 172 53 Chapel,
775 551 102 52 with
899 552 74 51 her
995 550 174 53 faithful
1191 551 160 52 officers
1374 551 82 52 and
1478 564 130 39 mem¬

288 620 108 46 bers,
419 619 68 47 led
508 631 54 35 on
584 618 55 52 by
660 618 70 52 the
752 617 103 53 Rev.
878 619 37 51 J.
942 617 41 53 S.
1010 616 140 54 Shaw,
1173 625 154 45 pastor,
1351 618 83 52 and
1455 617 68 53 W.
1548 617 59 53 H.

292 686 168 48 Mixon,
493 685 45 49 P.
570 683 63 51 E.,
677 685 46 49 L.
756 684 193 50 Gardner
991 686 84 48 and
1117 685 50 49 R.
1213 685 61 49 M.
1319 683 154 51 Cheek,
1516 697 86 37 car¬

291 751 89 41 ried
413 751 72 41 the
519 751 144 51 Payne
699 750 153 52 School
885 757 46 45 to
964 749 264 53 Greensboro
1261 751 83 51 and
1376 749 168 53 handed
1576 750 31 52 it

289 826 46 33 to
355 817 72 42 the
452 817 140 42 North
615 817 210 42 Alabama
849 817 273 49 Conference,
1148 818 101 48 with
1272 815 71 51 the
1366 816 242 50 machinery

287 886 43 38 in
364 885 164 51 perfect
563 885 187 51 running
783 885 137 51 order,
954 884 83 52 and
1072 884 185 52 scholars
1292 882 317 54 matriculating

292 952 125 51 daily.

346 1027 92 42 The
475 1028 253 41 Committee
762 1043 52 26 on
852 1026 239 43 Education
1125 1027 122 42 made
1280 1026 72 43 the
1387 1027 221 51 following

292 1101 164 46 report:

345 1171 87 42 For
454 1173 160 40 several
636 1186 121 39 years
779 1187 64 38 we
863 1172 107 53 have
990 1171 111 54 held,
1124 1171 83 54 and
1229 1185 71 40 are
1319 1172 148 53 to-day
1488 1169 119 56 hold¬

288 1239 77 47 ing
385 1252 118 34 some
522 1239 47 47 of
588 1238 72 48 the
681 1244 213 44 strongest
915 1237 108 51 forts
1043 1238 43 50 in
1106 1238 71 50 the
1198 1244 117 44 state.
1345 1234 144 54 Thos'e
1508 1238 101 50 who

292 1306 127 40 know
446 1312 111 34 most
583 1305 49 41 of
657 1314 79 32 Our
762 1304 121 42 work
908 1303 95 43 love
1029 1316 49 30 us
1105 1308 133 42 most;
1265 1301 122 49 those
1411 1302 99 48 who
1533 1315 74 38 op¬

291 1386 103 38 pose
415 1385 49 39 us
486 1378 112 46 most
619 1385 72 39 are
713 1371 132 53 doing
865 1371 80 53 less
970 1370 67 54 for
1060 1369 142 55 Christ
1224 1370 83 54 and
1328 1368 65 56 his
1415 1382 136 42 cause.

350 1449 96 40 Our
479 1448 160 41 fathers
670 1446 110 43 have
814 1447 108 42 done
954 1446 105 43 well.
1119 1442 119 55 They
1270 1444 106 53 have
1408 1445 98 52 held
1538 1445 71 52 the

293 1515 98 40 field
412 1515 69 40 for
500 1514 73 41 the
591 1527 147 39 young
755 1527 109 39 men.
925 1513 39 53 It
984 1513 34 53 is
1040 1513 68 53 for
1128 1526 49 40 us
1197 1519 45 47 to
1261 1526 74 40 say
1355 1510 186 56 whether
1561 1523 48 43 or

292 1588 78 34 not
396 1596 65 26 we
487 1582 86 40 will
599 1579 103 43 hold
728 1580 115 42 what
867 1578 99 52 they
992 1579 110 51 have
1126 1577 169 53 handed
1322 1579 126 51 down
1474 1585 45 45 to
1546 1591 63 39 us.

294 1649 86 39 But
401 1646 126 42 while
548 1646 70 42 the
641 1646 96 42 field
758 1646 36 42 is
817 1659 113 36 ours,
953 1660 64 35 we
1039 1659 77 36 can
1138 1645 100 52 only
1258 1646 99 51 hold
1381 1646 31 51 it
1434 1659 54 38 on
1511 1658 97 39 con¬

294 1715 169 39 ditions.
523 1713 85 42 We
633 1721 126 34 must
781 1720 200 35 educate
1003 1724 55 31 or
1080 1721 68 34 we
1172 1721 172 34 perish.

349 1789 93 43 The
465 1792 155 49 pledge
643 1792 47 49 of
712 1792 74 49 the
807 1788 158 53 fathers
989 1797 43 44 to
1055 1790 70 51 the
1148 1788 179 53 African
1353 1787 255 54 Methodists

294 1859 49 39 of
365 1857 72 41 the
460 1863 107 35 state
589 1855 91 43 that
702 1855 99 52 they
825 1855 150 52 should
998 1853 107 54 have
1128 1869 25 38 a
1175 1853 143 54 school
1341 1853 42 54 in
1407 1851 136 56 which
1566 1858 48 49 to

295 1926 176 41 educate
490 1924 109 43 their
619 1923 202 49 children,
841 1929 113 43 must
973 1923 51 49 be
1043 1921 162 51 carried
1224 1935 56 37 on
1298 1921 54 51 by
1371 1919 109 53 their
1499 1932 111 40 sons.

295 1992 172 51 During
489 1989 83 54 this
597 1989 251 54 conference
869 2002 99 41 year
991 1989 70 54 the
1085 1987 179 56 General
1289 1986 142 57 Board
1453 1985 48 58 of
1524 1983 87 60 Ed¬

298 2058 170 41 ucation
500 2057 71 42 for
598 2055 84 44 this
712 2056 251 43 conference
987 2053 79 46 has
1110 2054 124 45 made
1277 2059 332 46 arrangements,

294 2124 238 53 purchased
561 2123 169 54 ground
759 2122 83 55 and
871 2122 164 55 erected
1063 2135 26 42 a
1115 2120 194 57 building
1337 2120 84 57 and
1449 2120 162 57 opened

298 2190 145 41 school
466 2190 41 41 in
535 2188 141 44 Selma
700 2188 101 44 with
822 2187 118 45 three
960 2187 199 48 teachers,
1187 2199 159 36 among
1365 2186 72 49 the
1456 2186 92 49 best
1569 2186 43 49 in

299 2256 84 41 this
416 2262 118 35 state.
608 2251 93 46 The
733 2252 155 50 school,
919 2252 167 52 though
1118 2252 99 52 only
1248 2252 43 52 in
1324 2251 216 53 operation
1560 2262 53 42 30

295 2325 116 50 days,
436 2322 76 53 has
537 2320 186 55 enrolled
751 2332 75 43 149
850 2318 198 57 scholars.
1108 2319 41 56 A
1172 2332 93 43 new
1289 2330 146 45 organ,
1460 2315 151 60 valued

296 2397 43 35 at
358 2389 192 52 $150.00,
572 2388 83 53 and
674 2402 25 39 a
719 2387 93 54 bell,
832 2386 154 55 valued
1006 2392 42 49 at
1067 2385 135 56 $5.00,
1222 2385 109 56 have
1349 2385 103 56 been
1471 2384 141 57 given,

293 2456 92 41 also
406 2455 145 42 school
573 2454 182 43 records.
814 2448 106 49 This
941 2453 139 44 shows
1102 2452 70 45 the
1193 2450 103 53 high
1319 2451 189 52 estimite
1529 2453 85 50 and
