1934 2823
302 307 89 45 194
648 322 242 39 AFRICAN
922 327 332 38 METHODISM

304 425 144 43 bathes
471 427 71 43 the
565 430 93 43 face
679 432 45 41 of
746 433 73 41 the
841 441 160 35 eastern
1027 436 134 50 shore,
1185 442 45 44 to
1250 434 142 52 where
1415 435 71 51 the
1509 436 107 50 calm

303 492 83 42 and
416 496 191 47 peaceful
639 498 152 45 Pacific
820 501 129 42 views
978 502 72 41 the
1080 503 155 49 setting
1264 516 92 36 sun,
1388 501 85 51 and
1503 503 114 49 from

303 559 69 40 the
400 561 120 41 silent
548 563 114 41 lakes
690 579 54 27 on
772 565 70 43 the
871 567 139 41 North
1039 575 46 34 to
1109 568 69 41 the
1206 569 108 40 calm
1343 568 200 51 quietude
1571 567 49 52 of

302 625 68 40 the
404 625 104 42 Gulf
540 641 54 27 on
626 629 71 42 the
731 631 147 52 South,
911 634 163 49 admire
1104 635 87 48 him
1225 636 70 47 for
1325 634 66 49 his
1424 635 192 50 bravery,

302 690 80 42 like
406 691 70 43 the
499 694 188 51 gigantic
711 699 81 46 oak
815 700 46 45 of
884 700 70 45 the
980 701 142 49 forest,
1148 700 55 50 he
1226 701 229 49 submitted
1478 708 44 42 to
1546 701 71 49 the

301 755 190 45 Father's
526 763 221 40 axe—fell.
833 766 82 49 Job
949 780 117 36 says:
1101 767 113 49 "But
1247 783 99 33 man
1381 769 114 47 dieth
1530 771 83 45 and

299 826 175 39 wasteth
505 840 141 39 away:
678 828 103 51 Yea,
813 844 98 35 man
941 832 144 52 giveth
1130 846 55 38 up
1230 833 71 51 the
1346 834 139 52 ghost,
1531 835 83 51 and

300 888 138 43 where
464 892 33 39 is
523 892 106 40 he?"
689 894 69 42 He
783 895 38 41 is1
844 898 101 40 with
972 897 65 43 his
1066 897 106 43 God.
1233 897 86 43 For

346 974 130 40 "Who,
504 977 97 39 who,
628 980 126 36 would
781 979 78 37 live
883 982 136 39 alway,
1047 992 111 30 away
1183 985 102 37 from
1312 986 62 36 his
1402 987 142 38 God,—

345 1019 120 39 Away
492 1022 100 36 from
620 1031 77 29 yon
724 1025 160 39 heaven,
914 1028 88 36 that
1031 1028 155 36 blissful
1214 1031 136 37 abode,

343 1063 144 34 Where
508 1067 125 32 rivers
656 1069 41 30 of
719 1069 179 37 pleasure
923 1072 85 34 flow
1031 1073 81 33 o'er
1133 1074 67 32 the
1224 1075 133 37 bright
1379 1076 139 39 plains,

343 1109 86 30 And
454 1110 69 31 the
547 1113 185 32 noontide
756 1113 41 33 of
822 1115 110 41 glory
956 1117 193 39 eternally
1174 1119 158 37 reigns?

344 1152 125 32 There
495 1155 125 32 saints
644 1157 41 30 of
709 1157 51 32 all
785 1165 93 31 ages
903 1160 40 36 in
967 1161 191 38 harmony
1182 1164 106 35 meet

343 1196 118 33 Their
486 1198 164 34 Saviour
673 1202 76 31 and
774 1203 186 35 brethren
984 1206 252 38 transported
1260 1209 41 35 to
1326 1210 121 38 greet,

342 1240 126 33 While
492 1244 180 32 anthems
697 1246 39 30 of
759 1247 159 37 rapturte
941 1250 255 38 unceasingly
1220 1251 73 37 roll

343 1285 85 32 And
451 1286 69 32 the
541 1287 112 33 smile
676 1289 40 33 of
737 1291 67 31 the
827 1292 101 32 Lord
950 1293 35 31 is
1007 1293 68 33 the
1096 1295 106 33 feast
1224 1296 41 32 of
1285 1296 68 32 the
1376 1297 121 33 soul."

354 1364 81 42 We
469 1380 104 37 pray
609 1368 68 49 for
711 1369 71 48 the
817 1372 85 45 will
938 1374 47 43 of
1019 1373 69 44 the
1124 1372 157 45 Father
1314 1383 46 35 to
1394 1378 51 42 be
1481 1379 130 51 done;

298 1431 119 40 when
438 1433 69 39 the
528 1446 151 38 prayer
700 1434 32 50 is
754 1438 218 46 answered
994 1455 62 29 we
1078 1439 158 45 shrink.
1297 1440 138 46 There
1455 1447 85 39 will
1562 1447 51 40 be

295 1498 192 51 weeping
508 1500 81 49 and
610 1503 228 49 mourning
857 1504 101 48 with
981 1505 180 47 families
1183 1509 82 43 and
1286 1510 179 47 nations,
1489 1513 122 44 when

295 1563 67 40 the
391 1565 124 40 ranks
544 1566 46 39 of
616 1566 71 42 the
713 1567 179 43 African
923 1570 233 44 Methodist
1184 1571 226 57 Episcopal
1440 1577 168 51 Church

294 1627 104 41 shall
428 1628 108 44 have
566 1631 102 41 been
700 1632 170 44 broken.
930 1635 139 42 When
1084 1639 16 39 ?
1157 1639 139 43 When
1328 1654 79 29 our
1437 1644 172 51 bishops

293 1694 150 42 Daniel
464 1696 244 44 Alexander
730 1700 153 51 Payne,
905 1702 245 49 Alexander
1170 1707 285 54 Washington
1478 1712 131 49 Way-

293 1774 110 34 man,
437 1759 185 49 Thomas
657 1765 59 43 M.
750 1767 51 41 D.
835 1768 146 50 Ward,
1014 1770 111 51 John
1160 1773 60 48 M.
1255 1775 170 51 Brown,
1459 1779 150 51 Henry

295 1824 183 44 McNeal
506 1825 177 55 Turner,
712 1832 170 53 Wesley
909 1835 111 50 John
1050 1836 167 51 Gaines,
1247 1840 225 51 Benjamin
1501 1845 106 46 Wil¬

293 1891 96 42 liam
421 1893 164 50 Arnett,
618 1896 225 49 Benjamin
875 1896 166 49 Tucker
1074 1901 168 45 Tanner
1275 1909 82 39 and
1389 1909 216 42 Abraham

293 1958 133 42 Grant
452 1960 105 41 shall
584 1962 106 41 have
717 1965 253 42 marshalled
996 1968 108 40 their
1130 1973 152 41 armies
1310 1989 53 27 on
1392 1977 117 40 earth
1539 1980 64 39 for

290 2023 69 40 the
380 2025 78 41 last
479 2026 111 40 time.
650 2024 130 46 Their
801 2045 94 37 eyes
916 2034 147 51 to-day
1084 2050 70 35 are
1177 2050 113 39 upon
1314 2041 154 52 Christ,
1491 2057 112 39 upon

292 2087 366 47 Christianization
685 2097 83 43 and
794 2096 70 44 the
890 2099 303 46 advancement
1219 2106 48 39 of
1292 2107 72 43 the
1386 2123 127 28 cause
1540 2127 63 26 we

290 2165 222 44 represent.
551 2160 125 49 Some
697 2162 78 52 day
795 2163 96 53 they
911 2167 84 49 will
1014 2168 51 48 be
1083 2170 54 46 let
1156 2171 123 45 down
1298 2174 39 42 in
1356 2176 71 40 the
1442 2177 60 52 pit
1519 2181 81 48 and

289 2222 109 41 their
428 2225 143 40 bodies
605 2227 84 40 will
723 2235 83 33 rest
838 2232 195 50 together
1064 2233 40 49 in
1139 2236 68 46 th<?
1243 2239 109 48 dust,
1386 2242 74 45 but
1490 2244 110 43 their

288 2290 125 40 deeds
434 2292 83 39 and
536 2305 148 28 names
702 2293 83 43 will
806 2294 92 44 live.
960 2298 62 40 O!
1044 2301 31 39 it
1096 2301 33 41 is
1151 2303 189 48 pleasant
1360 2313 45 38 to
1424 2308 114 44 hand
1558 2319 45 36 to

286 2357 266 48 generations
574 2358 109 47 after
703 2363 267 46 generations
988 2364 74 45 the
1081 2381 144 29 names
1248 2372 47 41 of
1315 2372 188 45 Richard
1524 2378 78 41 Al¬

286 2421 78 46 len,
388 2422 158 45 Morris
569 2424 168 49 Brown,
760 2424 186 49 Edward
968 2431 182 52 Waters,
1172 2435 114 48 Wm.
1311 2438 104 45 Paul
1439 2441 158 53 Quinn,
