1900 2800
285 292 60 41 66

640 298 245 34 AFRICAN
920 292 322 40 METHODISM

290 418 152 40 elation
481 428 157 38 among
673 416 71 50 the
780 414 206 52 members
1023 410 48 56 of
1106 411 71 55 the
1215 405 143 61 North
1393 402 212 64 Alabama

293 484 170 39 Annual
496 482 272 41 Conference.

1171 539 71 42 W.
1273 537 59 44 H.
1366 535 182 46 Mixotf.

348 613 91 42 The
466 614 260 41 Conference
751 613 90 42 also
865 610 162 45 offered
1052 624 26 31 a
1102 606 228 49 resolution
1355 600 253 58 beseeching

295 683 69 39 the
387 681 220 41 President
626 680 46 42 of
692 678 71 44 the
782 678 161 44 United
965 676 138 46 States
1123 683 45 39 to
1187 672 135 50 retain
1339 669 72 53 the
1430 668 115 54 Hon.
1566 667 39 55 J.

297 748 46 39 P.
368 746 168 51 Rapier,
561 744 209 53 Collector
791 744 48 53 of
862 740 186 57 Internal
1072 740 211 57 Revenue,
1294 743 44 54 at
1361 733 246 64 Montgom¬

297 828 83 37 ery,
408 813 218 52 Alabama.
686 807 208 58 Through
918 806 91 59 that
1034 804 242 61 resolution,
1302 802 229 63 supported
1554 802 55 63 by

298 879 69 40 the
391 878 210 43 ministers
626 877 46 44 of
695 876 70 45 the
788 875 52 46 A.
867 875 62 46 M.
954 872 50 49 E.
1032 872 182 49 Church,
1238 871 71 50 the
1333 876 166 49 request
1522 881 87 44 was

300 946 190 52 granted.
549 942 93 56 The
676 942 229 56 resolution
939 955 87 43 was
1060 939 149 59 signed
1240 939 54 59 by
1327 938 62 60 M,.
1422 932 189 66 Edward

302 1014 160 50 Bryant
481 1012 83 52 and
585 1010 140 54 Isaiah
745 1010 58 54 H.
823 1008 163 56 Welch.

359 1101 38 39 It
426 1113 87 27 was
541 1099 101 41 here
667 1098 91 42 that
785 1096 72 44 the
885 1096 262 44 Conference
1173 1093 207 50 endorsed
1407 1092 74 51 the
1505 1091 106 52 Rev.

304 1167 31 39 I.
378 1167 53 39 N.
471 1163 257 53 Fitzpatrick
765 1178 45 38 as
849 1161 329 55 Commissioner
1215 1161 69 55 for
1319 1158 72 58 the
1426 1157 185 59 Qarfjeld

307 1233 223 40 Memorial
568 1231 247 53 University
851 1237 47 47 to
931 1231 53 53 be
1018 1228 163 56 erected
1217 1234 46 50 at.
1297 1227 316 57 Montgomery,

304 1301 95 40 Ala.
458 1297 91 44 The
577 1298 223 50 following
826 1297 195 51 brethren
1049 1309 111 39 were
1184 1294 204 54 admitted
1413 1306 56 42 on
1494 1292 119 56 trial:

308 1364 45 43 F.
383 1367 46 42 L.
459 1366 193 48 Duncan,
681 1363 48 51 G.
758 1365 69 49 W.
859 1363 149 51 Sharp,
1037 1362 47 52 B.
1114 1360 46 54 F.
1189 1356 248 58 Dickerson,
1464 1358 50 56 R.
1542 1357 70 57 W-

310 1434 181 51 McVay,
523 1433 47 52 B.
599 1432 37 53 J.
669 1432 172 53 Nelson,
870 1430 53 55 A.
952 1430 53 55 A.
1049 1427 194 58 Godwin,
1285 1428 49 57 B.
1376 1427 70 58 W.
1488 1426 127 59 Bow¬

307 1514 110 33 man,
443 1498 187 49 William
655 1498 136 50 Long,
816 1497 37 52 J.
879 1496 52 53 D.
958 1496 112 53 Hay,
1095 1495 52 54 A.
1172 1494 38 55 J.
1236 1493 136 56 Hunt,
1398 1490 217 59 Sandford

309 1566 265 51 Livingston,
603 1566 47 51 L.
679 1561 49 56 T.
757 1561 261 56 Thompson,
1046 1562 52 55 D.
1127 1562 69 55 W.
1225 1560 124 57 Allen
1376 1560 84 57 and
1486 1557 130 60 Louis

308 1634 58 39 H.
406 1633 165 40 Mixon.
630 1631 194 42 Deacons
859 1629 203 44 ordained
1096 1634 44 40 at,
1171 1627 84 47 this
1290 1626 161 48 session
1484 1635 139 39 were:.

309 1699 157 42 Dishea
490 1698 218 43 Hamilton
733 1697 83 44 and
840 1696 149 53 Henry
1013 1693 206 56 Howard.

365 1787 91 42 The
488 1784 268 45 seventeenth
789 1784 160 45 session
982 1784 47 45 of
1060 1784 73 45 the
1165 1782 262 47 Conference
1458 1788 86 41 met
1575 1781 42 48 in

310 1854 127 50 Troy,
469 1854 106 50 Ala.,
608 1860 42 44 at
681 1852 59 52 St.
774 1852 105 52 Paul
910 1851 52 53 A.
996 1849 60 55 M.
1089 1848 49 56 E.
1171 1849 183 55 Church,
1385 1849 234 55 December

323 1935 59 36 12,
424 1922 115 49 1883.
625 1920 103 51 Rev.
767 1919 32 52 I.
839 1919 53 52 N.
932 1916 270 55 Fitzpatrick,
1252 1923 223 48 secretary.
1546 1916 70 55 Rt

312 1990 103 39 Rev.
444 1987 53 42 A.
526 1986 68 43 W.
624 1985 209 51 Wayman
859 1983 196 53 presided
1082 1983 102 53 with
1210 1982 67 54 his
1305 1981 122 55 usual
1455 1981 166 55 dignity

318 2056 83 43 and
434 2053 211 46 Christian
673 2052 175 47 charity.
908 2051 103 48 Rev.
1042 2050 69 49 W.
1144 2050 52 49 D.
1231 2049 112 50 Sims
1373 2050 85 49 and
1488 2047 48 52 F.
1568 2050 49 49 B.

312 2120 156 53 Taylor
510 2133 110 40 were
661 2118 70 55 the
773 2116 197 57 assistant
1013 2116 253 57 secertaries.
1324 2116 105 57 Rev.
1476 2116 47 57 C;
1567 2114 50 59 E.

320 2187 165 48 Harris,
506 2185 53 50 A.
583 2184 62 51 B.,
667 2183 85 52 LL.
776 2183 62 52 B.,
861 2196 86 39 was
969 2182 261 53 transferred
1252 2182 112 53 from
1385 2180 72 55 the
1478 2180 140 55 North

313 2244 206 51 Alabama
570 2248 260 47 Conference
880 2248 84 47 and
1014 2246 208 49 stationed
1272 2253 43 42 at
1365 2244 253 51 Emmanuel

315 2314 187 51 Church,'
526 2314 169 51 Mobile.
754 2312 103 53 Rev'.
887 2313 50 52 R.
966 2313 51 52 R.
1048 2312 119 53 Pratt
1193 2312 212 53 delivered
1431 2314 74 51 the
1528 2313 90 52 An¬

312 2383 98 41 nual
439 2382 189 43 Sermon.
687 2376 134 58 Opext:
846 2377 181 57 Genesis.
1048 2379 76 55 3rd
1149 2377 184 57 chapter,
1363 2378 100 56 19th
1485 2393 133 41 verse.

367 2457 92 44 The
485 2456 233 47 Metho4ist
742 2454 226 56 Episcopal
994 2453 262 57 Conference
1277 2467 89 43 was
1391 2454 43 56 in
1460 2456 162 54 session
