1900 2800
290 294 59 44 60

642 302 248 35 AFRICAN
924 300 325 38 METHODISM

350 420 91 43 The
466 421 209 42 sixteenth
699 421 159 42 session
884 419 214 44 convened
1122 419 41 44 in
1188 415 210 48 Emanuel
1425 410 184 53 Church,

300 491 171 48 Mobile,
500 490 107 49 Ala.,
638 489 232 50 December
899 498 24 41 7
950 494 46 45 to
1026 498 61 41 12,
1120 485 116 54 1882,
1266 482 161 57 Bishop
1456 481 53 58 A.
1540 480 69 59 W.

298 557 223 51 Wayman,
546 557 53 51 D.
624 556 68 52 D.,
716 555 228 53 presiding.
1004 554 71 54 He
1098 552 100 56 read
1220 552 72 56 the
1320 548 96 60 13th
1440 549 171 59 chapter

297 623 47 39 of
380 635 16 27 1
435 622 94 41 Cor.
563 623 256 48 concerning
851 621 185 50 Charity,
1071 620 83 51 and
1186 617 126 54 made
1341 617 188 54 remarks
1562 630 45 41 as

300 689 166 40 follows
508 688 160 49 (which
702 687 152 50 should
887 688 83 49 live
1001 687 41 50 in
1076 684 72 53 the
1178 685 142 52 hearts
1353 683 83 54 and
1469 682 138 55 mindb

299 755 47 40 of
371 753 120 42 those
516 754 98 41 who
635 752 132 43 heard
791 751 126 50 them,
944 752 83 49 and
1052 750 91 51 also
1166 749 70 52 the
1262 749 168 52 readers
1457 748 45 53 of
1527 747 82 54 this

298 821 174 47 historv,
495 833 103 35 even
620 827 45 41 to
685 820 164 48 unborn
872 817 310 51 generations).
1242 817 118 51 With
1383 831 23 37 a
1429 815 181 53 pathetic

301 888 128 48 voice,
465 887 53 49 he
552 886 238 52 eloquently
823 884 279 54 proclaimed:
1152 883 200 55 "Human
1389 883 223 55 eloquence

302 956 99 39 does
430 960 75 35 not
533 960 174 35 amount
735 959 47 36 to
809 967 25 28 a
862 958 119 46 great
1012 951 91 53 deal
1132 949 178 55 without
1340 949 171 55 charity.
1572 950 38 54 A

303 1036 97 27 man
422 1036 96 38 may
540 1022 119 52 delve
680 1021 102 53 deep
804 1021 83 53 and
908 1034 96 40 soar
1024 1020 116 54 high,
1163 1026 127 48 count
1310 1019 72 55 the
1401 1025 106 49 stars
1530 1019 81 55 and

302 1090 128 51 speak
451 1102 126 39 many
599 1089 83 52 and
703 1087 172 54 various'
895 1088 244 53 languages,
1161 1086 53 55 he
1235 1088 34 53 is
1289 1085 181 56 nothing
1490 1087 119 54 with¬

303 1163 73 34 out
403 1156 173 52 charity.
636 1154 205 54 External
868 1156 181 52 religion'
1072 1155 83 53 like
1179 1153 90 55 that
1295 1155 46 53 of
1368 1155 72 53 the
1466 1154 145 54 Phari¬

305 1236 102 35 sees,
442 1221 140 50 where
614 1221 70 50 the
716 1230 143 44 trump
892 1222 35 52 is
961 1221 289 53 sounded—in
1282 1220 72 54 the
1385 1221 149 53 giving
1565 1220 47 54 of

304 1304 151 36 money
478 1296 43 44 to
545 1289 71 51 the
638 1303 117 37 poor,
781 1289 190 51 clothing
993 1296 45 44 to
1059 1288 70 52 the
1153 1290 159 50 naked;
1335 1290 74 50 but
1433 1289 177 51 without

306 1356 162 52 charity
503 1355 85 53 this
619 1356 35 52 is
689 1354 191 54 nothing.
946 1355 81 53 Oh,
1078 1369 69 39 my
1195 1355 207 53 brethren,
1453 1355 159 53 charity

305 1424 205 40 suffereth
538 1422 126 42 much
692 1424 83 40 and
804 1424 33 40 is
867 1422 113 42 kind.
1039 1422 139 42 When
1208 1421 160 54 charity
1394 1423 121 52 hears
1543 1422 70 53 the

304 1492 150 39 winter
476 1491 114 40 wind
614 1489 123 49 howl,
764 1492 84 46 and
873 1504 88 34 sees
986 1491 70 47 the
1081 1504 116 34 snow
1224 1489 152 53 falling
1400 1490 72 52 she
1497 1503 114 39 won¬

306 1558 227 40 ders—her
557 1558 118 40 heart
700 1556 264 43 aches—and
990 1558 74 41 she
1088 1572 100 38 goes
1216 1558 115 52 forth
1355 1564 44 46 to
1422 1556 106 54 hunt
1554 1572 56 38 up

305 1623 71 41 the
401 1637 104 39 poor
531 1625 83 51 and
641 1623 244 53 administer
911 1630 45 46 to
980 1622 108 54 their
1115 1630 146 46 wants.

363 1722 22 16 "
404 1721 188 53 'Charity
626 1721 166 53 envieth
825 1721 221 53 notshe
1078 1723 34 51 is
1146 1730 74 44 not
1254 1724 173 50 envious
1461 1724 47 50 of
1539 1722 70 52 the

305 1790 199 52 popular;
531 1789 74 53 she
628 1789 147 53 knows
800 1788 90 54 that
916 1791 53 51 all
993 1788 108 54 have
1126 1797 73 45 not
1224 1792 70 50 the
1320 1805 115 37 same
1458 1792 153 51 ability.

308 1856 84 42 She
416 1856 34 42 is
473 1861 74 37 not
571 1854 148 52 puffed
744 1868 68 38 up.
874 1854 84 52 She
982 1856 34 50 is
1043 1857 254 52 exemplary.
1360 1857 83 52 She
1468 1858 142 51 letteth

305 1921 75 40 her
404 1921 105 51 light
533 1920 140 52 shine;
697 1919 31 53 it
752 1920 34 52 is
809 1928 74 44 not
904 1933 222 41 necessary
1149 1928 47 46 to
1217 1930 75 45 put
1316 1937 23 38 a
1363 1924 169 51 placard
1557 1937 53 38 on

305 1989 75 39 her
402 1988 152 50 beauty
589 1993 45 45 to
668 1986 70 52 tell
774 1986 71 52 the
880 1987 134 51 world
1050 1988 75 50 she
1160 1988 34 50 is
1232 2004 24 34 a
1281 1988 234 51 Christian;
1537 1989 76 50 her

306 2053 139 40 works
485 2066 131 38 prove
653 2053 43 51 it.
755 2048 153 56 Thank
948 2052 106 52 God,
1097 2054 112 50 from
1249 2056 114 48 amid
1403 2055 211 52 adversity

305 2121 83 39 and
411 2134 109 26 wars
543 2120 83 40 and
650 2132 164 28 rumors
838 2120 47 40 of
907 2134 109 28 wars
1040 2121 116 41 there
1179 2136 71 26 are
1273 2137 24 26 a
1322 2123 82 40 few
1429 2123 82 40 still
1536 2122 75 41 left

308 2187 96 40 who
435 2200 165 38 possess
633 2185 72 53 the
736 2186 136 52 grand
905 2185 158 53 virtues
1098 2187 48 51 of
1178 2186 173 53 charity.
1412 2186 87 53 'Tis
1534 2189 81 50 evil

306 2254 195 51 disposed
525 2251 146 54 people
693 2252 99 53 who
811 2251 121 54 think
953 2254 80 51 evil
1056 2255 47 50 of
1126 2253 163 52 others;
1313 2255 161 54 charity
1495 2255 119 54 hates

307 2321 64 39 sin
399 2334 45 26 as
473 2334 24 26 a
524 2333 98 27 man
650 2318 47 42 of
726 2319 224 41 discretion
978 2320 142 40 would
1148 2322 138 41 throw
1315 2335 120 40 away
1465 2324 150 52 deadly

306 2387 171 51 poison;
504 2386 161 52 charity
692 2386 124 52 doeth
841 2393 74 45 not
942 2386 154 52 rejoice
1121 2388 42 50 in
1190 2387 70 51 the
1288 2390 202 48 downfall
1518 2391 48 47 of
1592 2405 22 33 a

307 2466 108 35 man,
441 2452 73 49 she
536 2451 201 57 rejoiceth
759 2452 43 56 in
824 2453 70 55 the
915 2452 157 56 truth,"
