1900 2800
741 674 288 45 CHAPTER
1063 676 102 43 XII.

349 868 160 51 Bishop
533 868 56 51 H.
614 867 61 52 M.
699 864 179 55 Turner,
902 866 52 53 D.
978 865 67 54 D.,
1067 865 52 54 D.
1144 864 46 55 C.
1212 864 62 55 L.,
1297 876 116 43 came
1434 869 45 50 to
1499 876 49 43 us
1570 863 41 56 in

295 936 116 52 1896,
437 937 83 51 and
543 935 98 53 held
662 934 65 54 his
750 935 90 53 first
863 933 251 55 conference
1136 933 43 55 in
1203 931 276 57 Greensboro,
1506 929 108 59 Ala.,

291 1004 112 40 Nov.
432 1001 277 52 18-21896.
770 1001 104 52 Rev.
896 1001 51 52 R.
970 1000 53 53 D.
1046 999 179 54 Brooks,
1247 998 113 55 chief
1382 1003 233 50 secretary;

291 1072 103 39 Rev.
425 1071 85 51 Jas.
544 1070 69 52 \V.
644 1069 176 53 Walker
851 1069 82 53 and
964 1067 68 55 W.
1065 1067 47 55 B.
1144 1065 205 57 Johnson,
1381 1065 232 57 assistants.

290 1138 231 41 Transfers'
539 1137 189 42 received
745 1152 6 27 :
771 1137 69 42 \V.
861 1137 56 42 H.
938 1136 140 51 Jones,
1098 1135 36 52 J.
1154 1134 69 53 W.
1244 1135 48 52 L.
1312 1130 158 57 Talley,
1491 1133 51 54 R.
1562 1132 51 55 R.

291 1207 119 45 Fain,
436 1208 49 44 h.
511 1204 50 48 E.
590 1204 190 48 Makiell,
804 1205 38 51 J.
869 1205 48 51 B.
943 1203 159 53 Dukes,
1131 1202 45 54 P.
1202 1203 37 53 J.
1265 1201 206 55 Johnson,
1496 1200 53 56 A.
1575 1200 39 56 J.

292 1276 214 39 Houston.
566 1271 229 44 Transfers
829 1273 150 51 given:
1016 1270 48 54 G.
1100 1270 68 54 W'.
1204 1270 254 54 Raspberry,
1493 1265 49 59 T.
1576 1268 38 56 J.

289 1343 190 52 Jenkins,
504 1342 57 53 H.
587 1342 61 53 M.
674 1340 163 55 Pillow,
860 1340 84 55 and
965 1339 113 56 Wm.
1105 1338 122 57 Pyles
1250 1346 43 49 to
1315 1337 70 58 the
1407 1337 209 58 Alabama

292 1411 276 40 Conference.
631 1409 141 42 North
801 1408 230 43 Alabama:
1063 1405 46 46 C.
1138 1406 69 45 W.
1238 1405 196 47 Warren,
1463 1404 69 48 W.
1564 1403 48 49 B.

291 1478 193 52 Johnson
513 1478 83 52 and
626 1477 47 53 B.
705 1474 47 56 F.
782 1475 202 55 Dickson.

348 1546 342 40 Introductions':
718 1544 104 42 Rev.
851 1543 46 43 C.
928 1541 42 45 S.
1000 1541 151 48 Smith,
1178 1541 52 48 D.
1259 1541 77 48 D.;
1363 1540 74 49 Dr.
1466 1536 48 53 T.
1543 1539 69 50 W.

295 1615 268 46 Henderson,
590 1613 193 48 business
808 1624 203 38 manager
1036 1610 47 52 of
1107 1609 53 53 A.
1188 1610 61 52 M.
1276 1606 49 56 E.
1354 1608 122 54 Book
1501 1606 109 56 Con¬

291 1696 112 34 cern,
431 1679 305 52 Philadelphia,
764 1678 83 53 Pa;
872 1678 104 53 Rev.
1004 1677 60 54 M.
1093 1676 61 55 M.
1182 1676 165 55 Moore,
1372 1674 52 57 D.
1450 1674 67 57 D.,
1544 1670 70 61 Fi¬

291 1749 166 40 nancial
484 1748 246 49 Secretary;
754 1746 75 51 Dr.
855 1745 57 52 H.
940 1745 48 52 B.
1015 1744 148 53 Parks,
1190 1742 222 55 Secretary
1434 1742 48 55 of
1507 1741 107 56 Mis¬

292 1819 128 46 sions,
443 1816 83 49 and
551 1816 106 49 Mrs.
683 1814 151 51 Lillian
858 1811 46 54 F.
929 1810 232 55 Thurman,
1189 1810 355 55 Superintendent
1567 1809 46 56 of

290 1885 71 39 W.
389 1884 56 40 H.
473 1883 85 41 and
584 1879 184 53 Foreign
796 1879 259 53 Missionary
1082 1878 289 54 Department.
1433 1877 106 55 Mrs.
1570 1875 42 57 S.

295 1952 58 39 H.
377 1950 214 41 Christian
612 1948 210 43 delivered
840 1949 73 42 the
930 1944 201 47 welcome
1151 1945 186 46 address.
1399 1944 83 47 Mr.
1504 1942 107 49 Wil¬

291 2019 56 39 lie
363 2015 189 43 Thomas
572 2015 209 43 extended
801 2029 23 29 a
844 2013 199 45 welcome
1062 2011 174 47 address
1257 2009 100 49 alsio.
1418 2010 103 48 Rev.
1542 2009 70 49 W.

294 2087 59 39 H.
398 2085 168 45 Mixon,
611 2084 46 46 P.
702 2081 49 49 E.
796 2082 46 48 of
884 2081 72 49 the
999 2080 304 51 Montgomery
1332 2077 189 54 District,
1552 2090 62 41 re¬

293 2153 202 52 sponded.
557 2152 74 53 Dr.
652 2152 140 53 James
814 2150 60 55 M.
897 2149 268 56 Henderson,
1187 2145 221 60 President
1429 2146 46 59 of
1496 2146 117 59 Mor~

294 2221 60 39 ris'
382 2220 156 40 Brown
571 2217 183 51 College,
786 2215 211 53 delivered
1025 2229 24 39 a
1077 2215 158 53 lecture
1262 2220 46 48 to
1334 2212 71 56 the
1435 2211 179 57 Confer¬

293 2299 113 25 ence.

351 2352 70 40 On
458 2349 185 43 Sabbath
678 2365 35 27 a.
749 2362 54 30 m.
839 2355 42 37 at
914 2359 25 39 9
972 2346 173 52 o'clock,
1180 2345 103 53 Rev.
1319 2345 105 53 Mrs.
1461 2345 152 53 Lillian

297 2415 221 42 Thurman
543 2415 209 52 preached
778 2414 112 53 from
915 2413 116 54 these
1055 2411 163 56 words:
1245 2407 118 60 "The
1389 2412 163 55 Master
1576 2411 34 56 is

297 2498 131 34 come,
457 2483 84 49 and
568 2482 151 50 calleth
748 2480 69 52 for
844 2480 135 52 thee,"
1009 2478 60 54 St.
1098 2477 112 55 John
1243 2478 151 54 11:28.
1454 2478 60 54 At
1539 2478 72 54 the

958 2543 64 31 109
