1900 2800
291 235 87 44 108

648 242 247 35 AFRICAN
921 242 345 35 METHODISM.

345 353 76 39 Dr.
448 350 51 44 E.
528 350 43 44 S.
600 349 133 50 Starr,
761 351 47 48 of
831 351 73 48 the
929 351 61 48 M.
1018 347 49 52 E.
1095 346 185 53 Church,
1308 344 149 55 South,
1485 342 124 57 made

291 434 117 27 some
438 419 200 42 remarks.
698 419 76 42 Dr.
807 416 45 45 C.
887 416 41 45 S.
960 416 195 46 Dinkins,
1188 415 46 47 C.
1266 415 46 47 L.
1344 410 152 52 Fisher
1525 409 85 53 and

292 488 47 41 C.
367 488 36 51 J.
434 487 152 52 Hardy
614 499 112 40 were
751 484 261 55 introduced.
1072 484 75 55 Dr.
1176 482 69 57 W.
1276 481 57 58 H.
1363 477 246 62 McAlpine,

291 556 48 43 L.
359 556 49 43 L.
428 553 199 49 Burwell,
648 554 62 48 M.
730 553 67 49 D.,
817 553 84 49 and
919 552 103 50 Rev.
1042 552 37 51 J.
1100 550 69 53 W.
1193 547 138 56 Smith
1351 560 110 43 were
1480 546 132 57 intro¬

294 620 147 41 duced.

347 684 93 43 The
471 684 224 52 following
724 683 197 53 brethren
953 697 110 39 were
1094 680 204 56 admitted
1329 693 55 43 on
1413 678 119 58 trial:
1568 675 42 61 S.

290 756 38 51 J.
350 754 258 53 Roundtree,
630 750 46 57 F.
697 753 69 54 W.
787 751 157 56 White,
965 751 47 56 L.
1036 748 49 59 G.
1106 749 194 58 Duncan,
1323 746 45 61 C.
1390 746 69 61 W.
1481 746 129 61 Love,

292 823 69 40 W.
391 822 57 41 H.
481 820 197 53 Spencer,
710 818 170 55 Samuel
910 816 279 57 Richardson,
1219 816 51 57 R.
1302 814 56 59 H.
1390 812 221 61 Emanuel,

292 890 114 40 Wm.
444 888 223 48 Williams,
707 886 166 50 Burrell
909 885 224 51 Andrews,
1169 883 53 53 A.
1260 882 176 54 Adams,
1472 881 47 55 L.
1556 880 54 56 V.

295 956 190 51 Starkey,
515 954 145 53 Sandy
684 953 177 54 Adams,
886 953 37 54 J.
951 952 57 55 H.
1035 951 195 56 Warren,
1258 950 60 57 M.
1345 950 47 57 L.
1421 948 126 59 Beck,
1572 947 38 60 J.

292 1024 68 40 W.
390 1024 154 43 Lovett
571 1022 85 45 and
683 1022 37 50 J.
753 1020 41 52 S.
826 1021 134 51 Brice.
1021 1018 202 54 Brothers
1255 1018 45 54 P.
1331 1016 52 56 A.
1412 1016 198 56 Jackson,

289 1092 143 51 James
461 1091 122 52 Bynn
610 1090 84 53 and
721 1088 121 55 King
866 1088 158 55 Brown
1050 1100 110 43 were
1187 1085 203 58 ordained
1417 1084 193 59 deacons.

351 1155 198 50 Sabbath,
582 1163 43 42 at
660 1167 44 38 n
740 1167 35 38 a.
808 1168 69 37 m.,
910 1154 69 51 Rt.
1013 1153 104 52 Rev.
1150 1152 53 53 A.
1239 1151 134 54 Grant
1403 1150 209 55 preached

297 1225 112 39 from
432 1223 72 41 the
528 1222 224 52 following
773 1227 103 47 text,
901 1218 113 56 "For
1037 1218 141 56 whom
1200 1219 56 55 he
1278 1218 73 56 did
1376 1218 233 56 foreknow,

291 1291 54 40 he
369 1290 92 41 also
486 1290 72 41 did
583 1289 285 52 predestinate
889 1294 47 47 to
958 1287 52 54 be
1031 1286 253 55 conformed
1308 1292 46 49 to
1377 1286 71 55 the
1472 1285 141 56 image

292 1359 47 39 of
357 1359 66 39 his
446 1357 114 43 Son"
589 1357 147 49 (Rom.
758 1355 147 51 8:29).
938 1356 71 50 On
1030 1355 186 51 opening
1234 1354 72 52 the
1326 1354 126 52 doors
1473 1353 47 53 of
1538 1353 73 53 the

292 1423 170 49 church,
488 1434 53 38 22
566 1421 181 51 anxious
772 1422 115 50 souls
911 1420 168 53 joined;
1110 1432 48 41 12
1183 1433 112 40 were
1316 1418 174 55 happily
1514 1431 99 42 con¬

293 1491 146 41 verted
471 1497 43 35 at
546 1491 71 41 the
649 1491 119 48 altar,
801 1490 103 49 viz.:
938 1487 229 53 Josephine
1199 1488 229 52 Douglass,
1462 1484 150 56 Hattie

293 1558 177 51 Lyman,
503 1557 154 52 Mattie
687 1555 130 54 Cook,
849 1554 100 55 Ann
981 1555 192 54 Holmes,
1204 1554 222 55 Woodson
1456 1553 157 56 James,

295 1624 163 52 Cherry
513 1622 158 54 Bonds,
728 1622 118 54 Aver
887 1622 130 54 Ruth,
1062 1622 152 54 Mattie
1255 1618 133 58 Tabb,
1432 1620 184 56 Matilda

295 1692 164 48 Moore,
483 1690 167 51 George
671 1689 156 52 White,
852 1689 153 52 Mattie
1027 1687 155 54 Gaines'
1203 1689 84 52 and
1310 1688 169 53 Archey
1502 1685 111 56 Tay¬

293 1761 76 47 lor,
404 1759 177 49 Pauline
612 1757 154 52 Wyley
797 1757 177 52 Lyman,
1008 1756 141 53 Lizzie
1181 1756 234 53 Hamilton,
1452 1757 160 52 Peggie

293 1825 158 48 White,
470 1824 48 49 B.
538 1821 48 52 F.
605 1824 166 49 Levert,
790 1823 198 50 Amanda
1008 1820 151 53 Smith,
1179 1820 95 53 Ella
1292 1823 192 50 Burnett,
1506 1823 109 50 Mir¬

293 1891 84 40 iam
412 1889 218 51 Eldridge,
667 1888 109 52 Lula
810 1888 216 52 Burnette,
1061 1887 123 53 Janie
1217 1888 226 52 Williams,
1477 1890 139 51 Jessie

297 1956 163 40 Moore.

351 2023 76 39 Dr.
460 2021 45 42 C.
539 2020 42 43 S.
615 2019 151 50 Smith,
797 2020 48 49 of
872 2018 71 51 the
973 2019 52 50 A.
1058 2020 61 49 M.
1151 2017 49 52 E.
1233 2019 171 50 Church
1437 2021 175 49 Sunday

297 2087 155 43 School
477 2086 160 49 Union,
664 2086 228 49 addressed
916 2084 70 51 the
1012 2085 188 50 children
1226 2086 43 49 in
1295 2100 25 35 a
1345 2088 153 49 special
1526 2102 88 35 ses¬

296 2153 105 41 sion.
