1948 2833
304 182 84 43 170

634 201 239 40 AFRICAN
909 210 343 36 METHODISM.

303 310 101 50 sion,
432 313 69 47 the
526 319 124 48 uplift
675 322 46 45 of
745 322 127 52 Jones
899 326 40 48 in
965 329 228 50 particular
1216 330 85 49 and
1326 330 71 49 the
1420 329 200 51 humility

298 377 46 38 of
368 378 55 40 all
447 381 152 43 others.

353 441 91 45 The
473 449 95 47 plan
600 451 161 45 offered
792 457 52 48 by
877 458 190 47 Councill
1098 475 87 30 was
1215 462 70 43 the
1315 476 80 29 one
1425 463 190 49 pursued

296 510 52 49 by
370 512 71 47 the
460 513 111 51 Jews
593 519 70 45 the
684 529 90 41 past
797 530 157 45 twenty
977 528 335 47 centuries—the
1335 527 117 48 habit
1475 530 47 45 of
1545 530 70 45 be¬

295 576 75 50 ing-
402 584 93 42 true
529 588 43 38 to
606 584 106 42 their
746 587 158 48 Jewish
940 591 331 44 characteristics
1308 595 83 40 and
1425 602 47 34 to
1504 597 109 40 their

294 640 116 48 God;
436 658 48 30 so
503 645 52 43 he
579 651 140 40 would
744 654 105 41 have
873 655 70 40 the
970 657 147 51 Negro
1140 665 93 43 true
1256 667 44 41 to
1326 660 63 48 his
1416 675 95 33 own
1536 676 74 32 na¬

291 714 92 35 ture
406 712 82 39 and
510 720 93 34 true
626 716 129 45 to.his
782 720 104 41 God.

346 774 81 41 Mr.
466 777 188 45 Councill
688 784 177 43 believes
898 788 89 42 that
1020 788 71 42 the
1124 790 121 42 black
1278 806 95 28 race
1407 795 33 40 is
1474 797 133 42 better

288 841 63 40 off
371 844 100 40 with
493 847 68 39 the
582 859 166 38 present
769 853 264 44 educational
1055 859 258 42 restrictions
1335 869 45 34 to
1400 863 71 42 the
1492 864 115 52 right

285 907 47 38 of
353 909 202 50 suffrage.
634 912 102 47 This
773 933 86 27 was
895 934 24 26 a
955 925 186 48 surprise
1176 933 43 40 to
1253 940 140 36 manv,
1431 931 73 45 but
1540 947 64 29 we

284 969 105 44 have
422 974 129 43 heard
583 993 57 28 no
671 994 77 29 one
782 987 192 47 question
1009 989 83 45 Mr.
1129 990 227 45 Councill's
1390 995 211 54 sincerity.

337 1036 90 45 The
460 1041 222 45 Professor
715 1049 177 44 delivers
924 1054 64 42 his
1020 1058 173 41 address
1224 1067 46 35 to
1298 1062 70 41 the
1399 1063 201 46 Clarinda

282 1102 279 56 Chautauqua
586 1111 82 47 this
695 1115 235 44 afternoon.
