1900 2800
759 303 62 36 IN
852 302 286 46 ALABAMA.

1538 287 56 47 71

280 420 70 46 for
380 422 72 44 the
485 424 63 42 M.
581 421 51 47 E.
667 420 185 52 Church,
886 420 149 52 South,
1068 434 55 38 on
1158 420 184 52 Sabbath
1375 419 224 53 afternoon

277 492 116 42 after
412 491 75 43 the
506 490 244 44 ordination
772 489 182 45 services
976 488 43 46 in
1041 501 80 33 our
1143 500 96 34 own
1263 485 170 49 church.
1465 483 134 51 Text:

279 560 106 42 Rev.
419 570 128 32 2;io:
579 557 92 45 "Be
699 557 105 45 thou
837 555 174 47 faithful
1043 561 104 41 unto
1178 554 136 48 death,
1346 553 83 49 and
1462 554 19 48 I
1513 552 85 50 will

282 628 99 52 give
409 626 98 54 thee
536 639 27 41 a
590 637 145 43 crown
766 623 49 57 of
842 621 118 59 life."
1016 620 62 60 At
1108 629 105 51 7:30
1242 619 76 61 Dr.
1349 619 154 61 Arnett
1532 630 69 50 oc¬

281 694 152 51 cupied
449 692 74 53 the
540 705 116 40 same
674 689 149 56 pulpit.
883 685 134 60 Text:
1038 685 236 60 Ephesians
1294 685 116 60 6:10,
1432 682 168 63 "Final¬

284 762 55 52 ly,
374 773 73 41 my
478 759 212 55 brethren,
724 757 53 57 be
810 762 151 52 strong
992 753 44 61 in
1070 751 71 63 the
1174 751 130 63 Lord,
1339 751 83 63 and
1456 750 42 64 in
1533 747 70 67 the

285 840 144 39 power
453 825 48 54 of
522 823 67 56 his
614 822 177 57 might."

341 903 105 42 Rev.
476 900 176 45 Charles
679 900 48 45 L.
755 898 167 47 Harris,
950 897 53 48 A.
1032 896 63 49 B.,
1123 895 86 50 LL.
1238 894 63 51 B.,
1329 892 207 53 preached
1563 898 42 47 at

285 972 74 41 the
386 968 115 45 First
524 968 172 54 Baptist
723 964 172 58 Church
929 963 177 59 (white)
1141 963 112 59 from
1281 961 82 61 this
1392 966 113 56 text:
1536 959 68 63 Ps.

292 1051 52 41 34
357 1049 51 43 if,
434 1034 120 58 "The
579 1036 124 56 angel
729 1035 48 57 of
801 1033 73 59 the
899 1033 116 59 Lord
1041 1028 247 64 encampeth
1316 1028 137 64 round
1480 1027 127 65 about

289 1107 115 43 them
434 1104 92 46 that
557 1104 94 46 fear
680 1102 89 48 him
801 1101 84 49 and
917 1098 230 52 delivereth
1177 1096 156 54 them."
1390 1092 93 58 The
1515 1100 92 50 out¬

292 1174 105 40 lines
423 1185 112 29 were
566 1169 75 54 (l)
675 1169 43 54 Is
744 1169 54 54 he
823 1168 92 55 able
940 1173 46 50 to
1011 1165 123 58 make
1160 1164 114 59 good
1300 1161 72 62 the
1397 1160 212 63 promise?

300 1240 71 53 (a)
404 1239 117 54 Who
546 1237 126 56 made
696 1235 72 58 the
794 1234 224 59 universe?
1055 1232 72 61 (b)
1162 1232 117 61 Who
1305 1229 183 64 controls
1515 1235 92 58 nat¬

294 1307 92 41 ural
416 1304 163 44 furies?
615 1302 71 53 (c)
721 1302 90 53 Are
839 1297 167 58 natural
1036 1299 102 56 laws
1170 1297 228 58 invariable
1428 1296 42 59 in
1500 1293 108 62 their

296 1371 269 55 operations?
629 1370 79 56 (d)
748 1369 90 57 Are
869 1367 167 59 natural
1070 1366 103 60 laws
1206 1363 189 63 uniform
1428 1363 42 63 in
1503 1361 108 65 their

296 1438 249 55 operation?
610 1437 76 56 {e)
729 1436 45 57 If
807 1435 119 58 these
959 1434 104 59 laws
1099 1445 73 48 are
1206 1429 185 64 variable
1426 1429 41 64 in
1504 1426 109 67 their

297 1507 230 53 operation,
564 1505 100 55 does
696 1503 84 57 this
815 1503 87 57 fact
934 1500 131 60 imply
1099 1498 153 62 special
1285 1496 253 64 providence
1572 1496 41 64 in

299 1573 110 41 their
426 1570 339 44 administration
779 1569 17 45 ?
859 1568 74 51 (2)
969 1565 93 54 The
1082 1565 156 54 ability,
1260 1563 248 56 disposition
1529 1562 83 57 and

297 1640 172 52 activity
490 1639 48 53 of
557 1638 72 54 the
648 1638 153 54 author
822 1635 47 57 of
889 1634 72 58 the
981 1632 184 60 promise
1186 1629 265 63 exemplified
1464 1629 16 63 ?
1510 1628 103 64 Rev.

299 1708 33 41 "I.
356 1707 53 42 N.
432 1703 259 53 Fitzpatrick
710 1715 88 41 was
817 1701 275 55 reappointed
1114 1698 329 58 Commissioner
1465 1695 45 61 of
1531 1692 86 64 Ed¬

304 1773 170 47 ucation
495 1772 42 48 in
557 1771 73 49 the
653 1770 130 50 State.

355 1835 249 54 Reciprocal
634 1834 217 55 greetings
879 1845 118 44 came
1026 1830 112 59 from
1167 1829 71 60 the
1268 1829 61 60 M.
1359 1827 48 62 E.
1440 1825 178 64 Confer¬

303 1919 101 27 ence
436 1917 47 29 as
520 1904 194 42 follows:

869 1988 201 48 Eufai^a,
1097 1987 125 49 Ala.,
1249 1985 100 51 Dec.
1359 1993 60 43 17,
1450 1982 115 54 1883.

309 2058 61 45 To
398 2061 69 42 the
492 2059 160 51 Bishop
679 2057 85 53 and
788 2055 218 55 Members
1030 2053 46 57 of
1102 2053 67 57 the
1193 2050 53 60 A.
1273 2050 62 60 M.
1364 2047 47 63 B.
1441 2046 181 64 Church,

366 2125 128 55 Troy,
517 2125 98 55 Ala.

364 2204 95 43 The
489 2204 209 43 Alabama
732 2200 264 47 Conference
1027 2196 47 51 of
1118 2196 71 51 the
1236 2195 62 52 M.
1345 2191 50 56 E.
1444 2189 182 58 Church,

312 2271 151 49 South,
495 2269 126 51 sends
652 2265 215 55 Christian
896 2263 248 57 salutations
1173 2267 46 53 to
1247 2258 71 62 the
1346 2257 206 63 members
1582 2256 47 64 of

311 2353 108 39 your
450 2337 113 55 body
595 2336 85 56 and
712 2346 104 46 pray
848 2331 71 61 the
950 2329 154 63 Divine
1135 2325 209 67 blessings
1377 2337 113 55 upon
1523 2336 105 56 your

309 2406 131 40 labor.

899 2464 51 40 R.
978 2462 49 42 B.
1055 2459 259 47 Crawford,
1344 2457 229 52 Secretary.
