1900 2800
623 279 245 36 AFRICAN
903 281 343 37 METHODISM.

1529 269 90 49 209

293 390 75 40 the
403 393 230 46 poisonous
669 395 168 45 serpent
886 389 125 51 while
1046 388 43 52 in
1124 389 65 51 his
1224 389 81 51 coil
1339 388 178 52 waiting
1551 388 70 52 for

296 458 245 50 something
564 463 47 45 to
636 456 97 52 feed
758 470 128 38 upon,
914 456 126 52 death
1067 455 120 53 feeds
1213 469 115 39 upon
1354 455 102 53 him.

352 524 83 41 We
461 525 110 40 have
595 524 73 41 the
695 524 183 41 division
906 524 47 41 of
980 524 103 41 time
1109 524 85 41 and
1221 524 48 41 of
1298 537 195 28 seasons:
1552 521 66 44 "A

300 588 100 42 time
422 597 40 33 to
487 590 49 41 be
558 590 117 49 born,
698 592 85 47 and
804 604 26 35 a
851 590 101 49 time
974 597 40 42 to
1038 589 90 50 die;
1150 604 26 35 a
1196 589 101 50 time
1318 596 44 43 to
1382 590 129 50 plant,
1534 590 86 50 and

286 670 37 27 &
344 656 98 41 time
466 662 40 35 to
530 657 124 49 pluck
676 664 57 42 up
757 658 90 48 that
866 656 140 50 which
1026 657 38 49 is
1085 657 192 49 planted;
1299 670 27 36 a
1346 656 98 50 time
1467 662 41 44 to
1532 655 86 51 kill,

297 724 86 40 and
402 737 25 27 a
447 723 101 41 time
566 728 42 36 to
630 723 116 48 heal;
766 737 23 34 a
812 723 100 48 time
932 730 40 41 to
996 724 126 47 break
1144 724 138 48 down,
1305 724 86 48 and
1409 737 26 35 a
1455 718 101 54 time
1575 727 41 45 to

299 790 117 40 build
439 796 80 44 up;
544 803 25 37 a
594 789 98 51 time
719 796 40 44 to
784 796 130 44 weep,
941 791 83 49 and
1049 804 26 36 a
1099 789 98 51 time
1223 796 41 44 to
1290 789 154 51 laugh;
1469 803 25 37 a
1518 788 101 52 time

298 861 42 34 to
371 869 165 36 mourn,
568 856 84 49 and
682 869 24 36 a
736 855 101 50 time
866 862 40 43 to
939 857 154 48 dance;
1123 869 23 36 a
1178 855 100 50 time
1307 863 45 42 to1
1380 861 90 44 cast
1497 868 122 38 away

284 928 167 43 -stones,
477 922 83 49 and
584 936 24 35 a
633 922 98 49 time
757 928 41 43 to
822 923 153 49 gather
995 929 145 43 stones
1162 921 216 52 together;
1403 936 26 37 a
1452 922 101 51 time
1575 927 41 46 to

297 989 204 49 embrace,
540 988 86 50 and
661 1002 26 36 a
724 988 98 50 time
861 995 40 43 to
939 988 161 50 refrain
1137 988 115 50 from
1289 987 267 52 embracing;
1593 1002 27 37 a

299 1054 98 40 time
425 1060 41 34 to
492 1060 84 44 get,
604 1055 86 49 and
714 1067 23 37 a
765 1053 99 51 time
890 1060 40 44 to
958 1054 110 50 lose;
1095 1068 26 36 a
1145 1053 99 51 time
1271 1060 41 44 to
1340 1055 117 49 keep,
1483 1054 86 50 and
1593 1068 26 36 a

298 1120 100 40 time
424 1127 39 34 to
492 1127 88 34 cast
603 1134 143 36 away;
772 1135 26 35 a
821 1120 99 50 time
946 1128 41 42 to
1012 1121 118 49 rend,
1156 1121 84 49 and
1265 1135 26 35 a
1315 1120 100 50 time
1440 1127 40 43 to
1506 1133 111 37 sew;

286 1201 37 26 .a
349 1187 98 40 time
474 1193 44 34 to
544 1188 102 49 keep
672 1187 167 50 silence,
866 1187 83 50 and
975 1201 26 36 a
1026 1187 101 50 time
1152 1193 40 44 to
1218 1188 153 49 speak;
1397 1201 27 36 a
1448 1187 101 50 time
1574 1194 42 43 to

287 1253 116 49 .love,
430 1253 85 49 and
537 1269 23 33 a
586 1252 98 50 time
710 1259 41 43 to
776 1253 119 49 hate;
919 1266 26 36 a
969 1252 100 50 time
1092 1253 47 49 of
1162 1266 100 36 war,
1289 1252 85 50 and
1396 1268 27 34 a
1446 1253 101 49 time
1570 1253 49 51 of

296 1318 168 51 peace."

351 1385 134 41 What
507 1384 242 42 wonderful
770 1387 141 39 words
933 1385 45 41 in
1000 1385 119 51 Holy
1140 1385 136 51 Writ!
1300 1383 317 55 Twenty-eight

295 1452 125 41 times
450 1453 43 40 in
524 1465 81 28 one
633 1451 173 51 chapter
834 1467 65 35 we
925 1453 109 49 have
1061 1453 103 49 time
1193 1453 69 49 for
1289 1452 84 50 this
1403 1454 85 48 and
1516 1454 102 48 time

299 1521 69 39 for
389 1520 103 40 that.
525 1520 40 40 It
586 1520 147 40 makes'
753 1533 50 27 us
825 1520 127 41 know
974 1520 91 41 that
1086 1520 146 49 vanity
1251 1518 79 51 has
1351 1521 103 48 been
1479 1521 139 48 added

297 1592 45 34 to
372 1586 72 40 the
474 1585 159 41 human
667 1585 161 51 family.
917 1586 83 50 His
1033 1584 189 52 physical
1254 1586 294 50 classification
1581 1585 35 51 is

295 1652 126 40 made
453 1651 103 41 with
589 1650 92 42 that
713 1653 47 39 of
792 1651 70 42 the
895 1653 151 40 beasts.
1107 1649 113 44 "For
1251 1651 92 42 that
1375 1652 139 42 which
1546 1654 70 41 be-

299 1719 147 40 falleth
466 1718 72 41 the
559 1732 98 27 sons
679 1719 47 40 of
746 1732 95 27 men
862 1719 201 41 befalleth
1084 1719 161 49 beasts;
1267 1733 105 35 even
1393 1734 80 34 one
1491 1721 125 50 thing

297 1784 203 41 befalleth
531 1783 137 42 them:
700 1798 45 27 as
776 1785 72 40 the
877 1797 81 28 one
988 1785 127 48 dieth,
1147 1799 49 34 so
1226 1784 114 49 dieth
1369 1786 71 47 the
1470 1787 144 49 other;

294 1865 91 37 yea,
413 1851 103 51 they
540 1850 111 52 have
675 1851 55 51 all
757 1865 81 37 one
862 1851 171 51 breath;
1061 1865 49 37 so
1134 1851 92 51 that
1252 1868 26 34 a
1302 1865 98 37 man
1428 1851 103 51 hath
1556 1865 59 37 no

296 1918 314 49 pre-eminence
633 1918 134 49 above
790 1932 26 35 a
838 1918 140 49 beast:
1005 1918 70 49 for
1098 1918 55 49 all
1178 1918 36 49 is
1238 1917 186 50 vanity."

353 1982 145 52 Again
538 1983 109 51 saith
685 1982 72 52 the
796 1984 142 50 wisest
976 1997 101 37 man
1114 1982 91 52 that
1245 1997 98 37 ever
1381 1983 234 51 associated

295 2050 105 40 with
438 2049 183 41 Adamic
656 2050 127 40 tribes
872 2049 202 43 Solomon
1162 2049 98 43 "All
1298 2063 59 37 go
1392 2058 106 42 unto
1533 2065 82 35 one

295 2116 130 50 place.
485 2115 73 51 All
582 2129 73 37 are
677 2116 47 50 of
747 2116 71 50 the
844 2116 99 50 dust
966 2116 85 50 and
1074 2122 100 44 turn
1197 2122 46 44 to
1268 2116 98 50 dust
1390 2117 167 49 again."

352 2183 51 39 In
427 2182 71 40 the
521 2181 287 42 antediluvian
832 2197 45 26 as
902 2182 94 41 well
1020 2196 45 28 as
1089 2180 71 44 the
1183 2182 288 49 postdiluvian
1496 2183 116 51 days,

293 2247 73 42 the
392 2248 168 41 nations
587 2246 109 43 have
723 2248 201 50 adjusted
950 2248 110 50 their
1087 2248 186 50 national
1304 2249 234 49 festivities,
1568 2263 46 35 as

292 2316 98 40 well
413 2329 45 27 as
481 2316 188 49 paternal
692 2316 84 49 and
798 2316 206 49 maternal
1028 2315 216 50 collations
1267 2322 47 43 to
1334 2317 70 48 the
1427 2329 184 36 seasons.

296 2381 86 41 But
406 2380 72 42 the
502 2381 113 41 rider
640 2394 116 38 upon
781 2381 65 51 his
871 2382 95 50 pale
988 2381 126 51 horse
1136 2380 78 52 has
1240 2382 125 50 made
1386 2396 60 36 no
1469 2397 144 38 agree

285 2455 124 34 ment
436 2448 102 41 with
564 2447 72 43 the
663 2461 183 29 seasons.
906 2448 168 43 Listen!

392 2505 15 28 l
