1900 2800
288 280 86 44 158
608 295 241 35 AFRICAN
882 297 346 37 METHODISM.

292 409 137 41 which
468 412 181 49 position
688 413 51 48 he
777 428 96 33 now
913 414 133 47 holds.
1143 414 50 47 In
1231 412 174 49 coming'
1442 414 48 47 to
1525 403 84 58 this

291 476 156 51 charge
474 477 54 50 he
558 479 199 48 followed
787 493 78 34 one
894 481 47 46 of
968 479 71 48 the
1067 487 110 40 most
1207 478 206 49 excellent
1441 477 168 50 pastors

290 543 46 39 of
367 544 82 39 this
484 543 127 51 State,
644 546 73 48 but
748 546 65 48 his
845 553 308 42 management,
1187 556 190 39 sermons
1409 539 85 56 and
1525 539 83 56 lec¬

291 614 114 35 tures
437 610 112 40 since
579 612 51 38 he
660 611 76 40 has
767 611 84 40 had
882 611 156 49 charge
1068 611 101 49 here
1199 610 141 50 shows
1371 607 104 53 that,
1509 612 50 48 as'
1587 615 24 45 a

291 676 140 39 leader
465 677 46 38 of
546 690 109 33 men,
690 684 156 42 pastor,
881 678 202 49 preacher
1117 678 84 49 and
1236 686 217 41 manager,
1489 670 56 57 he
1577 670 35 57 is

291 743 152 38 second
474 749 45 33 to
546 756 110 27 none
685 744 40 39 in
758 742 198 50 Georgia.
1014 743 83 49 We
1126 742 153 50 realize
1306 741 93 51 that
1426 738 69 54 his
1525 751 88 41 ser¬

291 822 120 25 mons
436 810 83 38 and
542 810 178 39 lectures
745 823 70 26 are
838 810 70 39 the
932 809 90 48 ripe
1046 809 126 48 fruits
1197 810 47 47 of
1267 822 129 35 many
1419 819 123 38 years
1567 804 48 53 of

290 874 134 39 active
449 876 84 38 and
559 883 164 32 earnest
748 876 139 44 labor;
914 875 72 45 the
1010 873 245 50 outgrowth
1282 875 47 48 of
1356 874 111 49 wide
1493 871 119 52 read¬

291 940 74 49 ing
385 940 83 49 and
490 940 87 49 rich
599 941 258 49 experience.
917 940 63 50 As
1002 955 25 35 a
1046 940 168 50 teacher
1236 941 47 49 of
1303 941 153 49 twelve
1477 938 135 52 years'

291 1006 255 49 experience,
572 1007 18 48 I
614 1007 107 48 have
742 1014 74 41 not
838 1008 103 47 been
965 1008 98 48 only
1086 1006 240 50 interested,
1349 1007 76 49 but
1448 1005 165 51 greatly

291 1072 176 47 profited
493 1073 53 47 by
571 1072 65 48 his
662 1080 120 43 great
807 1080 113 43 store
944 1073 47 50 of
1017 1073 200 50 practical
1242 1073 174 50 counsel
1442 1074 84 49 and
1551 1073 62 50 in¬

291 1139 207 39 tellectual
522 1140 83 39 and
628 1139 191 50 spiritual
843 1138 164 51 wealth.
1070 1141 18 48 I
1112 1140 134 49 thank
1269 1140 225 51 Almighty
1519 1139 95 52 God

292 1205 67 38 for
393 1204 159 50 having
585 1206 124 49 given
745 1206 103 49 Rev.
882 1206 113 49 John
1030 1207 196 48 Harmon
1259 1213 47 42 to
1336 1206 73 49 the
1440 1206 172 50 church,

291 1272 157 49 society
483 1272 83 49 and
603 1285 106 36 race,
746 1273 84 48 and
867 1272 68 49 for
969 1272 71 49 the
1076 1280 93 41 vast
1204 1281 177 40 amount
1416 1275 46 46 of
1497 1276 115 50 good

290 1338 53 40 he
376 1338 75 40 has
488 1338 174 41 enabled
698 1340 88 39 him
821 1347 46 33 to
901 1341 258 49 accomplish
1195 1342 42 48 in
1276 1341 195 51 Georgia,
1510 1343 103 49 Ala¬

292 1405 131 45 bama,
448 1405 84 45 and
555 1405 223 51 especially
800 1405 98 51 here
922 1408 41 48 in
988 1404 276 52 Thomaston.
1326 1409 71 47 He
1418 1409 76 47 has
1519 1424 93 32 ren¬

291 1471 126 40 dered
445 1472 193 40 valuable
666 1472 158 42 service
852 1473 41 41 in
921 1473 84 41 this
1035 1473 104 42 little
1167 1476 83 49 city
1278 1476 185 50 socially,
1493 1475 119 51 intel¬

290 1539 206 48 lectually,
537 1540 178 48 morally
755 1541 84 47 and
878 1542 247 47 spiritually.
1186 1542 82 47 We
1309 1543 222 48 recognize
1570 1544 37 47 in

295 1604 83 39 him
410 1618 23 26 a
464 1618 97 26 man
593 1606 45 39 of
670 1612 93 34 true
794 1606 137 40 worth
963 1608 83 39 and
1077 1622 24 26 a
1132 1615 120 42 great
1281 1607 145 51 heart;
1457 1624 25 34 a
1512 1622 99 36 man

291 1671 164 42 abreast
487 1672 101 41 with
620 1671 70 42 the
722 1673 121 40 times
876 1674 84 39 and
992 1688 23 26 a
1050 1674 139 41 friend
1222 1676 47 44 pf
1300 1675 73 45 the
1403 1678 206 49 ministry,

290 1739 155 48 society
468 1739 83 48 and
574 1739 69 48 the
666 1752 105 35 race.
833 1740 69 47 He
924 1740 33 47 is
981 1755 98 32 now
1103 1742 46 45 P.
1174 1740 49 47 E.
1248 1744 48 43 of
1318 1744 71 43 the
1414 1745 192 42 Newnan

298 1803 124 49 (Ga.)
458 1804 187 48 District,
675 1804 174 48 Atlanta
879 1804 273 49 Conference,
1182 1807 114 46 since
1328 1820 116 38 1901.

617 1968 133 43 REV.
782 1968 48 44 E.
862 1971 68 41 W.
961 1968 315 45 LAMPTON.

346 2048 102 39 Rev.
475 2046 47 43 E.
550 2048 67 41 W.
644 2047 221 50 Lampton,
891 2048 47 49 of
963 2048 270 50 Mississippi,
1258 2050 80 48 has'
1357 2053 109 45 been'
1487 2055 122 43 elect¬

292 2115 49 38 ed
370 2112 216 41 Financial
619 2113 219 51 Secretary
878 2115 48 49 of
965 2114 70 50 the
1076 2114 51 50 A.
1159 2116 60 48 M.
1248 2115 50 49 E.
1329 2117 276 47 Connection.

293 2179 69 38 He
390 2180 79 39 fills
499 2178 71 41 the
598 2186 94 43 post
722 2179 123 50 made
874 2186 150 43 vacant
1053 2180 54 50 by
1137 2178 72 52 the
1238 2182 125 48 death
1407 2185 47 45 of
1499 2186 106 44 Rev.

293 2245 44 38 P.
361 2245 51 39 A.
438 2245 218 44 Hubbard,
680 2243 98 46 who
796 2259 86 30 was
904 2244 153 45 chosen
1079 2259 45 30 as
1147 2252 209 44 secretary
1377 2249 47 47 of
1445 2249 164 47 finance

291 2316 42 33 at
360 2309 70 40 the
458 2311 176 49 general'
656 2310 250 50 conference
932 2316 43 44 at
1003 2309 221 51 Columbia
1253 2310 125 50 Ohio,
1409 2313 41 47 in
1486 2326 116 40 1900.

291 2376 75 39 Dr.
405 2376 209 49 Lampton
649 2389 87 36 was
772 2376 154 49 second
961 2376 42 49 in
1038 2375 91 50 that
1165 2389 105 36 race,
1306 2377 162 51 having
1501 2382 105 46 been

292 2441 194 39 defeated
509 2441 98 50 only
627 2442 54 49 by
702 2454 25 37 a
749 2441 82 50 few
852 2448 129 43 votes.
1043 2441 39 50 It
1103 2454 86 37 was
1211 2442 206 51 perfectly
1438 2450 168 43 natural
