1920 2814
770 287 58 31 IN
861 285 286 37 ALABAMA.

1538 274 85 45 131

357 392 104 41 Rev.
493 393 37 51 J.
565 393 47 51 B.
647 392 148 52 Carter
825 394 34 50 is
890 407 79 37 our
999 400 144 46 pastor
1173 401 43 45 at
1248 394 248 52 Blossburg.
1556 393 71 53 He

299 459 119 51 sings
446 460 84 50 and
557 458 201 53 preaches
786 460 106 51 well.

355 526 104 41 Rev.
482 527 70 40 W.
578 527 42 42 S.
645 527 243 51 Covington
910 529 35 49 is
966 540 26 38 a
1012 528 194 53 splendid
1227 529 266 54 missionary.

355 594 103 40 Rev.
496 592 49 42 T.
581 593 69 42 W.
688 595 158 49 Coffee,
884 596 52 48 D.
973 596 66 49 D.,
1076 597 33 48 is
1144 604 42 41 at
1221 597 232 48 Prattville.
1520 597 105 53 (See

298 660 183 52 sketch.)

354 728 103 41 Rev.
487 729 37 51 J.
558 726 46 54 F.
638 728 159 52 Gillens
841 730 35 50 is
920 738 42 42 at
1007 728 370 56 Greensborough.
1466 733 70 51 He
1565 733 59 51 al¬

296 807 117 38 ways
440 794 212 51 succeeds.

352 862 104 41 Rev.
488 863 62 40 M.
579 862 57 41 H.
666 864 172 49 Leathe,
867 864 276 51 Uniontown,
1171 866 35 49 is
1232 868 194 52 building
1454 882 25 38 a
1504 868 119 52 brick

296 928 160 41 church
483 928 130 42 there.

352 996 104 42 Rev.
494 997 57 41 H.
589 997 47 44 L.
674 997 287 55 Washington
998 1000 34 52 is
1069 1000 132 53 doing
1235 1002 114 51 good
1385 1001 159 52 service
1579 1010 43 43 at

298 1063 310 42 Summerfield.

330 1131 125 41 'Rev.
486 1132 47 43 L.
565 1131 49 44 G.
643 1132 182 43 Duncan
854 1134 33 41 is
917 1140 42 35 at
989 1134 218 43 Snowhill.

351 1196 104 42 Rev.
480 1198 54 40 N.
555 1198 38 52 J.
614 1198 178 52 Adams,
813 1206 43 44 at
878 1199 105 51 Pine
1002 1202 130 50 Lead,
1153 1202 35 50 is
1210 1202 134 54 doing
1362 1205 126 51 good.

351 1264 104 41 Rev.
479 1265 45 41 C.
547 1266 58 41 H.
627 1265 268 52 Henderson,
918 1268 47 49 B.
988 1269 67 48 D.,
1076 1271 35 46 is
1131 1276 145 47 pastor
1295 1278 43 45 at
1357 1271 261 54 Demopolis.

296 1330 70 41 He
388 1332 191 41 received
601 1331 65 42 his
687 1334 255 53 theological
963 1336 190 53 training
1172 1344 43 45 at
1239 1338 144 52 Payne
1404 1335 214 58 Theolog¬

294 1399 77 41 ical
398 1398 235 55 Seminary,
657 1400 295 53 Wilberforce,
978 1401 125 52 Ohio.
1164 1405 83 48 His
1270 1406 103 47 wife
1394 1407 33 46 is
1450 1421 26 32 a
1497 1413 121 46 great

294 1465 167 41 scholar
489 1467 84 40 and
601 1480 25 28 a
653 1468 207 41 beautiful
891 1469 228 42 character.

349 1533 103 42 Rev.
480 1531 49 44 T.
555 1535 38 52 J.
622 1533 182 54 Stewart
829 1536 35 51 is
889 1544 145 45 pastor
1058 1546 43 43 at
1125 1539 187 50 Alberta.
1373 1541 70 48 He
1467 1543 149 46 knows

292 1612 57 27 no
374 1598 163 42 failure.

349 1665 104 41 Rev.
487 1667 38 51 J.
563 1666 42 52 S.
642 1666 169 52 Bynum
844 1670 35 48 is
912 1677 42 41 at
987 1670 184 52 Dayton,
1205 1674 85 48 and
1322 1674 35 48 is
1390 1674 225 55 gradually

291 1733 205 53 bringing
520 1734 71 52 the
614 1736 122 50 work
759 1750 56 39 up
841 1744 46 45 to
908 1752 26 37 a
956 1738 104 54 high
1085 1739 127 53 pitch.

348 1800 103 41 Rev.
487 1801 47 43 L.
570 1801 183 53 Hillary,
789 1804 88 50 Bell
913 1805 168 49 Mount,
1115 1806 109 50 Ala.,
1259 1808 34 48 is
1326 1807 71 49 the
1430 1823 80 33 one
1541 1811 70 45 the

291 1867 144 40 writer
465 1866 33 41 is
528 1867 166 54 greatly
723 1870 41 51 in
796 1870 96 51 debt
920 1878 44 43 to
996 1872 67 49 for
1091 1874 127 47 much
1247 1875 47 46 of
1323 1875 72 46 the
1421 1876 192 45 valuable

289 1933 277 42 information
594 1934 85 42 this
706 1936 163 50 history
896 1939 203 47 contains.

345 2000 103 41 Rev.
480 2001 52 40 A.
564 2002 53 40 D.
648 2003 68 40 W.
750 2002 203 52 Mitchell,
985 2005 157 50 Ozark,
1172 2007 34 48 is
1236 2022 21 33 a
1287 2007 81 48 fine
1399 2008 214 47 Christian

288 2069 255 50 gentleman.

344 2135 103 41 Rev.
478 2136 52 41 A.
561 2136 68 42 W.
661 2137 187 50 Harvey,
882 2138 58 49 St.
971 2138 124 50 John,
1126 2138 201 51 Eufaula,
1357 2143 34 46 is
1421 2157 26 32 a
1473 2146 136 47 grand

287 2215 112 27 man.

343 2270 104 41 Rev.
482 2271 62 40 M.
576 2271 36 52 J.
646 2271 175 52 Ingram
851 2273 34 50 is
917 2280 42 43 at
988 2272 147 51 Union
1170 2274 191 53 Springs.
1422 2277 69 50 He
1521 2279 34 48 is
1587 2294 22 33 a

285 2336 221 41 first-class
537 2338 214 50 preacher.

341 2405 107 41 Rev,
476 2405 61 41 M.
566 2405 245 42 Recherous
838 2406 34 42 is
899 2421 54 27 on
979 2406 72 43 the
1078 2409 142 40 Banks
1246 2412 130 40 work.
1437 2413 69 42 He
1531 2413 77 44 has

283 2472 106 40 built
412 2471 207 42 churches
645 2474 269 51 everywhere
935 2475 54 50 he
1011 2473 77 52 has
1111 2476 103 49 been
1239 2492 103 33 sent.
