1900 2800
724 589 285 45 CHAPTER
1037 591 124 43 XXL

291 714 217 43 WORDS
539 713 350 45 DELIVERED
919 714 78 44 BY
1026 713 135 45 REV.
1191 713 68 45 W.
1290 712 58 46 H.
1380 708 223 50 MIXON,

289 802 56 29 at
369 800 353 39 philadelphia,
749 802 82 37 pa.,
859 802 100 37 may
1001 802 60 37 ii,
1105 790 116 52 1892,
1260 800 52 42 in
1354 798 157 44 honor
1549 793 55 49 01?

345 867 94 33 the:
466 867 110 34 late
603 866 91 35 rev.
726 865 259 36 manseiEld
1012 865 183 36 Edward
1221 862 195 42 bryant,
1442 865 37 39 d.
1508 864 37 40 d.

426 1024 95 40 "He
546 1037 88 27 was
661 1035 115 29 more
800 1023 98 41 than
924 1022 69 42 the
1015 1021 116 50 place
1157 1019 52 52 he
1232 1017 242 54 occupied."

349 1104 96 40 One
476 1103 46 41 of
552 1102 71 42 the
655 1101 252 47 flourishing'
938 1100 112 48 palm
1082 1105 108 43 trees
1222 1099 42 49 in
1296 1098 70 50 the
1399 1098 132 50 forest
1562 1097 47 51 of

296 1169 261 41 Methodism
586 1168 75 42 has
695 1167 140 43 fallen.
896 1163 96 47 One
1021 1166 47 44 of
1098 1164 71 46 the
1199 1172 108 38 stars
1338 1164 42 46 in
1410 1162 71 48 the
1511 1177 98 33 con¬

294 1236 209 41 stellation
526 1235 47 42 of
595 1235 169 49 literary
788 1233 195 51 geniuses
1006 1230 76 54 has
1105 1231 103 53 been
1231 1227 300 57 extinguished
1555 1242 54 42 on

294 1303 117 39 earth
436 1309 45 33 to
506 1300 117 42 shine
650 1314 96 28 ever
771 1299 41 43 in
838 1298 172 44 heaven.
1070 1299 41 43 A
1140 1295 239 47 Samaritan
1405 1296 102 46 with
1533 1309 77 33 un¬

293 1369 198 41 bounded
512 1368 94 42 love
629 1367 68 43 for
715 1366 245 50 humanity;
981 1379 28 37 a
1028 1365 137 51 factor
1186 1364 42 52 in
1249 1365 72 51 the
1341 1361 135 55 living
1497 1362 112 54 issue

294 1437 46 39 of
364 1436 82 40 this
472 1441 119 43 great
615 1432 227 52 Republic;
867 1447 23 37 a
914 1446 97 38 man
1036 1429 96 55 who
1157 1444 131 40 swam
1312 1430 70 54 the
1407 1429 131 55 rivers
1563 1428 48 56 of

293 1501 231 51 prejudice,
549 1499 148 53 waded
720 1497 187 55 through
930 1495 72 57 the
1025 1497 103 55 deep
1151 1502 152 50 waters
1327 1496 46 56 of
1397 1495 214 57 adversity

294 1568 80 39 and
408 1566 164 41 walked
602 1564 70 43 the
701 1577 168 30 narrow
900 1562 331 49 thoroughfares
1264 1562 46 49 of
1341 1567 124 44 caste,
1501 1560 110 51 fear¬

294 1634 81 39 less
400 1633 47 40 of
469 1630 100 43 both
592 1645 95 28 men
712 1630 84 43 and
820 1631 188 43 demons,
1032 1629 76 45 has
1131 1628 142 46 closed
1297 1628 65 46 his
1387 1641 143 33 career
1553 1641 54 33 on

294 1699 82 40 this
398 1698 212 41 mundane
631 1695 149 51 sphere
800 1696 83 50 and
904 1696 33 50 is
957 1709 97 37 now
1077 1701 42 45 at
1139 1700 83 46 rest
1244 1694 42 52 in
1307 1694 70 52 the
1398 1700 120 46 great
1539 1693 69 53 be¬

295 1765 124 51 yond.

350 1831 41 39 A
417 1843 97 27 man
542 1830 94 40 who
664 1828 123 42 could
813 1834 73 36 not
911 1827 51 43 be
989 1825 323 45 circumscribed
1337 1826 54 48 by
1418 1824 71 50 the
1514 1838 97 36 nar¬

296 1911 87 25 row
410 1896 127 40 limits
565 1895 46 41 of
637 1908 78 28 one
740 1892 206 47 vocation,
974 1892 73 47 but
1073 1906 87 33 was
1187 1891 136 48 found
1349 1897 42 42 at
1416 1891 126 48 home
1568 1890 42 49 in

296 1964 53 38 all
387 1962 72 40 the
495 1966 110 36 most
642 1960 228 48 important
909 1971 182 37 avenues
1100 1953 78 55 **of
1215 1958 159 50 human
1415 1956 196 52 develop¬

295 2034 114 34 ment
434 2027 83 41 and
543 2025 187 43 whether
756 2038 45 30 as
828 2039 25 29 a
876 2023 179 48 teacher,
1082 2023 201 48 minister,
1313 2023 147 48 editor,
1489 2034 47 37 or
1562 2034 45 37 as

296 2109 24 26 a
343 2094 227 50 politician,
594 2093 53 51 he
670 2105 87 39 was
781 2090 72 54 the
875 2104 115 40 same
1016 2090 185 54 fearless,
1226 2089 101 55 bold
1352 2089 84 55 and
1461 2102 148 42 coura¬

295 2173 132 37 geous
453 2158 151 52 leader.

352 2226 47 39 In
430 2224 73 41 the
531 2221 199 50 morning
758 2223 47 48 of
833 2220 66 51 his
930 2221 86 50 life,
1046 2221 65 50 his
1142 2234 79 37 sun
1251 2226 73 45 not
1352 2226 73 48 y££
1450 2219 162 55 having

296 2289 177 41 reached
494 2289 53 41 its
568 2288 151 47 zenith,
743 2287 84 48 and
848 2287 125 48 while
994 2286 65 49 his
1082 2285 136 50 whole
1240 2285 171 50 church,
1435 2287 175 48 extend¬

295 2360 77 46 ing
404 2356 113 50 from
549 2353 141 53 where
735 2354 73 52 the
851 2353 132 53 broad
1029 2353 85 53 and
1160 2352 215 54 turbulent
1421 2351 189 55 Atlantiq

941 2406 75 35 191
