1899 2798
267 302 87 42 160

617 304 248 34 AFRICAN
899 294 339 44 METHODISM.

272 420 91 39 that
393 418 52 41 he
477 414 151 45 should
658 413 108 46 have
795 412 104 47 been
929 406 72 53 the
1032 400 182 59 favorite
1242 402 44 57 at
1317 395 81 64 last
1429 384 154 75 weeks

269 485 163 41 council
456 482 46 44 of
526 479 181 48 Bishops
724 479 46 48 "in
796 470 301 57 Philadelphia.
1156 466 71 61 He
1250 474 88 53 was
1362 457 76 70 Dr.
1464 448 125 79 Hub¬

269 551 140 41 bard's
433 548 153 52 logical
610 552 228 48 success'or,
862 539 84 61 and
970 551 81 49 any
1076 534 119 66 other
1218 524 201 76 selection
1443 510 146 90 would

271 616 116 45 !have
423 617 102 44 been
567 628 23 33 a
632 623 144 38 severe
816 603 358 58 disappointment
1213 602 48 59 to
1297 591 72 70 the
1411 585 175 76 denom¬

274 684 160 39 ination
458 676 276 52 everywhere.
797 671 171 57 Seldom
992 668 35 60 if
1051 678 96 50 ever
1170 663 76 65 has
1268 658 120 70 there
1410 651 109 77 been'
1540 656 55 72 an

278 749 174 41 election
486 753 46 37 to
564 743 104 47 such
702 755 54 35 an
789 740 230 50 important
1054 728 184 62 position
1272 723 91 67 that
1399 730 51 60 so>
1481 724 116 66 com¬

278 815 153 52 pletely
455 810 185 57 satisfied
663 806 73 61 the
758 802 171 65 general
955 800 165 67 officers'
1142 794 84 73 and
1249 790 74 77 the
1345 783 116 84 main
1485 776 114 91 body

279 883 47 38 of
355 880 71 41 the
453 879 53 42 A.
538 877 61 44 M.
630 872 48 49 E.
711 868 182 53 Church.
952 862 93 59 The
1074 860 183 61 Bishops
1288 848 175 73 showed
1490 842 113 79 their

283 953 162 44 respect
482 945 69 52 for
583 942 71 55 the
688 937 180 60 popular
902 933 89 64 will'
1020 931 56 66 by
1110 924 208 73 ratifying
1352 920 44 77 in
1431 929 27 68 a
1490 915 115 82 most

284 1011 191 55 graceful
506 1022 93 44 way
625 1006 72 60 the
724 999 228 67 expressed
979 996 142 70 choice
1150 991 46 75 of
1223 990 73 76 the
1323 987 142 79 recent
1492 975 113 91 Gen¬

286 1081 85 39 eral
395 1075 274 45 Conference.

342 1145 74 39 Dr.
441 1143 210 45 Lampton
673 1148 87 40 was
781 1134 107 54 born
910 1131 43 57 in
976 1121 313 67 Hopkinsville,
1313 1117 99 71 Ky.,
1434 1114 44 74 in
1504 1111 105 77 1857

288 1211 85 40 and
395 1209 49 46 is,
467 1204 226 51 therefore,
716 1201 89 54 just
829 1197 42 58 in
894 1197 71 58 the
987 1193 134 62 prime
1146 1189 47 66 of
1217 1201 24 54 a
1263 1186 205 69 vigorous
1492 1190 117 65 man¬

288 1275 125 41 hood.
491 1272 68 44 He
592 1271 35 45 is
662 1265 236 51 self-made,
919 1263 43 53 in
995 1260 72 56 the
1102 1255 146 61 fullest
1280 1263 134 53 sense,
1448 1245 162 71 having

290 1340 155 43 earned
467 1338 67 45 his
560 1350 92 36 way
678 1340 44 46 to
747 1343 167 43 success
937 1328 56 58 by
1016 1319 287 67 well-applied
1327 1312 195 74 personal
1548 1311 61 75 ef¬

295 1410 120 39 forts.
475 1406 82 43 His
589 1399 222 50 education
840 1408 87 41 was
957 1390 200 59 acquired
1185 1395 42 54 at
1255 1384 160 65 Alcorn
1444 1382 53 67 A.
1528 1379 83 70 and

296 1476 61 38 M.
391 1473 184 47 College,
609 1462 272 58 Mississippi,
912 1461 85 59 and
1030 1456 176 64 Shorter
1236 1447 262 73 University,
1529 1445 83 75 Ar¬

296 1544 167 43 kansas,
486 1538 129 49 being
635 1548 24 39 a
682 1532 210 55 graduate
913 1527 47 60 of
981 1525 72 62 the
1075 1517 254 70 theological
1354 1515 264 72 department

298 1609 46 39 of
369 1606 71 42 the
465 1605 123 43 latter
615 1598 155 50 school.
829 1593 93 55 The
948 1591 140 57 major
1114 1586 167 62 portion
1309 1582 47 66 of
1381 1580 66 68 his
1474 1575 143 73 liberal

298 1674 189 47 training
511 1671 75 50 has
612 1670 103 51 been
741 1676 155 45 wrung
921 1661 112 60 from
1058 1657 72 64 the
1153 1659 121 62 great
1298 1645 250 76 University
1573 1642 47 79 of

304 1738 276 54 Experience.
612 1734 59 58 At
690 1746 55 46 an
766 1728 114 64 early
901 1740 80 52 age
999 1723 53 69 he
1072 1718 222 74 embraced
1313 1718 71 74 the
1405 1710 213 82 Christian

307 1808 177 50 religion
510 1804 83 54 and
617 1807 305 51 twenty-seven
948 1804 119 54 years
1093 1802 95 56 ago,
1213 1800 87 58 was
1325 1781 134 77 called
1482 1787 47 71 to
1549 1779 72 79 the

307 1873 148 53 gospel
478 1870 216 56 ministry:
716 1864 54 62 he
793 1862 84 64 laid
901 1860 125 66 down
1050 1856 73 70 the
1144 1852 204 74 lucrative
1371 1847 250 79 occupation

305 1941 48 39 of
375 1953 52 27 an
452 1935 215 51 operative
687 1942 148 44 mason
857 1926 83 60 and
962 1925 137 61 began
1121 1918 212 68 traveling
1354 1916 72 70 the
1447 1915 179 71 lagoons

308 2009 83 39 and
412 2006 160 47 bayous
595 2001 46 52 of
665 1992 270 61 Mississippi,
959 1986 276 67 establishing
1255 1981 212 72 missions,
1490 1980 137 73 build¬

308 2074 76 49 ing
400 2068 204 55 churches
622 2065 84 58 and
724 2058 232 65 preaching
972 2055 70 68 the
1059 2052 147 71 gospel
1226 2050 47 73 of
1293 2048 334 75 enlightenment

315 2140 83 38 and
424 2134 204 44 salvation
653 2138 43 40 to
717 2128 67 50 his
809 2123 158 55 people.
1028 2120 71 58 He
1119 2119 76 59 has
1219 2117 104 61 been
1349 2128 25 50 a
1398 2120 111 58 most
1533 2118 95 60 Suc¬

314 2203 156 41 cessful
513 2205 155 45 pastor,
711 2195 84 55 and
836 2190 55 60 all
932 2189 71 61 the
1044 2184 172 66 leading
1252 2182 182 68 charges
1476 2181 42 69 in
1562 2179 66 71 his

314 2268 182 48 adopted
521 2271 105 45 state
649 2263 107 53 have
781 2258 75 58 felt
879 2257 70 59 the
972 2254 178 62 impress
1175 2248 47 68 of
1245 2247 66 69 his
1335 2245 150 71 worth.
1546 2243 85 73 For

316 2337 96 37 nine
432 2346 120 35 years
570 2330 57 51 he
646 2326 147 55 served
813 2327 110 54 most
944 2318 94 63 ably
1059 2330 45 51 as
1125 2312 219 69 presiding
1365 2310 114 71 elder
1500 2310 43 71 in
1564 2309 68 72 his

316 2401 250 39 conference
600 2395 83 45 and
716 2390 122 50 holds
873 2386 73 54 the
977 2383 136 57 proud
1150 2376 241 64 distinction
1428 2376 50 64 of
1512 2372 121 68 "The

321 2467 147 39 Do'lar
500 2464 158 44 Mcney
691 2454 155 54 King."
908 2451 26 57 /
951 2464 19 44 s
1001 2462 24 46 a
1058 2444 152 64 special
1241 2441 122 67 mark
1394 2441 48 67 of
1471 2438 67 70 his
1569 2439 67 69 fit-
