1921 2814
288 284 60 50 52

643 296 245 37 AFRICAN
920 294 327 41 METHODISM

289 401 50 44 E.
369 404 55 41 N.
455 403 193 51 Watson,
678 405 103 49 Rev.
811 406 119 52 Jesse
972 403 182 55 Frazier,
1197 403 86 55 and
1327 401 185 57 Bingon,
1555 394 48 64 of

293 469 139 40 North
455 469 207 42 Alabama
685 470 262 42 Conference
967 469 203 43 admitted
1192 484 56 28 on
1271 467 118 45 trial:
1413 463 189 49 Thomas

289 534 172 49 Battles,
495 535 125 48 Noah
649 537 153 51 James,
837 536 144 53 Sandy
1011 535 258 54 Randleson,
1300 532 190 57 William
1522 532 83 57 Ly¬

293 613 111 36 man,
426 598 49 51 T.
498 601 36 51 J.
559 601 170 51 Brown,
752 601 61 51 M.
836 602 178 50 Wilson,
1039 602 52 50 A.
1115 602 48 50 B.
1186 599 159 53 Evans,
1368 597 82 55 Ely
1472 597 130 55 John¬

289 678 90 34 son,
404 663 46 49 F.
475 666 47 46 B.
547 664 168 54 Taylor,
740 666 141 53 Capus
905 667 138 52 Gates,
1067 668 38 52 J.
1129 667 58 53 H.
1211 666 188 54 Bessick,
1421 666 183 54 Jackson

290 730 132 41 Davis
446 732 84 39 and
553 729 50 45 E.
630 733 61 41 M.
716 732 186 42 Daniels.

345 815 174 44 Elected
545 820 84 40 and
655 820 203 41 ordained
885 820 194 42 Deacons
1107 821 85 41 and
1218 818 155 45 Elders'
1396 821 85 42 this
1506 833 98 41 year

290 884 274 42 —Deacons:
617 885 152 41 Daniel
810 886 150 50 Smith,
1001 884 47 52 F.
1089 888 49 48 B.
1179 887 236 52 Moreland,
1455 887 49 52 E.
1545 890 56 49 H.

291 951 172 41 Daniels
497 953 85 39 and
614 949 82 56 Ely
731 953 170 52 Brown.
961 952 174 53 Elders:
1181 953 167 52 Grabiel
1384 954 219 54 Gholston,

292 1018 143 41 Willie
466 1018 52 41 D.
553 1018 103 51 Sim,
690 1019 43 50 S.
763 1020 37 52 J.
834 1020 153 52 Odem,
1017 1021 53 51 A.
1105 1022 53 50 N.
1189 1023 197 52 Jackson,
1417 1022 186 53 Thomas

292 1083 58 41 H.
379 1084 187 48 Winsor,
597 1083 167 55 George
791 1087 69 51 W.
891 1087 156 51 Boone,
1079 1089 56 49 H.
1168 1089 44 49 C.
1244 1089 204 51 Calhoun,
1477 1092 37 52 J.
1544 1092 57 52 H.

293 1150 233 51 Davidson,
562 1152 37 52 J.
638 1153 56 51 H.
732 1150 249 54 Treadwell,
1018 1156 69 48 W.
1124 1156 68 48 W.
1232 1156 147 52 Glenn,
1415 1158 187 50 Andrew

297 1218 172 41 Hunter
498 1220 85 40 and
614 1217 49 44 G.
695 1221 68 41 W.
797 1221 231 43 Robinson.
1103 1224 124 42 Revs.
1261 1222 49 46 E.
1343 1226 68 42 W.
1445 1224 156 55 Taylor

292 1285 84 41 and
396 1286 52 42 D.
470 1286 53 42 A.
547 1286 131 54 Perry
698 1302 110 38 were
828 1290 162 50 located
1009 1290 53 53 by
1082 1292 107 51 their
1209 1306 95 37 own
1325 1301 177 45 request.

348 1370 92 44 The
470 1374 134 53 needy
639 1388 48 39 or
719 1376 250 53 missionary
1001 1377 197 52 brethren
1232 1387 41 42 at
1306 1379 81 50 this
1423 1381 176 48 Confer¬

293 1453 101 29 ence
425 1453 111 29 were
568 1453 46 29 as
649 1441 190 43 follows:
901 1442 117 45 Each
1052 1445 189 42 received
1273 1445 133 54 $3.00.
1466 1445 136 54 These

297 1519 113 29 same
435 1507 194 43 brethren
656 1523 71 27 are
750 1522 109 38 now,
885 1511 71 49 the
979 1519 110 41 most
1115 1513 44 47 of
1184 1512 125 51 them,
1337 1516 39 47 in
1402 1530 100 38 very
1529 1530 70 38 ex¬

291 1573 149 42 cellent
468 1575 324 43 circumstances
822 1577 258 54 financially:
1111 1580 151 51 Daniel
1294 1581 148 51 Smith,
1474 1581 46 51 F.
1552 1584 47 48 B.

294 1641 235 49 Moreland,
561 1642 129 48 Louis
721 1643 297 54 Washington,
1051 1647 124 50 Noah
1205 1648 230 51 Davidson,
1468 1650 133 49 Owen

295 1709 238 52 Lipscomb,
557 1707 185 54 Thomas
767 1711 170 50 Battles,
961 1714 38 51 J.
1024 1711 200 54 Thomas,
1251 1716 143 54 Sandy
1417 1718 182 52 Randal-

294 1788 88 37 son,
412 1774 48 51 G.
489 1775 69 50 W.
590 1776 142 53 Perry,
764 1777 41 52 S.
836 1778 46 51 B.
913 1780 267 52 Henderson,
1209 1783 52 49 D.
1291 1784 52 48 A.
1374 1785 147 49 Bruce,
1550 1784 49 50 E.

292 1842 57 40 H.
381 1842 172 41 Daniels
583 1844 84 39 and
693 1844 184 51 Jackson
907 1845 145 50 Davis.

349 1918 52 41 In
434 1918 115 50 1880,
584 1919 160 53 Bishop
775 1920 51 52 A.
860 1921 68 51 W.
963 1923 210 53 Wayman
1205 1940 117 36 came
1352 1935 47 41 to
1426 1929 73 47 the
1529 1931 71 53 7th

290 1983 226 54 Episcopal
539 1985 174 52 District
734 1988 83 49 and
839 1988 102 49 with
963 1990 64 47 his
1051 1990 158 47 clarion
1232 1996 117 41 voice
1371 1998 83 39 and
1477 2010 124 29 evan¬

289 2051 163 51 gelistic
477 2051 120 52 spirit
621 2053 186 50 traveled
832 2055 83 48 and
941 2056 71 47 did
1037 2056 73 47 the
1133 2067 185 45 greatest
1343 2065 255 51 evangelical

290 2118 119 40 work
454 2118 154 40 known
640 2125 45 34 to
715 2119 70 40 the
830 2120 161 54 history
1024 2123 47 51 of
1101 2125 219 49 Alabama.
1381 2130 82 44 His
1509 2132 90 42 first

293 2183 260 42 Conference
573 2197 85 29 was
680 2185 96 41 held
797 2193 42 34 at
863 2185 366 59 Greensborough,
1253 2194 108 50 Ala.,
1383 2196 94 54 Jan.
1500 2198 101 52 20th

288 2254 43 34 to
354 2248 112 49 24th,
495 2248 113 49 1881.
668 2250 103 47 Rev.
797 2250 172 47 Charles
993 2252 49 45 E.
1068 2256 166 51 Harris,
1258 2258 54 49 A.
1337 2261 62 48 B.,
1425 2262 85 47 LL.
1537 2264 62 50 B.,

291 2314 230 54 Secretary,
543 2315 83 53 and
650 2316 101 52 Rev.
776 2314 185 54 Thomas
984 2320 69 48 W.
1079 2321 159 53 Coffee,
1262 2325 226 49 Assistant.
1549 2332 49 42 In

287 2378 70 42 the
390 2386 156 46 county
579 2388 119 44 court
731 2382 133 50 house
896 2383 71 49 the
1001 2384 224 56 following
1257 2391 196 49 brethren
1488 2410 111 30 were

288 2444 224 43 ordained:
539 2447 178 42 deacons
743 2447 54 43 A.
821 2450 38 52 J.
887 2450 231 52 Henshaw,
1145 2455 113 47 Wm.
1286 2458 58 44 H.
1373 2460 226 57 Manning,
