1900 2799
552 316 250 31 AFRICAN
840 314 337 35 METHODISM.

1520 298 89 44 167

286 436 217 50 Germany
527 439 84 47 and
636 434 162 52 Britain
824 434 53 52 he
902 433 135 53 found
1061 433 70 53 the
1163 429 294 57 fair-skinned,
1483 426 131 60 light-

284 506 162 48 haired,
471 503 222 51 blue-eyed
718 500 256 54 inhabitants
999 512 48 42 so
1069 498 82 56 low
1174 496 83 58 and
1283 495 214 59 degraded
1520 492 95 62 that

285 576 54 38 he
363 574 91 40 said
478 573 101 48 they
602 584 111 37 were
735 575 74 46 not
832 567 47 54 fit
902 573 46 48 to
969 567 51 54 be
1042 564 126 57 made
1191 577 103 44 even
1318 562 148 59 slaves.
1526 557 89 64 To-

287 643 83 40 dav
396 641 73 42 the
494 636 317 49 Anglo-Saxon
840 634 112 51 rules
979 631 73 54 the
1077 630 192 55 civilized
1296 628 147 57 world.
1504 625 110 60 Give

290 709 68 39 the
389 706 151 50 Negro
568 718 26 38 a
622 701 169 55 chance.
852 700 70 56 He
951 698 35 58 is
1015 703 74 53 not
1119 709 117 47 more
1266 692 214 64 degraded
1510 691 100 65 than

287 789 111 25 were
422 774 73 40 the
518 769 148 45 whites
693 779 122 35 2,000
840 779 121 37 years
987 777 94 39 ago.
1141 759 93 57 The
1260 761 127 55 white
1411 773 98 43 man
1533 756 81 60 has

288 839 240 52 conquered
561 839 179 52 because
773 835 53 56 he
860 832 84 59 had
981 831 107 60 faith
1123 831 42 60 in
1199 828 172 63 himself
1406 826 84 65 and
1524 838 89 53 was

288 917 93 33 true
404 915 45 35 to
469 906 67 44 his
562 903 273 47 convictions.
898 899 57 51 So
980 898 91 52 also
1093 910 77 40 can
1193 896 71 54 the
1289 896 160 54 Negro.

345 974 92 41 The
468 973 207 42 influence
707 971 46 44 of
785 968 70 47 the
888 966 132 49 "coon
1068 963 170 52 songs,"
1288 963 83 52 Mr.
1421 958 193 57 Councill

288 1042 197 50 thought,
506 1040 85 52 had
609 1039 105 53 been
735 1050 23 42 a
778 1041 146 51 potent
944 1034 84 58 and
1049 1031 144 61 unfair
1216 1031 136 61 factor
1374 1028 42 64 in
1437 1026 178 66 making

289 1111 84 41 and
402 1105 298 55 perpetuating
729 1102 141 58 public
899 1098 231 62 prejudice.
1191 1095 98 65 "All
1320 1093 141 67 Coons
1492 1092 123 68 Look

290 1178 126 39 Alike
443 1173 67 44 To
536 1172 114 47 Me,"
678 1184 87 35 was
793 1183 52 36 an
874 1165 129 54 insult
1029 1172 46 47 to
1100 1164 84 55 and
1211 1162 167 57 slander
1405 1174 114 45 upon
1546 1158 68 61 his

289 1259 107 26 race.
456 1241 132 44 Don't
606 1246 108 39 treat
736 1238 80 47 "all
837 1249 128 36 coons
986 1232 149 53 alike."
1194 1228 130 57 Treat
1345 1227 101 58 each
1468 1241 81 44 one
1567 1240 46 45 as

289 1313 53 40 he
370 1312 208 41 deserves.

348 1388 88 41 Not
462 1399 103 30 once
590 1384 42 45 in
657 1382 66 47 his
750 1380 151 50 speech
927 1378 72 52 did
1025 1377 85 53 Mr.
1139 1372 193 58 Councill
1358 1384 74 46 say
1456 1386 54 44 an
1535 1384 79 46 un¬

289 1455 105 41 kind
417 1453 120 43 word
560 1452 47 44 of
630 1449 70 47 the
724 1446 148 51 people
895 1446 46 51 of
964 1445 71 52 the
1060 1441 149 56 South,
1233 1441 178 56 because
1434 1438 47 59 of
1504 1436 110 61 their

289 1526 226 37 treatment
538 1519 47 44 of
608 1516 72 47 the
706 1515 150 49 Negro
876 1512 148 52 before
1047 1510 83 54 and
1155 1509 113 55 since
1292 1504 321 60 emancipation.

294 1590 176 47 Slavery
496 1599 87 38 was
609 1598 24 39 a
657 1583 109 54 hard
790 1581 117 56 road,
933 1578 54 59 he
1012 1577 103 60 said,
1142 1576 75 61 but
1243 1574 32 63 it
1300 1586 87 51 was
1413 1570 72 67 the
1509 1569 105 68 road

289 1657 91 40 that
404 1654 68 43 led
495 1661 221 41 4,000,000
740 1647 115 55 souls
879 1652 75 50 out
977 1644 46 58 of
1046 1641 246 61 barbarism.
1351 1638 83 64 His
1459 1636 156 66 tribute

290 1731 43 33 to
358 1722 72 42 the
456 1717 216 47 Southern
695 1714 128 50 white
847 1708 301 56 woman—her
1172 1708 150 56 virtue,
1347 1705 75 59 her
1447 1702 168 62 charms

291 1791 84 41 and
409 1789 76 43 her
520 1782 543 51 accomplishments—was
1098 1789 45 44 as
1179 1774 196 59 eloquent
1409 1785 45 48 as
1489 1768 127 65 could

289 1857 110 39 have
423 1854 129 42 fallen
577 1850 115 46 from
713 1847 74 49 the
807 1847 79 49 lips
910 1845 47 51 of
980 1843 151 53 Henry
1154 1840 69 56 W.
1249 1837 168 59 Grady;
1442 1836 83 60 and
1546 1833 70 63 his

291 1927 95 48 plea
413 1923 70 52 for
510 1920 72 55 the
609 1914 136 61 moral
775 1911 206 64 elevation
1010 1910 48 65 of
1083 1909 72 66 the
1182 1906 122 69 black
1330 1916 167 59 woman
1526 1914 90 61 was

292 2006 45 27 as
368 1987 187 54 pathetic
583 1996 50 45 as'
660 1999 23 42 a
712 1979 200 62 mother's
940 1984 112 57 tears
1082 1981 44 60 at
1154 1989 26 52 a
1210 1973 129 68 fallen
1369 1967 248 74 daughter's

293 2069 144 40 grave.
498 2053 102 56 "No
621 2048 134 61 race,"
778 2046 92 63 said
888 2046 66 63 he,
978 2042 105 67 "can
1105 2042 84 67 rise
1206 2040 133 69 above
1361 2037 52 72 its
1435 2048 180 61 women.

293 2125 64 40 As
381 2123 101 47 they
507 2131 73 39 are
604 2115 124 55 lifted
752 2127 56 43 up
833 2110 73 60 the
929 2123 95 47 race
1048 2109 35 61 is
1109 2105 135 65 lifted.
1303 2101 121 69 They
1449 2115 73 55 are
1544 2100 77 70 the

293 2195 187 48 greatest
500 2184 209 59 civilizers
732 2180 71 63 the
825 2177 136 66 world
981 2174 78 69 has
1083 2187 99 56 ever
1203 2168 197 75 known."

350 2255 104 42 And
481 2254 55 43 he
561 2250 124 51 plead
712 2252 112 49 most
851 2243 210 58 earnestly
1089 2241 71 60 for
1184 2239 73 62 the
1283 2250 165 51 women
1476 2236 48 65 of
1550 2235 70 66 his

295 2337 108 27 race.
463 2320 73 44 He
559 2313 193 55 pictured
775 2310 109 58 their
910 2306 205 62 deserted,
1143 2304 186 64 desolate
1352 2302 84 66 and
1460 2314 157 54 unpro¬

295 2389 137 43 tected
460 2384 230 48 condition.
723 2379 97 53 One
847 2376 106 56 little
981 2371 346 61 freckled-faced,
1357 2370 262 62 snub-nosea

296 2456 131 41 white
454 2451 82 52 girl
563 2447 184 56 holding
772 2457 58 46 up
858 2442 76 61 her
960 2439 118 64 hand
1107 2438 70 65 for
1204 2437 97 66 help
1330 2449 77 54 can
1438 2434 106 69 rally
1572 2441 50 62 to
