1900 2799
279 221 92 49 214

634 225 247 35 AFRICAN
915 219 328 41 METHODISM

280 339 72 41 the
372 338 76 42 life
470 337 123 43 cords
615 334 47 46 of
686 333 159 47 Bishop
868 330 53 50 D.
945 329 53 51 A.
1024 328 155 52 Payne,
1204 324 53 56 A.
1281 323 69 57 W.
1373 321 233 59 Waymanr

283 403 50 42 T.
363 405 62 40 M.
453 403 53 42 D.
533 399 150 47 Ward,
710 398 57 48 H.
796 397 62 49 M.
886 393 180 53 Turner,
1093 391 70 55 W.
1191 391 37 55 J.
1256 387 169 59 Gaines,
1454 385 49 61 B.
1532 383 73 63 W.

284 472 154 39 Arnett
462 469 48 42 B.
535 465 50 46 T.
610 463 185 49 Tanner,
819 463 54 49 A.
899 460 149 52 Grant,
1073 458 49 54 B.
1147 453 48 59 F.
1221 456 97 56 Lee,
1343 453 65 59 M.
1433 452 50 60 B.
1510 449 93 63 Sal-

284 545 85 33 ters
394 535 83 43 and
500 535 25 49 J
549 534 54 50 A.
630 530 171 54 Handy.
861 528 131 56 Upon
1018 523 141 61 whom
1184 520 86 64 will
1293 519 110 65 their
1428 516 182 68 mantles

287 604 77 40 fall
377 603 16 41 ?
450 601 83 48 Oh,
559 600 20 49 I
599 598 135 51 thank
755 596 96 53 God
874 595 68 54 for
963 593 71 56 the
1056 603 125 46 space
1201 588 48 61 of
1271 584 119 65 earth
1411 583 92 66 that
1523 581 88 68 this

288 668 159 44 church
470 668 35 44 is
528 679 129 38 upon,
683 666 70 51 for
775 663 71 54 the
868 674 125 43 name
1015 658 92 59 that
1130 657 32 60 it
1184 656 122 61 bears
1330 652 48 65 of
1402 663 81 54 our
1502 648 110 69 hon¬

288 737 103 41 ored
424 735 118 43 dead.
602 732 142 46 When
776 731 31 47 it
839 742 87 36 was
958 722 266 56 established,
1258 720 162 58 Bishop
1452 717 161 61 Brown

290 816 87 27 was
412 802 42 41 in
487 799 67 44 his
588 800 154 43 bloom.
831 795 118 48 Here
981 804 110 39 your
1124 803 100 40 sons
1258 787 85 56 and
1380 783 234 60 daughters

290 869 108 40 have
430 866 197 43 married.
687 864 40 45 It
760 874 88 35 was
870 859 177 50 .around
1080 856 85 53 this
1198 855 107 54 altar
1339 851 142 58 where
1513 848 101 61 they

293 937 136 39 found
462 948 79 28 our
572 932 167 44 blessed
771 930 245 46 Redeemer.
1076 922 92 54 The
1202 921 189 55 funerals
1425 919 47 57 of
1505 930 110 46 your

294 1002 186 41 mothers
514 999 85 44 and
632 997 175 46 fathers,
842 1008 98 35 sons
974 993 83 50 and
1092 990 244 53 daughters,
1369 987 110 56 have
1510 985 106 58 been

294 1066 222 52 preached,
542 1062 220 56 eulogistic
787 1061 179 57 services
990 1058 109 60 have
1120 1057 105 61 been
1250 1054 97 64 held
1372 1052 84 66 and
1478 1050 139 68 heavy

294 1131 185 45 burd'ens
503 1132 122 44 made
647 1130 109 49 light
778 1128 148 51 within
949 1125 118 54 these
1089 1123 131 56 walls.
1279 1118 121 61 They
1423 1131 73 48 are
1516 1131 98 48 now

295 1202 103 41 with
423 1214 78 29 our
523 1199 150 48 bishop
696 1199 43 48 in
763 1196 133 51 glory.
957 1191 99 56 "All
1079 1203 99 44 now
1199 1187 125 60 rest."

353 1267 160 49 Bishop
538 1266 157 50 Brown
717 1262 85 54 had
825 1258 258 58 unbounded
1104 1258 95 58 love
1224 1256 67 60 for
1314 1254 71 62 the
1407 1265 105 51 poor
1536 1251 84 65 and

297 1334 147 50 needy.
504 1332 70 52 He
602 1328 219 56 preferred
848 1334 45 50 to
921 1325 136 59 suffer
1083 1336 152 48 wrong
1264 1319 141 65 rather
1432 1318 103 66 than
1565 1317 58 67 do

299 1413 164 38 wrong,
490 1405 46 46 to
562 1397 135 54 suffer
724 1394 197 57 affliction
950 1390 141 61 rather
1115 1389 105 62 than
1248 1387 137 64 afflict,
1411 1393 49 58 to
1487 1384 135 67 suffer

299 1467 248 52 oppression
570 1462 140 57 rather
729 1463 101 56 than
853 1472 187 47 oppress.
1101 1455 229 64 "Precious
1351 1455 43 64 in
1414 1453 73 66 the
1507 1449 117 70 sight

302 1536 48 39 of
374 1534 71 41 the
471 1532 117 44 Lord
613 1530 35 46 is
674 1529 71 47 the
773 1526 125 50 death
925 1527 48 49 of
997 1524 66 52 his
1090 1522 171 54 saints."
1321 1518 122 58 Then
1470 1533 58 43 go
1554 1532 70 44 on,

302 1600 103 40 thou
431 1606 65 34 art
521 1597 193 51 precious
740 1596 44 52 in
811 1593 130 55 God's
968 1591 127 57 sight,
1122 1589 194 59 precious
1343 1588 43 60 in
1412 1586 73 62 the
1508 1583 117 65 sight

303 1671 47 37 of
370 1668 65 40 his
460 1665 86 43 Son
561 1665 9 43 !
630 1662 201 46 Precious
852 1660 43 48 in
915 1659 72 49 the
1007 1659 115 49 sight
1142 1657 48 51 of
1209 1657 72 51 the
1301 1653 119 55 Holy
1442 1651 182 57 Ghost!!

307 1733 201 40 Precious
541 1732 41 41 in
615 1730 70 43 the
717 1727 115 51 sight
864 1727 47 51 of
942 1725 161 53 heaven
1135 1723 35 55 is
1201 1722 73 56 the
1305 1721 124 57 death
1463 1720 48 58 of
1542 1718 84 60 His

308 1798 200 42 saints!!!
