1900 2800
735 574 287 45 CHAPTER
1049 576 122 43 XIV.

295 747 42 40 A
370 744 136 45 FEW
538 743 80 46 OF
650 743 126 46 THE
809 743 277 46 LEADING
1119 741 331 48 CHURCHES
1485 742 131 47 AND

573 832 272 44 PASTORS
877 834 67 42 IN
974 831 126 45 THE
1132 830 206 46 STATE.

353 924 59 42 St.
437 924 147 52 John's
608 924 52 52 A.
688 925 61 51 M.
774 922 49 54 E.
851 924 182 52 Church,
1060 922 307 54 Birmingham.
1427 923 105 53 Rev.
1558 922 52 54 A.

294 992 38 51 J.
367 991 171 52 Hunter
569 1005 87 38 was
688 991 263 52 transferred
984 991 112 52 from
1130 990 234 53 Columbia,
1400 989 41 54 S.
1478 989 58 54 C,
1570 996 44 47 to

293 1057 71 42 the
384 1058 134 41 above
539 1058 153 41 station
714 1065 85 34 two
821 1070 120 40 years
963 1071 96 39 ago.
1106 1057 159 53 Bishop
1288 1058 68 52 W.
1380 1058 37 52 J.
1442 1056 166 54 Gaines,

294 1125 52 41 D.
379 1124 68 51 D.,
478 1125 230 51 presiding.
769 1124 82 52 His
882 1126 192 50 financial
1108 1126 83 50 and
1224 1125 191 52 spiritual
1446 1138 166 39 success

293 1194 41 42 in
358 1193 82 43 this
463 1200 121 45 great
605 1193 266 52 commercial
894 1194 83 52 city
999 1194 75 52 has
1097 1194 103 52 been
1224 1193 252 53 marvelous.

351 1259 59 43 St.
437 1260 118 49 Paul,
582 1257 214 53 Florence,
819 1260 108 50 Ala.,
952 1260 103 50 Rev.
1079 1257 49 53 T.
1156 1259 41 51 S.
1222 1259 206 53 Johnson,
1451 1266 156 46 pastor.

292 1324 105 43 This
426 1327 34 40 is
488 1341 25 26 a
539 1327 83 40 fine
647 1326 118 41 brick
793 1326 158 41 church
978 1328 85 40 and
1090 1341 24 27 a
1139 1327 210 41 beautiful
1377 1340 234 39 congrega¬

291 1395 101 40 tion.
452 1393 130 44 Elder
605 1394 193 53 Johnson
824 1395 34 52 is
884 1408 26 39 a
935 1408 165 39 success
1126 1394 216 53 wherever
1367 1394 159 53 placed.

348 1462 145 52 Payne
520 1461 171 53 Chapel,
720 1461 309 53 Birmingham,
1057 1463 109 51 Ala.,
1194 1463 104 51 Rev.
1327 1461 49 53 E.
1405 1463 69 51 W.
1503 1462 107 52 Wil¬

295 1529 130 48 liams,
467 1536 155 44 pastor.
682 1526 208 55 Through
930 1529 65 52 his
1037 1529 235 52 leadership
1313 1544 25 37 a
1376 1529 234 52 handsome

291 1609 94 26 sum
405 1596 47 39 of
470 1609 153 39 money
640 1595 77 53 has
737 1597 103 51 been
861 1597 136 51 raised
1018 1596 101 52 with
1139 1598 72 50 the
1229 1598 107 50 view
1356 1597 47 51 of
1423 1597 188 53 erecting

290 1676 24 26 a
336 1662 117 40 brick
475 1662 83 40 and
582 1669 119 33 stone
722 1663 204 51 building.
987 1661 130 53 Elder
1140 1663 212 51 Williams
1376 1665 34 49 is
1434 1679 25 35 a
1483 1663 127 51 faith¬

293 1729 62 39 ful
386 1729 83 39 and
499 1729 234 39 successful
763 1734 154 46 pastor.

348 1795 59 43 St.
428 1796 156 51 James,
608 1796 118 51 Pratt
749 1796 107 53 City,
878 1797 108 52 Ala.,
1010 1798 103 51 Rev.
1136 1799 69 50 W.
1230 1798 45 51 C.
1301 1798 188 51 Shelton,
1511 1812 95 40 pas¬

289 1870 77 33 tor.
448 1863 71 40 He
540 1877 87 26 was
650 1877 24 26 a
698 1863 232 41 successful
954 1865 220 52 presiding
1195 1866 115 51 elder
1331 1867 43 50 in
1400 1866 208 53 Georgia;

289 1931 75 39 but
389 1930 35 40 is
449 1943 96 27 now
572 1944 24 26 a
624 1928 173 42 faithful
823 1937 144 45 pastor
991 1932 42 50 in
1061 1931 219 51 Alabama.

345 1997 192 40 Brown's
562 1996 171 51 Chapel,
760 1996 152 51 Selma,
937 1998 107 49 Ala.,
1070 1998 103 49 Rev.
1198 2001 143 50 James
1364 2002 69 49 W.
1459 2002 148 49 Walk¬

289 2076 56 35 er,
373 2063 52 48 D.
455 2062 65 49 D.,
549 2069 154 44 pastor.
764 2060 102 53 This
894 2062 33 51 is
954 2064 70 49 the
1051 2065 70 48 old
1148 2066 174 47 historic
1351 2068 253 45 foundation

290 2128 47 40 of
374 2129 259 39 Methodism
669 2128 42 40 in
747 2130 72 39 the
854 2128 127 43 State.
1041 2130 63 41 As
1140 2132 34 39 is
1211 2131 149 42 shown
1396 2148 54 27 on
1486 2136 121 41 other

289 2208 129 37 pages
446 2195 46 50 of
518 2195 83 50 this
626 2194 174 52 history,
828 2194 74 52 Dr.
931 2196 174 50 Walker
1131 2198 34 48 is
1193 2211 24 35 a
1244 2206 120 42 great
1390 2200 214 52 preacher.

290 2261 70 38 He
390 2260 33 40 is
454 2260 70 40 the
553 2268 211 33 treasurer
794 2262 47 40 of
869 2260 71 42 the
969 2262 205 53 Building
1204 2262 146 53 Funds
1381 2267 48 48 of
1461 2268 144 53 Payne

288 2327 258 52 University.

904 2404 64 30 126
