1917 2811
738 288 56 32 IN
829 289 285 33 ALABAMA.

1562 280 59 42 95

300 404 161 40 similar
484 406 240 39 committee
746 405 46 40 of
816 407 207 40 members
1047 408 46 39 of
1116 408 69 40 the
1209 408 206 41 Alabama
1440 407 178 43 Confer¬

305 484 99 25 ence
433 470 48 41 of
510 471 69 40 the
609 471 179 40 African
822 473 59 38 M.
913 473 48 40 E.
995 472 181 47 Church,
1208 474 102 45 with
1339 473 71 46 the
1438 475 107 44 view
1574 475 47 44 of

301 537 195 52 dividing
517 538 69 51 the
611 538 204 51 churches
837 540 44 49 of
907 552 76 37 our
1008 541 312 48 denomination
1346 542 40 47 in
1409 542 70 47 the
1505 541 115 48 State

298 603 47 39 of
382 603 208 40 Alabama
628 604 90 39 into
766 604 116 41 three
933 607 154 39 annual
1139 607 283 49 conferences,
1474 614 46 42 to
1567 609 49 47 be

297 670 156 39 known
480 683 44 26 as
550 671 73 41 the
649 670 139 42 North
814 671 208 42 Alabama
1050 672 273 47 Conference,
1351 675 71 44 the
1447 672 169 47 Central

298 736 208 41 Alabama
536 736 262 42 Conference
826 739 83 39 and
937 738 71 41 the
1038 738 135 42 South
1202 740 207 41 Alabama
1438 739 178 43 Confer¬

298 815 110 26 ence.
470 800 103 43 This
609 803 108 53 joint
752 805 239 51 committee
1024 804 105 52 shall
1162 813 108 43 meet
1304 814 42 42 at
1381 807 100 49 such
1515 808 100 48 time

296 869 83 39 and
402 869 117 51 place
542 883 45 37 as
611 870 104 50 shall
738 872 49 48 be
812 873 248 47 convenient
1082 879 44 41 to
1148 872 126 48 them.
1336 874 40 46 If
1400 874 69 46 the
1494 875 120 45 Bish¬

296 949 54 37 op
384 936 33 50 is
451 936 145 50 absent
629 936 98 53 they
759 938 106 51 shall
899 939 101 50 elect
1033 952 79 37 one
1143 940 47 49 of
1221 939 108 50 their
1360 942 178 47 number
1569 956 44 33 as

295 1002 229 48 chairman,
552 1003 83 47 and
661 1003 98 47 then
784 1005 178 50 proceed
986 1012 44 43 to
1054 1006 193 49 consider
1270 1006 70 49 the
1365 1007 249 51 advisablity

292 1069 48 38 of
378 1069 102 40 such
518 1069 193 40 division.
773 1067 118 56 They
927 1071 105 52 shall
1069 1073 193 50 examine
1298 1075 197 48 statistics
1531 1076 82 47 and

292 1135 122 39 other
442 1135 205 41 available
676 1137 288 43 information,
996 1151 46 29 so
1071 1153 44 27 as
1143 1146 43 34 to
1214 1140 98 50 give
1341 1140 100 50 each
1470 1141 46 49 of
1543 1142 70 48 the

292 1202 93 39 said
406 1204 212 49 proposed
639 1204 285 49 conferences,
947 1217 45 36 as
1012 1220 100 33 near
1134 1220 45 33 as
1200 1206 194 52 possible,
1418 1221 51 37 an
1492 1209 121 50 equal

292 1268 183 41 division
500 1269 47 40 of
571 1282 78 27 our
672 1271 131 39 work.
863 1268 105 43 This
991 1273 240 40 committee
1253 1274 105 40 shall
1383 1281 108 33 meet
1515 1275 98 39 dur¬

292 1334 77 51 ing
398 1333 71 52 the
501 1334 178 51 interval
711 1336 284 53 immediately
1027 1338 253 53 succeeding
1308 1338 73 53 the
1410 1339 202 53 adjourn¬

292 1407 118 34 ment
442 1401 47 40 of
521 1401 70 41 the
624 1402 182 41 sessions
839 1404 47 39 of
917 1404 73 40 the
1021 1404 139 40 North
1191 1405 207 42 Alabama
1428 1408 84 39 and
1543 1407 69 40 the

295 1467 210 41 Alabama
532 1468 285 42 Conferences
845 1471 46 39 of
923 1469 115 53 1890,
1066 1472 83 50 and
1176 1471 105 51 shall
1309 1481 140 44 report
1474 1481 46 44 to
1543 1475 71 50 the

293 1534 157 40 annual
491 1535 182 40 sessions
713 1537 45 38 of
798 1536 100 40 each
939 1538 45 40 of
1023 1538 116 40 these
1179 1540 281 40 conferences.
1521 1538 91 42 The

293 1600 92 39 said
417 1601 272 40 conferences
722 1601 116 47 shall,
872 1610 42 38 at
945 1602 70 46 the
1046 1605 180 43 sessions
1259 1605 220 50 indicated,
1513 1620 98 35 con¬

296 1666 113 39 sider
432 1666 70 41 the
526 1667 91 41 said
640 1675 154 44 report,
819 1669 130 50 either
973 1671 204 50 adopting
1200 1685 47 36 or
1269 1673 208 52 rejecting
1498 1674 43 51 it,
1566 1688 48 37 or

297 1733 232 52 amending
569 1735 104 50 such
713 1742 152 45 report.
926 1737 49 50 In
1016 1737 72 50 the
1127 1746 121 41 event
1287 1740 47 47 of
1372 1738 72 49 the
1483 1741 128 51 adop¬

294 1801 89 38 tion
418 1801 46 38 of
496 1801 91 39 said
620 1809 142 43 report
793 1803 52 51 by
877 1803 90 51 said
999 1805 282 49 conferences,
1316 1808 99 46 each
1447 1809 166 45 confer¬

297 1879 100 26 ence
424 1865 106 40 shall
558 1867 89 51 join
675 1868 41 50 in
744 1883 22 35 a
793 1868 173 52 petition
992 1876 45 44 to
1061 1871 70 49 the
1156 1878 102 42 next
1284 1873 160 47 session
1470 1875 46 45 of
1542 1875 71 45 the

297 1932 181 40 General
508 1932 263 42 Conference
798 1936 46 39 of
870 1935 71 40 the
967 1936 180 41 African
1176 1938 235 43 Methodist
1437 1937 176 55 Episco¬

293 1999 70 48 pal
395 1998 168 49 Church
597 2000 68 47 for
694 2000 71 47 the
793 2001 178 46 division
1002 2004 153 47 agreed
1185 2019 113 34 upon
1326 2007 54 46 bv
1409 2007 69 46 the
1507 2008 101 45 Ala¬

288 2065 127 38 bama
450 2065 283 41 conferences.
796 2067 47 39 In
880 2068 68 40 the
984 2077 120 32 event
1139 2071 45 39 of
1220 2071 70 41 the
1324 2072 201 51 adoption
1560 2073 45 50 of

288 2131 86 39 this
403 2132 243 47 resolution,
676 2133 71 46 the
776 2132 158 54 Bishop
963 2135 33 51 is
1023 2135 156 53 hereby
1208 2139 220 49 requested
1457 2145 45 43 to
1529 2141 77 47 call

289 2197 73 40 the
391 2197 91 40 said
512 2198 108 50 joint
649 2200 251 48 convention
928 2202 193 50 together
1152 2203 68 49 for
1249 2205 72 47 the
1347 2218 182 38 purpose
1560 2207 45 49 of

288 2264 308 51 organization,
621 2266 205 50 provided
849 2265 52 51 he
925 2269 165 47 consult
1113 2268 54 53 by
1191 2270 98 51 mail
1314 2284 47 37 or
1384 2272 222 49 otherwise

291 2330 119 40 write
443 2329 72 42 the
546 2332 206 40 members
786 2333 46 40 of
864 2334 69 39 the
966 2337 238 39 committee
1236 2351 44 26 as
1313 2344 43 34 to
1389 2339 100 40 time
1520 2341 81 39 and

285 2398 130 50 place.

349 2459 94 45 The
470 2463 101 41 time
600 2464 83 40 and
711 2464 119 50 place
856 2465 48 49 of
931 2467 186 53 meeting
1146 2468 69 52 for
1242 2468 91 52 said
1360 2469 110 53 joint
1497 2484 113 38 com-
