1900 2799
277 296 91 49 210

614 297 241 36 AFRICAN
881 288 341 45 METHODISM

353 411 175 31 "Leaves
549 405 103 37 have
672 402 106 40 their
797 399 97 43 time
915 399 42 43 to
977 394 82 48 fall,

390 451 90 35 And
496 453 156 33 flowers
670 453 39 33 to
727 445 138 41 wither
881 446 39 40 at
943 443 68 43 the
1026 432 274 54 Northwind's
1315 428 155 58 breath,

368 497 94 34 And
479 499 101 32 stars
598 496 41 35 to
656 494 78 37 set;
761 490 73 41 but
857 487 100 44 all—

402 543 112 32 Thou
536 540 93 35 hast
653 536 53 39 all
731 540 165 35 seasons
921 531 62 44 for
1007 527 112 48 thine
1144 532 99 43 own,
1268 522 31 53 O
1325 515 165 60 Death."

285 615 120 39 Here
437 625 64 29 we
533 622 72 32 are
637 600 335 54 unacquainted;
1005 612 65 42 we
1102 599 155 55 cannot
1288 590 162 64 always
1482 583 130 71 recall

286 682 132 46 dates,
444 678 139 51 places
608 674 85 55 and
717 682 171 47 names;
912 677 193 52 memory
1131 660 134 69 fades,
1290 658 78 71 but
1391 654 75 75 the
1490 651 122 78 King

285 749 150 40 knows
456 745 141 44 where
615 740 67 49 his'
702 737 186 52 subjects
908 746 94 43 are;
1019 729 57 60 he
1093 730 36 59 is
1149 726 104 63 with
1272 723 117 66 them
1408 727 45 62 at
1469 718 143 71 home,

288 813 85 42 and
408 810 124 45 when
566 806 100 51 they
702 804 183 53 migrate
916 800 55 57 he
1005 798 36 59 is
1078 793 83 64 still
1196 791 111 66 their
1341 785 270 72 comlpanion.

288 878 107 42 This
431 877 120 49 King
584 871 155 55 moved
773 870 129 56 about
935 866 44 60 in
1015 859 216 67 Paradise.
1290 857 73 69 He
1395 856 78 70 has
1506 854 106 72 been

291 945 179 50 moving
499 954 96 41 ever
627 939 124 56 since.

346 1007 212 52 To-night
582 1006 55 53 he
662 1005 35 54 is
725 1003 44 56 in
794 1002 72 57 the
894 1004 128 55 sweet
1050 995 119 64 fields
1197 993 85 66 and
1309 989 142 70 fertile
1476 985 138 74 plains

290 1081 49 39 of
364 1077 72 43 the
459 1074 117 49 East,
602 1070 178 53 making
803 1068 73 55 the
898 1067 175 56 keepers
1099 1063 48 60 of
1171 1061 73 62 the
1266 1059 136 64 house
1424 1052 189 71 tremble.

293 1146 72 40 He
399 1144 34 42 is
468 1141 179 49 moving
678 1138 130 52 about
841 1133 104 57 with
979 1130 73 60 the
1082 1129 143 61 balmy
1256 1127 171 63 breezes
1462 1121 49 69 of
1543 1119 74 71 the

294 1211 150 47 South,
468 1207 178 51 making
666 1204 73 54 the
760 1209 152 49 strong
931 1212 96 46 men
1051 1197 97 61 bow
1169 1192 268 66 themselves.
1495 1184 121 74 Dash

292 1276 191 50 through
512 1274 73 52 the
616 1270 155 56 golden
802 1274 119 52 gates
951 1264 50 62 of
1029 1263 73 63 the
1132 1262 135 64 West,
1298 1258 87 68 and
1414 1268 86 58 you
1530 1253 87 73 will

294 1351 110 35 meet
424 1344 71 42 the
514 1341 107 49 king
641 1338 119 52 there
779 1334 177 56 making
975 1330 74 60 the
1069 1329 196 61 grinders
1287 1338 131 52 cease.
1480 1320 136 70 Stand

295 1420 44 34 at
359 1411 72 43 the
451 1404 220 54 telegraph
693 1404 84 54 and
797 1402 89 56 talk
905 1399 103 59 with
1028 1397 123 61 those
1170 1395 45 63 in
1234 1394 73 64 the
1326 1391 113 67 Elbo
1460 1389 158 69 Moun¬

295 1478 110 42 tains
433 1476 46 44 of
505 1475 72 45 the
604 1469 154 51 North,
786 1470 84 50 and
896 1466 99 54 they
1021 1464 87 56 will
1134 1469 177 51 ans'wer.
1368 1455 96 65 The
1489 1456 128 64 silver

297 1543 103 41 cord
443 1541 77 43 has
564 1540 103 44 been
713 1533 159 51 loosed,
917 1531 72 53 the
1033 1528 156 56 golden
1235 1524 112 60 bowl
1390 1523 79 61 has
1514 1523 106 61 been

298 1608 210 48 smashed,
536 1606 73 50 the
635 1603 164 53 pitcher
824 1599 78 57 has
929 1599 106 57 been
1062 1596 160 60 broken
1252 1601 43 55 at
1321 1592 73 64 the
1423 1587 197 69 fountain

297 1676 86 41 and
413 1673 72 44 the
516 1671 134 46 wheel
679 1671 78 46 has
788 1666 124 51 stood
943 1664 84 53 still
1058 1669 44 48 at
1131 1661 72 56 the
1234 1659 167 58 cistern.
1460 1653 162 64 "What

298 1756 101 27 man
430 1742 34 41 is
495 1739 54 44 he
578 1737 92 46 that
700 1736 130 47 liveth
861 1734 86 49 and
977 1729 108 54 shall
1115 1735 76 48 not
1221 1742 69 41 see
1320 1723 180 60 death?"
1535 1721 86 62 Oh,

299 1811 115 39 what
436 1822 24 28 a
483 1805 206 51 question.

356 1873 140 41 Death
526 1884 144 38 passes
701 1881 115 41 upon
848 1867 54 55 all
932 1877 109 45 men.
1101 1861 74 61 Oh
1203 1859 116 63 what
1348 1874 54 48 an
1433 1855 188 67 ans'wer!

300 1942 125 40 Your
451 1946 112 43 steps
591 1949 97 40 may
715 1936 172 53 become
913 1944 178 45 uneven,
1119 1942 108 47 your
1252 1927 149 62 breath
1429 1939 99 50 may
1551 1925 73 64 be¬

300 2021 121 28 come
440 2005 129 44 short.
627 2004 123 45 Your
770 2002 120 48 ivory
909 2013 111 37 rows
1039 2011 98 39 may
1156 1997 88 53 lose
1261 1994 103 56 hold
1383 2007 56 43 on
1456 2000 165 50 nature.

302 2075 97 46 Yet,
421 2079 69 44 yet
512 2085 85 38 you
620 2069 85 54 will
728 2081 68 42 see
820 2066 137 57 death.
1017 2065 71 58 He
1110 2069 144 54 stoops
1279 2062 125 61 down
1427 2059 85 64 and
1533 2058 92 65 lifts

304 2155 58 35 up
385 2141 72 49 the
478 2139 77 51 life
577 2144 75 46 out
676 2135 47 55 of
746 2134 72 56 the
842 2132 219 58 drunkard
1085 2131 43 59 in
1150 2130 74 60 the
1245 2133 167 57 gutter;
1437 2127 186 63 changes

304 2207 73 40 the
398 2205 126 42 home
549 2204 47 43 of
620 2201 71 46 the
715 2201 163 49 beggar
903 2200 42 50 in
970 2196 73 54 the
1066 2202 151 48 street;
1242 2193 56 57 he
1319 2193 120 57 takes
1463 2192 75 58 the
1560 2191 64 59 in¬

307 2274 179 49 dignant
516 2284 99 39 man
647 2274 76 49 out
751 2268 49 55 of
829 2267 70 56 his'
926 2266 78 57 hut
1033 2264 85 59 and
1149 2262 239 61 dismounts
1419 2259 74 64 the
1521 2258 109 65 king

303 2339 94 40 that
422 2338 75 41 sits
523 2350 54 29 on
604 2334 65 45 his
695 2333 162 46 throne.
918 2332 106 47 Man
1051 2328 75 51 lies
1153 2329 127 50 down
1305 2333 44 46 at
1372 2325 127 54 night
1524 2323 103 56 with

303 2406 68 40 his
397 2404 196 47 millions,
621 2402 140 49 wakes
787 2413 58 38 up
871 2413 25 38 a
920 2398 185 53 beggar;
1130 2396 54 55 he
1209 2395 133 56 closes
1368 2393 66 58 his
1461 2406 96 45 eyes
1582 2391 45 60 in

302 2474 104 39 time
430 2470 84 43 and
538 2469 141 44 wakes
704 2481 56 34 up
784 2467 44 48 in
852 2462 190 53 eternity.
