1899 2800
626 314 242 34 AFRICAN
901 309 347 39 METHODISM.

1503 290 87 44 173

272 436 73 39 but
373 435 121 40 three
524 435 208 40 members
765 433 47 42 of
843 445 53 30 an
929 427 157 48 eternal
1116 425 165 50 council
1311 424 129 51 there.
1499 418 93 57 The

269 502 120 38 earth
410 515 88 26 was
519 500 124 41 made
663 499 179 42 without
862 512 25 29 a
909 497 112 44 form
1041 494 85 47 and
1147 491 111 50 void.
1317 486 94 55 The
1432 488 93 53 face
1545 486 48 55 of

270 566 72 40 the
367 567 105 40 deeo
496 579 115 28 wore
634 578 115 37 upon
773 564 31 51 it
827 563 71 52 the
921 562 75 53 sad
1021 559 164 56 curtain
1209 571 49 44 or
1280 555 95 60 vale
1397 553 46 62 of
1469 551 122 64 dark¬

272 647 110 27 ness.
445 632 96 42 God
572 633 113 41 said:
719 631 105 43 "Let
855 630 118 44 there
1001 628 51 46 be
1083 625 130 49 light:
1245 623 85 51 and
1359 621 117 53 there
1506 631 88 43 was

271 698 149 49 light."

438 763 96 31 "Let
558 762 113 32 there
695 761 47 33 be
766 758 115 38 light!
914 757 82 39 The
1020 753 162 43 Eternal
1208 752 131 44 spoke,

485 808 87 30 And
595 807 102 31 from
722 805 70 33 the
812 804 121 35 abyss
956 801 131 38 where
1111 798 194 41 darkness
1329 795 103 44 rode,

439 852 82 31 The
546 851 162 32 earliest
732 850 113 33 dawn
869 848 40 35 of
932 847 140 36 nature
1096 843 132 40 broke,

484 897 87 31 And
601 896 102 36 light
730 893 149 39 around
909 891 177 41 creation
1115 887 147 45 flowed.

441 942 81 30 The
547 941 89 36 glad
661 939 112 38 earth
797 937 140 40 smiled
959 937 41 40 to
1024 942 66 35 see
1113 933 67 44 the
1204 932 91 45 day;

488 985 82 31 The
598 984 199 32 first-born
825 982 75 36 day
927 988 110 30 came
1065 978 185 40 blushing
1275 975 58 43 in;

441 1031 84 31 The
547 1037 131 29 young
702 1029 77 37 day
802 1027 140 39 smiled
966 1027 43 39 to
1032 1024 97 42 shed
1153 1022 53 44 its
1231 1029 71 37 ray

488 1077 114 35 Upon
631 1082 23 30 a
683 1073 121 39 world
833 1069 224 48 untouched
1086 1068 50 49 by
1166 1066 96 51 sin."

334 1137 94 45 Day
460 1135 83 47 and
575 1133 123 49 night
729 1146 111 36 were
871 1128 231 54 separated.
1163 1125 138 57 Work
1330 1124 35 58 is
1397 1137 53 45 an
1481 1134 101 48 exer

279 1205 106 43 cise;
412 1203 132 45 work,
571 1206 195 42 constant
792 1197 131 51 work,
951 1194 102 54 with
1078 1193 239 55 judgment,
1345 1190 35 58 is
1405 1190 72 58 the
1502 1201 89 47 sup¬

280 1277 97 40 port
401 1269 49 48 of
474 1282 111 35 man.
644 1263 119 54 Take
787 1265 119 52 these
929 1263 153 54 twelve
1105 1259 143 58 hours.
1311 1256 231 61 Sleep-rest
1568 1255 32 62 is

281 1352 24 25 a
335 1335 222 50 requisite;
586 1333 215 52 therefore
829 1330 120 55 these
975 1329 132 56 hours
1136 1326 124 59 make
1289 1324 134 61 night.
1483 1320 121 65 Take

281 1404 128 43 them,
436 1402 100 49 they
563 1414 70 37 are
660 1398 221 53 separated
908 1397 118 54 from'
1048 1392 71 59 the
1146 1393 93 58 day.
1299 1390 40 61 A
1366 1390 239 61 firmament

284 1471 35 39 is
352 1470 136 43 made,
523 1466 103 47 with
659 1473 117 43 posts
811 1463 201 53 standing
1044 1462 41 54 in
1119 1460 72 56 the
1223 1464 154 52 waters'
1410 1454 194 62 dividing

285 1537 72 40 the
390 1543 152 34 waters
579 1534 111 43 from
725 1531 71 46 the
830 1536 165 41 waters.
1057 1525 107 52 God,
1213 1525 98 52 who
1342 1524 35 53 is
1426 1523 92 54 able
1562 1529 45 48 to

287 1617 190 26 measure
500 1609 151 34 waters
675 1599 41 44 in
739 1599 71 44 the
831 1597 156 46 hollow
1011 1595 47 48 of
1079 1592 66 51 his
1167 1592 127 51 hand,
1318 1588 204 55 gathered
1543 1593 60 50 to¬

285 1670 149 50 gether
456 1669 55 51 all
534 1673 166 47 waters,
723 1671 76 49 put
821 1664 115 56 them
958 1663 42 57 in
1025 1675 81 45 one
1125 1660 81 60 bed
1229 1657 84 63 and
1336 1654 132 66 called
1488 1653 117 67 them

289 1752 102 26 seas.
452 1736 92 49 Dry
582 1731 277 54 land—earth
897 1742 119 43 came
1051 1728 45 57 in
1134 1725 138 60 sight;
1311 1735 134 50 grass,
1483 1721 125 64 herbs

287 1804 85 41 and
397 1803 103 42 fruit
523 1808 109 37 trees
656 1813 118 32 came
798 1796 128 49 forth.
986 1792 93 53 The
1102 1792 170 53 volume
1295 1790 49 55 of
1367 1787 184 58 creation
1575 1786 35 59 is

288 1871 84 40 still
413 1868 264 48 incomplete.
751 1862 93 54 The
883 1868 188 48 mystery
1111 1860 35 56 is
1188 1857 84 59 still
1298 1861 131 55 great.
1489 1853 122 63 Look

290 1945 41 33 at
372 1937 72 41 the
486 1933 147 45 fourth
677 1931 116 47 day's
836 1929 131 49 work.
1030 1925 78 53 See
1149 1922 70 56 the
1262 1922 174 56 Creator
1477 1917 135 61 hang¬

291 2006 76 48 ing
394 2017 56 37 up
479 2009 87 45 two
595 2006 119 48 great
744 1994 260 60 lights—the
1032 1998 165 56 greater
1225 1995 44 59 to
1298 1985 90 69 rule
1415 1983 72 71 the
1517 1983 94 71 day,

292 2072 72 39 the
400 2071 127 40 lesser
563 2068 56 48 by
655 2064 133 52 night.
849 2061 71 55 He
954 2059 123 57 made
1113 2057 72 59 the
1219 2060 107 56 stars
1363 2052 99 64 also.
1520 2045 94 71 The

295 2145 186 43 mystery
505 2134 46 54 of
575 2131 184 57 creation
783 2142 102 46 goes
909 2140 54 48 on
985 2124 107 64 until
1115 2121 69 67 the
1209 2125 118 63 great
1349 2116 156 72 whales
1529 2114 105 74 and,

295 2205 121 40 small
449 2202 210 43 minnows
693 2196 82 49 and
808 2194 72 51 the
912 2189 170 56 winged
1116 2186 125 59 fowls
1272 2185 50 60 of
1356 2196 125 49 every
1512 2181 103 64 kind

294 2284 109 28 were
420 2269 135 43 made.
611 2265 161 47 Beasts,
790 2260 125 52 cattle
929 2256 84 56 and
1030 2267 126 45 every
1172 2250 201 62 creeping
1386 2248 124 64 thing
1524 2245 90 67 that

294 2349 148 35 creeps
475 2343 115 41 upon
622 2330 74 54 the
728 2324 129 60 earth.
916 2323 87 61 But
1033 2320 74 64 the
1138 2321 182 63 greatest
1351 2319 186 65 mystery
1569 2311 47 73 of

297 2404 55 40 all
375 2399 187 45 creation
585 2408 88 36 was
695 2392 122 52 when
839 2388 73 56 the
933 2386 168 58 Father,
1128 2382 87 62 Son
1238 2381 83 63 and
1343 2379 116 65 Holy
1483 2378 136 66 Ghost

299 2469 99 40 held
421 2481 24 28 a
467 2461 254 48 convention
744 2459 41 50 in
810 2455 177 54 eternity
1009 2451 84 58 and
1116 2448 173 61 decided
1310 2453 44 56 to
1376 2446 123 63 make
1520 2457 98 52 man
