<?xml version="1.0" encoding="utf-8"?>
<alto xmlns:xlink="http://www.w3.org/1999/xlink" xmlns:xsi="http://www.w3.org/2001/XMLSchema-instance" xsi:schemaLocation="http://www.loc.gov/standards/alto/ns-v2# http://www.loc.gov/standards/alto/alto-v2.0.xsd" xmlns="http://www.loc.gov/standards/alto/ns-v2#">
  <Description>
    <MeasurementUnit>pixel</MeasurementUnit>
    <sourceImageInformation>
      <fileName>0032.tif</fileName>
    </sourceImageInformation>
    <OCRProcessing ID="Processing">
      <ocrProcessingStep>
        <processingStepSettings>Image Resolution:400</processingStepSettings>
        <processingSoftware>
          <softwareCreator>I2S Kirtas</softwareCreator>
          <softwareName>Limb</softwareName>
          <softwareVersion>1.0</softwareVersion>
          <applicationDescription>Abbyy10 OCR Engine</applicationDescription>
        </processingSoftware>
      </ocrProcessingStep>
    </OCRProcessing>
  </Description>
  <Styles>
    <TextStyle ID="StyleId-0" FONTSIZE="10" FONTFAMILY="Arial" />
    <TextStyle ID="StyleId-1" FONTSIZE="7" FONTFAMILY="Times New Roman" />
    <TextStyle ID="StyleId-2" FONTSIZE="9" FONTFAMILY="Times New Roman" />
    <TextStyle ID="StyleId-3" FONTSIZE="8" FONTFAMILY="Times New Roman" />
  </Styles>
  <Layout>
    <Page ID="P31" PHYSICAL_IMG_NR="31" HEIGHT="2800" WIDTH="1900" ACCURACY="0.717433751" QUALITY_DETAIL="213 words, 1145 chars, 800 with recognition greater than 50% (69.87%)">
      <TopMargin ID="P31_TM00001" HPOS="0" VPOS="0" WIDTH="1900" HEIGHT="213" />
      <LeftMargin ID="P31_LM00001" HPOS="0" VPOS="213" WIDTH="275" HEIGHT="2026" />
      <RightMargin ID="P31_RM00001" HPOS="1637" VPOS="213" WIDTH="263" HEIGHT="2026" />
      <BottomMargin ID="P31_BM00001" HPOS="0" VPOS="2239" WIDTH="1900" HEIGHT="561" />
      <PrintSpace ID="P31_PS00001" HPOS="275" VPOS="213" WIDTH="1362" HEIGHT="2026">
        <TextBlock ID="P31_TB00001" HPOS="277" VPOS="213" WIDTH="73" HEIGHT="56">
          <TextLine ID="P31_TL00001" HPOS="285" VPOS="221" WIDTH="57" HEIGHT="40">
            <String ID="P31_S00001" HPOS="285" VPOS="221" WIDTH="57" HEIGHT="41" STYLEREFS="StyleId-0" CONTENT="30" WC="0.33" CC="67" />
          </TextLine>
        </TextBlock>
        <TextBlock ID="P31_TB00002" HPOS="630" VPOS="219" WIDTH="646" HEIGHT="42">
          <TextLine ID="P31_TL00002" HPOS="638" VPOS="227" WIDTH="630" HEIGHT="26">
            <String ID="P31_S00002" HPOS="638" VPOS="227" WIDTH="247" HEIGHT="31" STYLEREFS="StyleId-1" CONTENT="AFRICAN" WC="0.578571439" CC="0583038" />
            <SP ID="P31_SP00001" WIDTH="0" HPOS="0" VPOS="0" />
            <String ID="P31_S00003" HPOS="925" VPOS="222" WIDTH="343" HEIGHT="36" STYLEREFS="StyleId-1" CONTENT="METHODISM." WC="0.532" CC="6766420580" />
          </TextLine>
        </TextBlock>
        <TextBlock ID="P31_TB00003" HPOS="277" VPOS="333" WIDTH="1360" HEIGHT="1906">
          <TextLine ID="P31_TL00003" HPOS="344" VPOS="340" WIDTH="1261" HEIGHT="44">
            <String ID="P31_S00004" HPOS="344" VPOS="346" WIDTH="69" HEIGHT="40" STYLEREFS="StyleId-2" CONTENT="On" WC="1" CC="00" />
            <SP ID="P31_SP00002" WIDTH="0" HPOS="0" VPOS="0" />
            <String ID="P31_S00005" HPOS="445" VPOS="346" WIDTH="98" HEIGHT="51" STYLEREFS="StyleId-2" CONTENT="July" WC="0.46" CC="5716" />
            <SP ID="P31_SP00003" WIDTH="0" HPOS="0" VPOS="0" />
            <String ID="P31_S00006" HPOS="575" VPOS="354" WIDTH="64" HEIGHT="43" STYLEREFS="StyleId-2" CONTENT="25," WC="0.86" CC="004" />
            <SP ID="P31_SP00004" WIDTH="0" HPOS="0" VPOS="0" />
            <String ID="P31_S00007" HPOS="676" VPOS="343" WIDTH="115" HEIGHT="54" STYLEREFS="StyleId-2" CONTENT="1868," WC="0.712" CC="05063" />
            <SP ID="P31_SP00005" WIDTH="0" HPOS="0" VPOS="0" />
            <String ID="P31_S00008" HPOS="824" VPOS="343" WIDTH="41" HEIGHT="54" STYLEREFS="StyleId-2" CONTENT="in" WC="0.39" CC="65" />
            <SP ID="P31_SP00006" WIDTH="0" HPOS="0" VPOS="0" />
            <String ID="P31_S00009" HPOS="900" VPOS="340" WIDTH="151" HEIGHT="57" STYLEREFS="StyleId-2" CONTENT="Selma," WC="0.8016667" CC="603010" />
            <SP ID="P31_SP00007" WIDTH="0" HPOS="0" VPOS="0" />
            <String ID="P31_S00010" HPOS="1085" VPOS="338" WIDTH="107" HEIGHT="59" STYLEREFS="StyleId-2" CONTENT="Ala.," WC="0.648" CC="05803" />
            <SP ID="P31_SP00008" WIDTH="0" HPOS="0" VPOS="0" />
            <String ID="P31_S00011" HPOS="1224" VPOS="337" WIDTH="70" HEIGHT="60" STYLEREFS="StyleId-2" CONTENT="the" WC="0.603333354" CC="470" />
            <SP ID="P31_SP00009" WIDTH="0" HPOS="0" VPOS="0" />
            <String ID="P31_S00012" HPOS="1325" VPOS="334" WIDTH="92" HEIGHT="63" STYLEREFS="StyleId-2" CONTENT="first" WC="0.61" CC="77400" />
            <SP ID="P31_SP00010" WIDTH="0" HPOS="0" VPOS="0" />
            <String ID="P31_S00013" HPOS="1448" VPOS="326" WIDTH="157" HEIGHT="71" STYLEREFS="StyleId-2" CONTENT="annual" WC="0.56" CC="027754" />
          </TextLine>
          <TextLine ID="P31_TL00004" HPOS="288" VPOS="408" WIDTH="1320" HEIGHT="42">
            <String ID="P31_S00014" HPOS="288" VPOS="413" WIDTH="264" HEIGHT="39" STYLEREFS="StyleId-2" CONTENT="Conference" WC="0.848" CC="1054000300" />
            <SP ID="P31_SP00011" WIDTH="0" HPOS="0" VPOS="0" />
            <String ID="P31_S00015" HPOS="584" VPOS="424" WIDTH="86" HEIGHT="28" STYLEREFS="StyleId-2" CONTENT="was" WC="0.7733333" CC="600" />
            <SP ID="P31_SP00012" WIDTH="0" HPOS="0" VPOS="0" />
            <String ID="P31_S00016" HPOS="705" VPOS="407" WIDTH="240" HEIGHT="52" STYLEREFS="StyleId-2" CONTENT="organized." WC="0.784" CC="2073061000" />
            <SP ID="P31_SP00013" WIDTH="0" HPOS="0" VPOS="0" />
            <String ID="P31_S00017" HPOS="1004" VPOS="403" WIDTH="92" HEIGHT="56" STYLEREFS="StyleId-2" CONTENT="The" WC="0.626666665" CC="740" />
            <SP ID="P31_SP00014" WIDTH="0" HPOS="0" VPOS="0" />
            <String ID="P31_S00018" HPOS="1130" VPOS="403" WIDTH="102" HEIGHT="56" STYLEREFS="StyleId-2" CONTENT="Rev." WC="0.8575" CC="0050" />
            <SP ID="P31_SP00015" WIDTH="0" HPOS="0" VPOS="0" />
            <String ID="P31_S00019" HPOS="1268" VPOS="399" WIDTH="133" HEIGHT="60" STYLEREFS="StyleId-2" CONTENT="Louis" WC="0.598" CC="70750" />
            <SP ID="P31_SP00016" WIDTH="0" HPOS="0" VPOS="0" />
            <String ID="P31_S00020" HPOS="1436" VPOS="394" WIDTH="172" HEIGHT="65" STYLEREFS="StyleId-2" CONTENT="Hillary" WC="0.518571436" CC="15442410" />
          </TextLine>
          <TextLine ID="P31_TL00005" HPOS="289" VPOS="472" WIDTH="1321" HEIGHT="43">
            <String ID="P31_S00021" HPOS="289" VPOS="480" WIDTH="83" HEIGHT="39" STYLEREFS="StyleId-2" CONTENT="and" WC="0.386666656" CC="755" />
            <SP ID="P31_SP00017" WIDTH="0" HPOS="0" VPOS="0" />
            <String ID="P31_S00022" HPOS="402" VPOS="479" WIDTH="103" HEIGHT="40" STYLEREFS="StyleId-2" CONTENT="Rev." WC="0.8275" CC="2040" />
            <SP ID="P31_SP00018" WIDTH="0" HPOS="0" VPOS="0" />
            <String ID="P31_S00023" HPOS="536" VPOS="478" WIDTH="51" HEIGHT="41" STYLEREFS="StyleId-2" CONTENT="R." WC="1" CC="00" />
            <SP ID="P31_SP00019" WIDTH="0" HPOS="0" VPOS="0" />
            <String ID="P31_S00024" HPOS="619" VPOS="477" WIDTH="47" HEIGHT="42" STYLEREFS="StyleId-2" CONTENT="B." WC="0.685" CC="60" />
            <SP ID="P31_SP00020" WIDTH="0" HPOS="0" VPOS="0" />
            <String ID="P31_S00025" HPOS="699" VPOS="475" WIDTH="146" HEIGHT="49" STYLEREFS="StyleId-2" CONTENT="Bailey" WC="0.738333344" CC="505500" />
            <SP ID="P31_SP00021" WIDTH="0" HPOS="0" VPOS="0" />
            <String ID="P31_S00026" HPOS="874" VPOS="485" WIDTH="112" HEIGHT="39" STYLEREFS="StyleId-2" CONTENT="were" WC="0.745" CC="4060" />
            <SP ID="P31_SP00022" WIDTH="0" HPOS="0" VPOS="0" />
            <String ID="P31_S00027" HPOS="1013" VPOS="472" WIDTH="70" HEIGHT="52" STYLEREFS="StyleId-2" CONTENT="the" WC="0.853333354" CC="040" />
            <SP ID="P31_SP00023" WIDTH="0" HPOS="0" VPOS="0" />
            <String ID="P31_S00028" HPOS="1112" VPOS="470" WIDTH="90" HEIGHT="54" STYLEREFS="StyleId-2" CONTENT="first" WC="0.83" CC="00008" />
            <SP ID="P31_SP00024" WIDTH="0" HPOS="0" VPOS="0" />
            <String ID="P31_S00029" HPOS="1233" VPOS="464" WIDTH="256" HEIGHT="60" STYLEREFS="StyleId-2" CONTENT="secretaries." WC="0.94416666" CC="000000003003" />
            <SP ID="P31_SP00025" WIDTH="0" HPOS="0" VPOS="0" />
            <String ID="P31_S00030" HPOS="1549" VPOS="458" WIDTH="60" HEIGHT="66" STYLEREFS="StyleId-2" CONTENT="At" WC="0.5" CC="010" />
          </TextLine>
          <TextLine ID="P31_TL00006" HPOS="290" VPOS="542" WIDTH="1320" HEIGHT="36">
            <String ID="P31_S00031" HPOS="290" VPOS="545" WIDTH="88" HEIGHT="39" STYLEREFS="StyleId-2" CONTENT="that" WC="0.695" CC="0605" />
            <SP ID="P31_SP00026" WIDTH="0" HPOS="0" VPOS="0" />
            <String ID="P31_S00032" HPOS="402" VPOS="545" WIDTH="101" HEIGHT="39" STYLEREFS="StyleId-2" CONTENT="time" WC="0.66" CC="7420" />
            <SP ID="P31_SP00027" WIDTH="0" HPOS="0" VPOS="0" />
            <String ID="P31_S00033" HPOS="527" VPOS="557" WIDTH="64" HEIGHT="27" STYLEREFS="StyleId-2" CONTENT="we" WC="0.94" CC="01" />
            <SP ID="P31_SP00028" WIDTH="0" HPOS="0" VPOS="0" />
            <String ID="P31_S00034" HPOS="614" VPOS="542" WIDTH="84" HEIGHT="42" STYLEREFS="StyleId-2" CONTENT="had" WC="1" CC="000" />
            <SP ID="P31_SP00029" WIDTH="0" HPOS="0" VPOS="0" />
            <String ID="P31_S00035" HPOS="723" VPOS="540" WIDTH="25" HEIGHT="44" STYLEREFS="StyleId-2" CONTENT="6" WC="1" CC="0" />
            <SP ID="P31_SP00030" WIDTH="0" HPOS="0" VPOS="0" />
            <String ID="P31_S00036" HPOS="773" VPOS="537" WIDTH="203" HEIGHT="47" STYLEREFS="StyleId-2" CONTENT="churches" WC="0.9125" CC="00150000" />
            <SP ID="P31_SP00031" WIDTH="0" HPOS="0" VPOS="0" />
            <String ID="P31_S00037" HPOS="1001" VPOS="535" WIDTH="84" HEIGHT="49" STYLEREFS="StyleId-2" CONTENT="and" WC="0.74" CC="502" />
            <SP ID="P31_SP00032" WIDTH="0" HPOS="0" VPOS="0" />
            <String ID="P31_S00038" HPOS="1111" VPOS="545" WIDTH="46" HEIGHT="39" STYLEREFS="StyleId-2" CONTENT="31" WC="0.535" CC="54" />
            <SP ID="P31_SP00033" WIDTH="0" HPOS="0" VPOS="0" />
            <String ID="P31_S00039" HPOS="1186" VPOS="531" WIDTH="210" HEIGHT="53" STYLEREFS="StyleId-2" CONTENT="missions," WC="0.7188889" CC="151074104" />
            <SP ID="P31_SP00034" WIDTH="0" HPOS="0" VPOS="0" />
            <String ID="P31_S00040" HPOS="1421" VPOS="541" WIDTH="99" HEIGHT="43" STYLEREFS="StyleId-2" CONTENT="now" WC="0.5" CC="077" />
            <SP ID="P31_SP00035" WIDTH="0" HPOS="0" VPOS="0" />
            <String ID="P31_S00041" HPOS="1546" VPOS="538" WIDTH="64" HEIGHT="46" STYLEREFS="StyleId-2" CONTENT="we" WC="1" CC="00" />
          </TextLine>
          <TextLine ID="P31_TL00007" HPOS="290" VPOS="606" WIDTH="1319" HEIGHT="32">
            <String ID="P31_S00042" HPOS="290" VPOS="612" WIDTH="106" HEIGHT="37" STYLEREFS="StyleId-2" CONTENT="have" WC="0.955" CC="0001" />
            <SP ID="P31_SP00036" WIDTH="0" HPOS="0" VPOS="0" />
            <String ID="P31_S00043" HPOS="412" VPOS="633" WIDTH="73" HEIGHT="16" STYLEREFS="StyleId-2" CONTENT="—" WC="0.1" CC="9" />
            <SP ID="P31_SP00037" WIDTH="0" HPOS="0" VPOS="0" />
            <String ID="P31_S00044" HPOS="505" VPOS="607" WIDTH="202" HEIGHT="42" STYLEREFS="StyleId-2" CONTENT="churches" WC="0.86375" CC="00700030" />
            <SP ID="P31_SP00038" WIDTH="0" HPOS="0" VPOS="0" />
            <String ID="P31_S00045" HPOS="726" VPOS="605" WIDTH="83" HEIGHT="44" STYLEREFS="StyleId-2" CONTENT="and" WC="1" CC="000" />
            <SP ID="P31_SP00039" WIDTH="0" HPOS="0" VPOS="0" />
            <String ID="P31_S00046" HPOS="825" VPOS="627" WIDTH="73" HEIGHT="22" STYLEREFS="StyleId-2" CONTENT="—" WC="0.1" CC="9" />
            <SP ID="P31_SP00040" WIDTH="0" HPOS="0" VPOS="0" />
            <String ID="P31_S00047" HPOS="917" VPOS="602" WIDTH="196" HEIGHT="47" STYLEREFS="StyleId-2" CONTENT="missions" WC="0.8075" CC="06003500" />
            <SP ID="P31_SP00041" WIDTH="0" HPOS="0" VPOS="0" />
            <String ID="P31_S00048" HPOS="1129" VPOS="613" WIDTH="7" HEIGHT="36" STYLEREFS="StyleId-2" CONTENT=";" WC="0.32" CC="6" />
            <SP ID="P31_SP00042" WIDTH="0" HPOS="0" VPOS="0" />
            <String ID="P31_S00049" HPOS="1157" VPOS="605" WIDTH="40" HEIGHT="44" STYLEREFS="StyleId-2" CONTENT="at" WC="0.5" CC="010" />
            <SP ID="P31_SP00043" WIDTH="0" HPOS="0" VPOS="0" />
            <String ID="P31_S00050" HPOS="1215" VPOS="598" WIDTH="91" HEIGHT="51" STYLEREFS="StyleId-2" CONTENT="that" WC="1" CC="0000" />
            <SP ID="P31_SP00044" WIDTH="0" HPOS="0" VPOS="0" />
            <String ID="P31_S00051" HPOS="1323" VPOS="597" WIDTH="103" HEIGHT="52" STYLEREFS="StyleId-2" CONTENT="time" WC="0.6275" CC="5720" />
            <SP ID="P31_SP00045" WIDTH="0" HPOS="0" VPOS="0" />
            <String ID="P31_S00052" HPOS="1442" VPOS="608" WIDTH="65" HEIGHT="41" STYLEREFS="StyleId-2" CONTENT="we" WC="1" CC="00" />
            <SP ID="P31_SP00046" WIDTH="0" HPOS="0" VPOS="0" />
            <String ID="P31_S00053" HPOS="1523" VPOS="591" WIDTH="86" HEIGHT="58" STYLEREFS="StyleId-2" CONTENT="had" WC="0.6766667" CC="720" />
          </TextLine>
          <TextLine ID="P31_TL00008" HPOS="292" VPOS="671" WIDTH="1317" HEIGHT="41">
            <String ID="P31_S00054" HPOS="293" VPOS="676" WIDTH="120" HEIGHT="51" STYLEREFS="StyleId-2" CONTENT="5,617" WC="0.584" CC="514010" />
            <SP ID="P31_SP00047" WIDTH="0" HPOS="0" VPOS="0" />
            <String ID="P31_S00055" HPOS="434" VPOS="674" WIDTH="219" HEIGHT="53" STYLEREFS="StyleId-2" CONTENT="members," WC="0.8725" CC="00060003" />
            <SP ID="P31_SP00048" WIDTH="0" HPOS="0" VPOS="0" />
            <String ID="P31_S00056" HPOS="676" VPOS="671" WIDTH="83" HEIGHT="56" STYLEREFS="StyleId-2" CONTENT="and" WC="1" CC="000" />
            <SP ID="P31_SP00049" WIDTH="0" HPOS="0" VPOS="0" />
            <String ID="P31_S00057" HPOS="780" VPOS="683" WIDTH="95" HEIGHT="44" STYLEREFS="StyleId-2" CONTENT="now" WC="0.5733333" CC="515" />
            <SP ID="P31_SP00050" WIDTH="0" HPOS="0" VPOS="0" />
            <String ID="P31_S00058" HPOS="899" VPOS="681" WIDTH="62" HEIGHT="46" STYLEREFS="StyleId-2" CONTENT="we" WC="0.835" CC="30" />
            <SP ID="P31_SP00051" WIDTH="0" HPOS="0" VPOS="0" />
            <String ID="P31_S00059" HPOS="979" VPOS="666" WIDTH="109" HEIGHT="61" STYLEREFS="StyleId-2" CONTENT="have" WC="0.8125" CC="7000" />
            <SP ID="P31_SP00052" WIDTH="0" HPOS="0" VPOS="0" />
            <String ID="P31_S00060" HPOS="1112" VPOS="674" WIDTH="171" HEIGHT="53" STYLEREFS="StyleId-2" CONTENT="57,000;" WC="0.4857143" CC="7690660" />
            <SP ID="P31_SP00053" WIDTH="0" HPOS="0" VPOS="0" />
            <String ID="P31_S00061" HPOS="1304" VPOS="675" WIDTH="79" HEIGHT="52" STYLEREFS="StyleId-2" CONTENT="cur" WC="0.486666679" CC="582" />
            <SP ID="P31_SP00054" WIDTH="0" HPOS="0" VPOS="0" />
            <String ID="P31_S00062" HPOS="1404" VPOS="658" WIDTH="205" HEIGHT="69" STYLEREFS="StyleId-2" CONTENT="churches" WC="0.78375" CC="00600630" />
          </TextLine>
          <TextLine ID="P31_TL00009" HPOS="292" VPOS="739" WIDTH="1317" HEIGHT="37">
            <String ID="P31_S00063" HPOS="292" VPOS="756" WIDTH="111" HEIGHT="25" STYLEREFS="StyleId-2" CONTENT="were" WC="0.75" CC="10000" />
            <SP ID="P31_SP00055" WIDTH="0" HPOS="0" VPOS="0" />
            <String ID="P31_S00064" HPOS="432" VPOS="739" WIDTH="152" HEIGHT="42" STYLEREFS="StyleId-2" CONTENT="valued" WC="0.848333359" CC="001700" />
            <SP ID="P31_SP00056" WIDTH="0" HPOS="0" VPOS="0" />
            <String ID="P31_S00065" HPOS="613" VPOS="745" WIDTH="42" HEIGHT="36" STYLEREFS="StyleId-2" CONTENT="at" WC="0.95" CC="01" />
            <SP ID="P31_SP00057" WIDTH="0" HPOS="0" VPOS="0" />
            <String ID="P31_S00066" HPOS="684" VPOS="737" WIDTH="163" HEIGHT="49" STYLEREFS="StyleId-2" CONTENT="$5,350," WC="0.6185714" CC="4362054" />
            <SP ID="P31_SP00058" WIDTH="0" HPOS="0" VPOS="0" />
            <String ID="P31_S00067" HPOS="890" VPOS="747" WIDTH="98" HEIGHT="39" STYLEREFS="StyleId-2" CONTENT="now" WC="1" CC="000" />
            <SP ID="P31_SP00059" WIDTH="0" HPOS="0" VPOS="0" />
            <String ID="P31_S00068" HPOS="1031" VPOS="730" WIDTH="72" HEIGHT="56" STYLEREFS="StyleId-2" CONTENT="the" WC="1" CC="000" />
            <SP ID="P31_SP00060" WIDTH="0" HPOS="0" VPOS="0" />
            <String ID="P31_S00069" HPOS="1144" VPOS="729" WIDTH="124" HEIGHT="57" STYLEREFS="StyleId-2" CONTENT="value" WC="0.796" CC="00360" />
            <SP ID="P31_SP00061" WIDTH="0" HPOS="0" VPOS="0" />
            <String ID="P31_S00070" HPOS="1312" VPOS="728" WIDTH="34" HEIGHT="58" STYLEREFS="StyleId-2" CONTENT="is" WC="0.905" CC="10" />
            <SP ID="P31_SP00062" WIDTH="0" HPOS="0" VPOS="0" />
            <String ID="P31_S00071" HPOS="1391" VPOS="727" WIDTH="217" HEIGHT="59" STYLEREFS="StyleId-2" CONTENT="$340,000." WC="0.5922222" CC="666540411" />
          </TextLine>
          <TextLine ID="P31_TL00010" HPOS="295" VPOS="803" WIDTH="1317" HEIGHT="36">
            <String ID="P31_S00072" HPOS="295" VPOS="806" WIDTH="216" HEIGHT="41" STYLEREFS="StyleId-2" CONTENT="Churches" WC="0.77" CC="30680000" />
            <SP ID="P31_SP00063" WIDTH="0" HPOS="0" VPOS="0" />
            <String ID="P31_S00073" HPOS="546" VPOS="817" WIDTH="110" HEIGHT="30" STYLEREFS="StyleId-2" CONTENT="wTere" WC="0.648" CC="107000" />
            <SP ID="P31_SP00064" WIDTH="0" HPOS="0" VPOS="0" />
            <String ID="P31_S00074" HPOS="691" VPOS="802" WIDTH="99" HEIGHT="45" STYLEREFS="StyleId-2" CONTENT="then" WC="0.9725" CC="1000" />
            <SP ID="P31_SP00065" WIDTH="0" HPOS="0" VPOS="0" />
            <String ID="P31_S00075" HPOS="826" VPOS="799" WIDTH="164" HEIGHT="48" STYLEREFS="StyleId-2" CONTENT="located" WC="0.8385714" CC="3060000" />
            <SP ID="P31_SP00066" WIDTH="0" HPOS="0" VPOS="0" />
            <String ID="P31_S00076" HPOS="1025" VPOS="804" WIDTH="42" HEIGHT="43" STYLEREFS="StyleId-2" CONTENT="at" WC="1" CC="00" />
            <SP ID="P31_SP00067" WIDTH="0" HPOS="0" VPOS="0" />
            <String ID="P31_S00077" HPOS="1104" VPOS="795" WIDTH="153" HEIGHT="52" STYLEREFS="StyleId-2" CONTENT="Selma," WC="0.78" CC="002901" />
            <SP ID="P31_SP00068" WIDTH="0" HPOS="0" VPOS="0" />
            <String ID="P31_S00078" HPOS="1295" VPOS="792" WIDTH="200" HEIGHT="55" STYLEREFS="StyleId-2" CONTENT="Eufaula," WC="0.48625" CC="76305484" />
            <SP ID="P31_SP00069" WIDTH="0" HPOS="0" VPOS="0" />
            <String ID="P31_S00079" HPOS="1534" VPOS="790" WIDTH="78" HEIGHT="57" STYLEREFS="StyleId-2" CONTENT="Ca-" WC="0.49333334" CC="364" />
          </TextLine>
          <TextLine ID="P31_TL00011" HPOS="292" VPOS="871" WIDTH="1320" HEIGHT="37">
            <String ID="P31_S00080" HPOS="292" VPOS="874" WIDTH="121" HEIGHT="43" STYLEREFS="StyleId-2" CONTENT="haba," WC="0.38" CC="810713" />
            <SP ID="P31_SP00070" WIDTH="0" HPOS="0" VPOS="0" />
            <String ID="P31_S00081" HPOS="446" VPOS="866" WIDTH="369" HEIGHT="51" STYLEREFS="StyleId-2" CONTENT="Greensborough," WC="0.753571451" CC="04302063025070" />
            <SP ID="P31_SP00071" WIDTH="0" HPOS="0" VPOS="0" />
            <String ID="P31_S00082" HPOS="845" VPOS="865" WIDTH="204" HEIGHT="52" STYLEREFS="StyleId-2" CONTENT="Florence" WC="0.72625" CC="60420008" />
            <SP ID="P31_SP00072" WIDTH="0" HPOS="0" VPOS="0" />
            <String ID="P31_S00083" HPOS="1077" VPOS="863" WIDTH="83" HEIGHT="54" STYLEREFS="StyleId-2" CONTENT="and" WC="0.483333319" CC="950" />
            <SP ID="P31_SP00073" WIDTH="0" HPOS="0" VPOS="0" />
            <String ID="P31_S00084" HPOS="1190" VPOS="861" WIDTH="192" HEIGHT="56" STYLEREFS="StyleId-2" CONTENT="Opelika." WC="0.86125" CC="72010000" />
            <SP ID="P31_SP00074" WIDTH="0" HPOS="0" VPOS="0" />
            <String ID="P31_S00085" HPOS="1443" VPOS="859" WIDTH="58" HEIGHT="58" STYLEREFS="StyleId-2" CONTENT="At" WC="1" CC="00" />
            <SP ID="P31_SP00075" WIDTH="0" HPOS="0" VPOS="0" />
            <String ID="P31_S00086" HPOS="1529" VPOS="857" WIDTH="83" HEIGHT="60" STYLEREFS="StyleId-2" CONTENT="this" WC="0.74" CC="0370" />
          </TextLine>
          <TextLine ID="P31_TL00012" HPOS="296" VPOS="938" WIDTH="1316" HEIGHT="35">
            <String ID="P31_S00087" HPOS="296" VPOS="940" WIDTH="264" HEIGHT="39" STYLEREFS="StyleId-2" CONTENT="Conference" WC="0.88" CC="0701000300" />
            <SP ID="P31_SP00076" WIDTH="0" HPOS="0" VPOS="0" />
            <String ID="P31_S00088" HPOS="580" VPOS="950" WIDTH="62" HEIGHT="29" STYLEREFS="StyleId-2" CONTENT="we" WC="0.5" CC="100" />
            <SP ID="P31_SP00077" WIDTH="0" HPOS="0" VPOS="0" />
            <String ID="P31_S00089" HPOS="663" VPOS="935" WIDTH="84" HEIGHT="44" STYLEREFS="StyleId-2" CONTENT="had" WC="1" CC="000" />
            <SP ID="P31_SP00078" WIDTH="0" HPOS="0" VPOS="0" />
            <String ID="P31_S00090" HPOS="768" VPOS="934" WIDTH="80" HEIGHT="45" STYLEREFS="StyleId-2" CONTENT="five" WC="0.655" CC="2290" />
            <SP ID="P31_SP00079" WIDTH="0" HPOS="0" VPOS="0" />
            <String ID="P31_S00091" HPOS="869" VPOS="931" WIDTH="211" HEIGHT="48" STYLEREFS="StyleId-2" CONTENT="traveling" WC="0.7588889" CC="220005604" />
            <SP ID="P31_SP00080" WIDTH="0" HPOS="0" VPOS="0" />
            <String ID="P31_S00092" HPOS="1100" VPOS="929" WIDTH="150" HEIGHT="50" STYLEREFS="StyleId-2" CONTENT="Elders" WC="0.673333347" CC="666000" />
            <SP ID="P31_SP00081" WIDTH="0" HPOS="0" VPOS="0" />
            <String ID="P31_S00093" HPOS="1279" VPOS="928" WIDTH="121" HEIGHT="51" STYLEREFS="StyleId-2" CONTENT="(now" WC="0.475" CC="7507" />
            <SP ID="P31_SP00082" WIDTH="0" HPOS="0" VPOS="0" />
            <String ID="P31_S00094" HPOS="1421" VPOS="939" WIDTH="64" HEIGHT="40" STYLEREFS="StyleId-2" CONTENT="we" WC="1" CC="00" />
            <SP ID="P31_SP00083" WIDTH="0" HPOS="0" VPOS="0" />
            <String ID="P31_S00095" HPOS="1504" VPOS="926" WIDTH="108" HEIGHT="53" STYLEREFS="StyleId-2" CONTENT="have" WC="0.6" CC="0807" />
          </TextLine>
          <TextLine ID="P31_TL00013" HPOS="293" VPOS="1005" WIDTH="1319" HEIGHT="33">
            <SP ID="P31_SP00084" WIDTH="0" HPOS="0" VPOS="0" />
            <String ID="P31_S00096" HPOS="526" VPOS="1005" WIDTH="33" HEIGHT="45" STYLEREFS="StyleId-2" CONTENT=")," WC="0.45" CC="73" />
            <SP ID="P31_SP00085" WIDTH="0" HPOS="0" VPOS="0" />
            <String ID="P31_S00097" HPOS="581" VPOS="1009" WIDTH="69" HEIGHT="41" STYLEREFS="StyleId-2" CONTENT="ten" WC="1" CC="000" />
            <SP ID="P31_SP00086" WIDTH="0" HPOS="0" VPOS="0" />
            <String ID="P31_S00098" HPOS="672" VPOS="999" WIDTH="210" HEIGHT="51" STYLEREFS="StyleId-2" CONTENT="traveling-" WC="0.672" CC="9100005474" />
            <SP ID="P31_SP00087" WIDTH="0" HPOS="0" VPOS="0" />
            <String ID="P31_S00099" HPOS="904" VPOS="999" WIDTH="179" HEIGHT="51" STYLEREFS="StyleId-2" CONTENT="deacons" WC="0.731428564" CC="0059300" />
            <SP ID="P31_SP00088" WIDTH="0" HPOS="0" VPOS="0" />
            <String ID="P31_S00100" HPOS="1107" VPOS="996" WIDTH="83" HEIGHT="54" STYLEREFS="StyleId-2" CONTENT="and" WC="0.886666656" CC="030" />
            <SP ID="P31_SP00089" WIDTH="0" HPOS="0" VPOS="0" />
            <String ID="P31_S00101" HPOS="1212" VPOS="1008" WIDTH="125" HEIGHT="42" STYLEREFS="StyleId-2" CONTENT="seven" WC="0.948" CC="00002" />
            <SP ID="P31_SP00090" WIDTH="0" HPOS="0" VPOS="0" />
            <String ID="P31_S00102" HPOS="1360" VPOS="994" WIDTH="252" HEIGHT="56" STYLEREFS="StyleId-2" CONTENT="licentiates;" WC="0.83" CC="440060400000" />
          </TextLine>
          <TextLine ID="P31_TL00014" HPOS="297" VPOS="1071" WIDTH="1316" HEIGHT="30">
            <String ID="P31_S00103" HPOS="297" VPOS="1074" WIDTH="119" HEIGHT="38" STYLEREFS="StyleId-2" CONTENT="three" WC="0.934" CC="20000" />
            <SP ID="P31_SP00091" WIDTH="0" HPOS="0" VPOS="0" />
            <String ID="P31_S00104" HPOS="449" VPOS="1071" WIDTH="47" HEIGHT="41" STYLEREFS="StyleId-2" CONTENT="of" WC="0.835" CC="03" />
            <SP ID="P31_SP00092" WIDTH="0" HPOS="0" VPOS="0" />
            <String ID="P31_S00105" HPOS="530" VPOS="1070" WIDTH="117" HEIGHT="42" STYLEREFS="StyleId-2" CONTENT="these" WC="0.662" CC="07270" />
            <SP ID="P31_SP00093" WIDTH="0" HPOS="0" VPOS="0" />
            <String ID="P31_S00106" HPOS="683" VPOS="1066" WIDTH="151" HEIGHT="46" STYLEREFS="StyleId-2" CONTENT="Elders" WC="0.765" CC="600007" />
            <SP ID="P31_SP00094" WIDTH="0" HPOS="0" VPOS="0" />
            <String ID="P31_S00107" HPOS="870" VPOS="1065" WIDTH="83" HEIGHT="47" STYLEREFS="StyleId-2" CONTENT="and" WC="0.8666667" CC="040" />
            <SP ID="P31_SP00095" WIDTH="0" HPOS="0" VPOS="0" />
            <String ID="P31_S00108" HPOS="986" VPOS="1064" WIDTH="99" HEIGHT="48" STYLEREFS="StyleId-2" CONTENT="nine" WC="0.6425" CC="2380" />
            <SP ID="P31_SP00096" WIDTH="0" HPOS="0" VPOS="0" />
            <String ID="P31_S00109" HPOS="1120" VPOS="1064" WIDTH="179" HEIGHT="48" STYLEREFS="StyleId-2" CONTENT="deacons" WC="0.9057143" CC="0000600" />
            <SP ID="P31_SP00097" WIDTH="0" HPOS="0" VPOS="0" />
            <String ID="P31_S00110" HPOS="1334" VPOS="1072" WIDTH="110" HEIGHT="40" STYLEREFS="StyleId-2" CONTENT="were" WC="0.99" CC="0000" />
            <SP ID="P31_SP00098" WIDTH="0" HPOS="0" VPOS="0" />
            <String ID="P31_S00111" HPOS="1478" VPOS="1065" WIDTH="135" HEIGHT="47" STYLEREFS="StyleId-2" CONTENT="trans¬" WC="0.815" CC="010602" />
          </TextLine>
          <TextLine ID="P31_TL00015" HPOS="299" VPOS="1139" WIDTH="1314" HEIGHT="38">
            <String ID="P31_S00112" HPOS="299" VPOS="1139" WIDTH="141" HEIGHT="40" STYLEREFS="StyleId-2" CONTENT="ferred" WC="0.9533333" CC="200000" />
            <SP ID="P31_SP00099" WIDTH="0" HPOS="0" VPOS="0" />
            <String ID="P31_S00113" HPOS="470" VPOS="1138" WIDTH="112" HEIGHT="41" STYLEREFS="StyleId-2" CONTENT="from" WC="0.9425" CC="0200" />
            <SP ID="P31_SP00100" WIDTH="0" HPOS="0" VPOS="0" />
            <String ID="P31_S00114" HPOS="610" VPOS="1136" WIDTH="71" HEIGHT="43" STYLEREFS="StyleId-2" CONTENT="the" WC="0.8566667" CC="040" />
            <SP ID="P31_SP00101" WIDTH="0" HPOS="0" VPOS="0" />
            <String ID="P31_S00115" HPOS="710" VPOS="1134" WIDTH="185" HEIGHT="52" STYLEREFS="StyleId-2" CONTENT="Georgia" WC="0.7385714" CC="1000924" />
            <SP ID="P31_SP00102" WIDTH="0" HPOS="0" VPOS="0" />
            <String ID="P31_S00116" HPOS="923" VPOS="1131" WIDTH="262" HEIGHT="55" STYLEREFS="StyleId-2" CONTENT="Conference" WC="0.774" CC="5081000700" />
            <SP ID="P31_SP00103" WIDTH="0" HPOS="0" VPOS="0" />
            <String ID="P31_S00117" HPOS="1212" VPOS="1137" WIDTH="45" HEIGHT="49" STYLEREFS="StyleId-2" CONTENT="to" WC="0.775" CC="04" />
            <SP ID="P31_SP00104" WIDTH="0" HPOS="0" VPOS="0" />
            <String ID="P31_S00118" HPOS="1282" VPOS="1128" WIDTH="220" HEIGHT="58" STYLEREFS="StyleId-2" CONTENT="Alabama.," WC="0.5322222" CC="0207109471" />
            <SP ID="P31_SP00105" WIDTH="0" HPOS="0" VPOS="0" />
            <String ID="P31_S00119" HPOS="1531" VPOS="1125" WIDTH="82" HEIGHT="61" STYLEREFS="StyleId-2" CONTENT="and" WC="0.52" CC="077" />
          </TextLine>
          <TextLine ID="P31_TL00016" HPOS="298" VPOS="1206" WIDTH="1317" HEIGHT="29">
            <String ID="P31_S00120" HPOS="298" VPOS="1214" WIDTH="87" HEIGHT="32" STYLEREFS="StyleId-2" CONTENT="two" WC="0.766666651" CC="006" />
            <SP ID="P31_SP00106" WIDTH="0" HPOS="0" VPOS="0" />
            <String ID="P31_S00121" HPOS="403" VPOS="1205" WIDTH="152" HEIGHT="42" STYLEREFS="StyleId-2" CONTENT="Elders" WC="0.6483333" CC="950230" />
            <SP ID="P31_SP00107" WIDTH="0" HPOS="0" VPOS="0" />
            <String ID="P31_S00122" HPOS="576" VPOS="1203" WIDTH="84" HEIGHT="44" STYLEREFS="StyleId-2" CONTENT="and" WC="0.933333337" CC="002" />
            <SP ID="P31_SP00108" WIDTH="0" HPOS="0" VPOS="0" />
            <String ID="P31_S00123" HPOS="680" VPOS="1217" WIDTH="79" HEIGHT="30" STYLEREFS="StyleId-2" CONTENT="one" WC="0.78" CC="060" />
            <SP ID="P31_SP00109" WIDTH="0" HPOS="0" VPOS="0" />
            <String ID="P31_S00124" HPOS="781" VPOS="1202" WIDTH="157" HEIGHT="45" STYLEREFS="StyleId-2" CONTENT="deacon" WC="0.7866667" CC="000048" />
            <SP ID="P31_SP00110" WIDTH="0" HPOS="0" VPOS="0" />
            <String ID="P31_S00125" HPOS="961" VPOS="1200" WIDTH="112" HEIGHT="47" STYLEREFS="StyleId-2" CONTENT="from" WC="0.8675" CC="0050" />
            <SP ID="P31_SP00111" WIDTH="0" HPOS="0" VPOS="0" />
            <String ID="P31_S00126" HPOS="1093" VPOS="1197" WIDTH="72" HEIGHT="50" STYLEREFS="StyleId-2" CONTENT="the" WC="0.706666648" CC="170" />
            <SP ID="P31_SP00112" WIDTH="0" HPOS="0" VPOS="0" />
            <String ID="P31_S00127" HPOS="1185" VPOS="1196" WIDTH="230" HEIGHT="51" STYLEREFS="StyleId-2" CONTENT="Louisiana" WC="0.6111111" CC="745305044" />
            <SP ID="P31_SP00113" WIDTH="0" HPOS="0" VPOS="0" />
            <String ID="P31_S00128" HPOS="1436" VPOS="1193" WIDTH="179" HEIGHT="54" STYLEREFS="StyleId-2" CONTENT="Confer¬" WC="0.6842857" CC="1484004" />
          </TextLine>
          <TextLine ID="P31_TL00017" HPOS="300" VPOS="1273" WIDTH="1313" HEIGHT="29">
            <String ID="P31_S00129" HPOS="300" VPOS="1287" WIDTH="109" HEIGHT="27" STYLEREFS="StyleId-2" CONTENT="ence." WC="0.92" CC="04000" />
            <SP ID="P31_SP00114" WIDTH="0" HPOS="0" VPOS="0" />
            <String ID="P31_S00130" HPOS="446" VPOS="1272" WIDTH="141" HEIGHT="43" STYLEREFS="StyleId-2" CONTENT="Selma" WC="0.828" CC="50200" />
            <SP ID="P31_SP00115" WIDTH="0" HPOS="0" VPOS="0" />
            <String ID="P31_S00131" HPOS="608" VPOS="1285" WIDTH="86" HEIGHT="30" STYLEREFS="StyleId-2" CONTENT="was" WC="0.873333335" CC="300" />
            <SP ID="P31_SP00116" WIDTH="0" HPOS="0" VPOS="0" />
            <String ID="P31_S00132" HPOS="715" VPOS="1268" WIDTH="70" HEIGHT="47" STYLEREFS="StyleId-2" CONTENT="the" WC="0.6666667" CC="0100" />
            <SP ID="P31_SP00117" WIDTH="0" HPOS="0" VPOS="0" />
            <String ID="P31_S00133" HPOS="805" VPOS="1268" WIDTH="215" HEIGHT="47" STYLEREFS="StyleId-2" CONTENT="histoiical" WC="0.795" CC="7100064000" />
            <SP ID="P31_SP00118" WIDTH="0" HPOS="0" VPOS="0" />
            <String ID="P31_S00134" HPOS="1041" VPOS="1272" WIDTH="140" HEIGHT="43" STYLEREFS="StyleId-2" CONTENT="center" WC="0.87833333" CC="005001" />
            <SP ID="P31_SP00119" WIDTH="0" HPOS="0" VPOS="0" />
            <String ID="P31_S00135" HPOS="1202" VPOS="1265" WIDTH="46" HEIGHT="50" STYLEREFS="StyleId-2" CONTENT="of" WC="0.54" CC="44" />
            <SP ID="P31_SP00120" WIDTH="0" HPOS="0" VPOS="0" />
            <String ID="P31_S00136" HPOS="1271" VPOS="1262" WIDTH="240" HEIGHT="53" STYLEREFS="StyleId-2" CONTENT="Alabama's" WC="0.7411111" CC="057006030" />
            <SP ID="P31_SP00121" WIDTH="0" HPOS="0" VPOS="0" />
            <String ID="P31_S00137" HPOS="1533" VPOS="1260" WIDTH="80" HEIGHT="55" STYLEREFS="StyleId-2" CONTENT="Af¬" WC="0.7866667" CC="023" />
          </TextLine>
          <TextLine ID="P31_TL00018" HPOS="301" VPOS="1339" WIDTH="1313" HEIGHT="28">
            <String ID="P31_S00138" HPOS="301" VPOS="1342" WIDTH="112" HEIGHT="39" STYLEREFS="StyleId-2" CONTENT="rican" WC="0.764" CC="000101" />
            <SP ID="P31_SP00122" WIDTH="0" HPOS="0" VPOS="0" />
            <String ID="P31_S00139" HPOS="447" VPOS="1338" WIDTH="273" HEIGHT="43" STYLEREFS="StyleId-2" CONTENT="Methodism." WC="0.764" CC="7256000000" />
            <SP ID="P31_SP00123" WIDTH="0" HPOS="0" VPOS="0" />
            <String ID="P31_S00140" HPOS="782" VPOS="1333" WIDTH="128" HEIGHT="48" STYLEREFS="StyleId-2" CONTENT="From" WC="0.59" CC="7107" />
            <SP ID="P31_SP00124" WIDTH="0" HPOS="0" VPOS="0" />
            <String ID="P31_S00141" HPOS="940" VPOS="1334" WIDTH="75" HEIGHT="47" STYLEREFS="StyleId-2" CONTENT="her" WC="0.68" CC="504" />
            <SP ID="P31_SP00125" WIDTH="0" HPOS="0" VPOS="0" />
            <String ID="P31_S00142" HPOS="1044" VPOS="1338" WIDTH="109" HEIGHT="43" STYLEREFS="StyleId-2" CONTENT="went" WC="0.9125" CC="0300" />
            <SP ID="P31_SP00126" WIDTH="0" HPOS="0" VPOS="0" />
            <String ID="P31_S00143" HPOS="1184" VPOS="1334" WIDTH="71" HEIGHT="47" STYLEREFS="StyleId-2" CONTENT="out" WC="0.456666678" CC="069" />
            <SP ID="P31_SP00127" WIDTH="0" HPOS="0" VPOS="0" />
            <String ID="P31_S00144" HPOS="1285" VPOS="1329" WIDTH="70" HEIGHT="52" STYLEREFS="StyleId-2" CONTENT="the" WC="1" CC="000" />
            <SP ID="P31_SP00128" WIDTH="0" HPOS="0" VPOS="0" />
            <String ID="P31_S00145" HPOS="1386" VPOS="1329" WIDTH="99" HEIGHT="52" STYLEREFS="StyleId-2" CONTENT="four" WC="0.62" CC="4370" />
            <SP ID="P31_SP00129" WIDTH="0" HPOS="0" VPOS="0" />
            <String ID="P31_S00146" HPOS="1515" VPOS="1327" WIDTH="99" HEIGHT="54" STYLEREFS="StyleId-2" CONTENT="Pre¬" WC="0.9875" CC="0000" />
          </TextLine>
          <TextLine ID="P31_TL00019" HPOS="302" VPOS="1407" WIDTH="1312" HEIGHT="36">
            <String ID="P31_S00147" HPOS="302" VPOS="1409" WIDTH="142" HEIGHT="47" STYLEREFS="StyleId-2" CONTENT="siding" WC="0.84" CC="030600" />
            <SP ID="P31_SP00130" WIDTH="0" HPOS="0" VPOS="0" />
            <String ID="P31_S00148" HPOS="467" VPOS="1405" WIDTH="163" HEIGHT="51" STYLEREFS="StyleId-2" CONTENT="Elder's" WC="0.74" CC="7300340" />
            <SP ID="P31_SP00131" WIDTH="0" HPOS="0" VPOS="0" />
            <String ID="P31_S00149" HPOS="656" VPOS="1403" WIDTH="197" HEIGHT="53" STYLEREFS="StyleId-2" CONTENT="Districts" WC="0.858888865" CC="430003010" />
            <SP ID="P31_SP00132" WIDTH="0" HPOS="0" VPOS="0" />
            <String ID="P31_S00150" HPOS="876" VPOS="1409" WIDTH="44" HEIGHT="47" STYLEREFS="StyleId-2" CONTENT="to" WC="0.765" CC="04" />
            <SP ID="P31_SP00133" WIDTH="0" HPOS="0" VPOS="0" />
            <String ID="P31_S00151" HPOS="945" VPOS="1402" WIDTH="53" HEIGHT="54" STYLEREFS="StyleId-2" CONTENT="do" WC="0.81" CC="30" />
            <SP ID="P31_SP00134" WIDTH="0" HPOS="0" VPOS="0" />
            <String ID="P31_S00152" HPOS="1022" VPOS="1400" WIDTH="170" HEIGHT="56" STYLEREFS="StyleId-2" CONTENT="pioneer" WC="0.77" CC="7350000" />
            <SP ID="P31_SP00135" WIDTH="0" HPOS="0" VPOS="0" />
            <String ID="P31_S00153" HPOS="1216" VPOS="1412" WIDTH="47" HEIGHT="44" STYLEREFS="StyleId-2" CONTENT="or" WC="0.785" CC="40" />
            <SP ID="P31_SP00136" WIDTH="0" HPOS="0" VPOS="0" />
            <String ID="P31_S00154" HPOS="1286" VPOS="1395" WIDTH="173" HEIGHT="61" STYLEREFS="StyleId-2" CONTENT="mission" WC="0.7942857" CC="0400045" />
            <SP ID="P31_SP00137" WIDTH="0" HPOS="0" VPOS="0" />
            <String ID="P31_S00155" HPOS="1484" VPOS="1395" WIDTH="130" HEIGHT="61" STYLEREFS="StyleId-2" CONTENT="work," WC="0.8" CC="06300" />
          </TextLine>
          <TextLine ID="P31_TL00020" HPOS="301" VPOS="1472" WIDTH="1316" HEIGHT="41">
            <String ID="P31_S00156" HPOS="301" VPOS="1490" WIDTH="45" HEIGHT="25" STYLEREFS="StyleId-2" CONTENT="as" WC="1" CC="00" />
            <SP ID="P31_SP00138" WIDTH="0" HPOS="0" VPOS="0" />
            <String ID="P31_S00157" HPOS="365" VPOS="1475" WIDTH="37" HEIGHT="40" STYLEREFS="StyleId-2" CONTENT="if" WC="0.395" CC="65" />
            <SP ID="P31_SP00139" WIDTH="0" HPOS="0" VPOS="0" />
            <String ID="P31_S00158" HPOS="419" VPOS="1473" WIDTH="197" HEIGHT="53" STYLEREFS="StyleId-2" CONTENT="pointing" WC="0.33375" CC="708477810" />
            <SP ID="P31_SP00140" WIDTH="0" HPOS="0" VPOS="0" />
            <String ID="P31_S00159" HPOS="634" VPOS="1469" WIDTH="132" HEIGHT="57" STYLEREFS="StyleId-2" CONTENT="to*the" WC="0.6433333" CC="157070" />
            <SP ID="P31_SP00141" WIDTH="0" HPOS="0" VPOS="0" />
            <String ID="P31_S00160" HPOS="787" VPOS="1470" WIDTH="99" HEIGHT="56" STYLEREFS="StyleId-2" CONTENT="four" WC="0.4475" CC="46101" />
            <SP ID="P31_SP00142" WIDTH="0" HPOS="0" VPOS="0" />
            <String ID="P31_S00161" HPOS="903" VPOS="1467" WIDTH="187" HEIGHT="59" STYLEREFS="StyleId-2" CONTENT="cardinal" WC="0.45625" CC="05275796" />
            <SP ID="P31_SP00143" WIDTH="0" HPOS="0" VPOS="0" />
            <String ID="P31_S00162" HPOS="1110" VPOS="1466" WIDTH="151" HEIGHT="60" STYLEREFS="StyleId-2" CONTENT="points." WC="0.7542857" CC="8350000" />
            <SP ID="P31_SP00144" WIDTH="0" HPOS="0" VPOS="0" />
            <String ID="P31_S00163" HPOS="1322" VPOS="1460" WIDTH="92" HEIGHT="66" STYLEREFS="StyleId-2" CONTENT="The" WC="0.51" CC="770" />
            <SP ID="P31_SP00145" WIDTH="0" HPOS="0" VPOS="0" />
            <String ID="P31_S00164" HPOS="1434" VPOS="1460" WIDTH="183" HEIGHT="66" STYLEREFS="StyleId-2" CONTENT="districts" WC="0.74777776" CC="040006046" />
          </TextLine>
          <TextLine ID="P31_TL00021" HPOS="302" VPOS="1540" WIDTH="1316" HEIGHT="38">
            <String ID="P31_S00165" HPOS="302" VPOS="1542" WIDTH="121" HEIGHT="40" STYLEREFS="StyleId-2" CONTENT="stood" WC="0.664" CC="00168" />
            <SP ID="P31_SP00146" WIDTH="0" HPOS="0" VPOS="0" />
            <String ID="P31_S00166" HPOS="449" VPOS="1540" WIDTH="122" HEIGHT="42" STYLEREFS="StyleId-2" CONTENT="then:" WC="0.694" CC="04072" />
            <SP ID="P31_SP00147" WIDTH="0" HPOS="0" VPOS="0" />
            <String ID="P31_S00167" HPOS="634" VPOS="1537" WIDTH="151" HEIGHT="45" STYLEREFS="StyleId-2" CONTENT="Selma," WC="0.7366667" CC="035006" />
            <SP ID="P31_SP00148" WIDTH="0" HPOS="0" VPOS="0" />
            <String ID="P31_S00168" HPOS="815" VPOS="1536" WIDTH="316" HEIGHT="49" STYLEREFS="StyleId-2" CONTENT="Montgomery," WC="0.7590909" CC="10008807000" />
            <SP ID="P31_SP00149" WIDTH="0" HPOS="0" VPOS="0" />
            <String ID="P31_S00169" HPOS="1157" VPOS="1531" WIDTH="144" HEIGHT="54" STYLEREFS="StyleId-2" CONTENT="LTnion" WC="0.366666675" CC="7485102" />
            <SP ID="P31_SP00150" WIDTH="0" HPOS="0" VPOS="0" />
            <String ID="P31_S00170" HPOS="1331" VPOS="1528" WIDTH="178" HEIGHT="57" STYLEREFS="StyleId-2" CONTENT="Springs" WC="0.6542857" CC="00436100" />
            <SP ID="P31_SP00151" WIDTH="0" HPOS="0" VPOS="0" />
            <String ID="P31_S00171" HPOS="1535" VPOS="1526" WIDTH="82" HEIGHT="59" STYLEREFS="StyleId-2" CONTENT="and" WC="0.433333337" CC="0710" />
          </TextLine>
          <TextLine ID="P31_TL00022" HPOS="304" VPOS="1606" WIDTH="755" HEIGHT="45">
            <String ID="P31_S00172" HPOS="304" VPOS="1608" WIDTH="169" HEIGHT="39" STYLEREFS="StyleId-2" CONTENT="Mobile." WC="0.62" CC="6573200" />
            <SP ID="P31_SP00152" WIDTH="0" HPOS="0" VPOS="0" />
            <String ID="P31_S00173" HPOS="534" VPOS="1603" WIDTH="119" HEIGHT="53" STYLEREFS="StyleId-2" CONTENT="They" WC="0.8075" CC="0700" />
            <SP ID="P31_SP00153" WIDTH="0" HPOS="0" VPOS="0" />
            <String ID="P31_S00174" HPOS="686" VPOS="1603" WIDTH="122" HEIGHT="53" STYLEREFS="StyleId-2" CONTENT="stand" WC="0.602" CC="009010" />
            <SP ID="P31_SP00154" WIDTH="0" HPOS="0" VPOS="0" />
            <String ID="P31_S00175" HPOS="841" VPOS="1615" WIDTH="109" HEIGHT="41" STYLEREFS="StyleId-2" CONTENT="now," WC="0.69" CC="8003" />
            <SP ID="P31_SP00155" WIDTH="0" HPOS="0" VPOS="0" />
            <String ID="P31_S00176" HPOS="984" VPOS="1611" WIDTH="75" HEIGHT="45" STYLEREFS="StyleId-2" CONTENT="22:" WC="0.946666658" CC="001" />
          </TextLine>
          <TextLine ID="P31_TL00023" HPOS="360" VPOS="1672" WIDTH="1257" HEIGHT="39">
            <String ID="P31_S00177" HPOS="361" VPOS="1674" WIDTH="231" HEIGHT="40" STYLEREFS="StyleId-3" CONTENT="Alabama" WC="0.417142868" CC="01055387" />
            <SP ID="P31_SP00156" WIDTH="0" HPOS="0" VPOS="0" />
            <String ID="P31_S00178" HPOS="648" VPOS="1669" WIDTH="302" HEIGHT="45" STYLEREFS="StyleId-3" CONTENT="Conference" WC="0.485" CC="0728887008" />
            <SP ID="P31_SP00157" WIDTH="0" HPOS="0" VPOS="0" />
            <String ID="P31_S00179" HPOS="966" VPOS="1680" WIDTH="6" HEIGHT="34" STYLEREFS="StyleId-3" CONTENT=":" WC="1" CC="0" />
            <SP ID="P31_SP00158" WIDTH="0" HPOS="0" VPOS="0" />
            <String ID="P31_S00180" HPOS="1087" VPOS="1665" WIDTH="316" HEIGHT="49" STYLEREFS="StyleId-2" CONTENT="Montgomery," WC="0.701818168" CC="86500170003" />
            <SP ID="P31_SP00159" WIDTH="0" HPOS="0" VPOS="0" />
            <String ID="P31_S00181" HPOS="1473" VPOS="1660" WIDTH="144" HEIGHT="54" STYLEREFS="StyleId-2" CONTENT="Union" WC="0.668" CC="10167" />
          </TextLine>
          <TextLine ID="P31_TL00024" HPOS="306" VPOS="1739" WIDTH="1314" HEIGHT="41">
            <String ID="P31_S00182" HPOS="306" VPOS="1743" WIDTH="190" HEIGHT="50" STYLEREFS="StyleId-2" CONTENT="Springs," WC="0.56125" CC="072771000" />
            <SP ID="P31_SP00160" WIDTH="0" HPOS="0" VPOS="0" />
            <String ID="P31_S00183" HPOS="524" VPOS="1737" WIDTH="199" HEIGHT="56" STYLEREFS="StyleId-2" CONTENT="Eufaula," WC="0.43375" CC="78608823" />
            <SP ID="P31_SP00161" WIDTH="0" HPOS="0" VPOS="0" />
            <String ID="P31_S00184" HPOS="750" VPOS="1735" WIDTH="193" HEIGHT="58" STYLEREFS="StyleId-2" CONTENT="Opelika," WC="0.65625" CC="33066060" />
            <SP ID="P31_SP00162" WIDTH="0" HPOS="0" VPOS="0" />
            <String ID="P31_S00185" HPOS="964" VPOS="1731" WIDTH="91" HEIGHT="62" STYLEREFS="StyleId-2" CONTENT="Old" WC="0.49333334" CC="752" />
            <SP ID="P31_SP00163" WIDTH="0" HPOS="0" VPOS="0" />
            <String ID="P31_S00186" HPOS="1082" VPOS="1731" WIDTH="232" HEIGHT="62" STYLEREFS="StyleId-2" CONTENT="Columbia," WC="0.5655556" CC="027765702" />
            <SP ID="P31_SP00164" WIDTH="0" HPOS="0" VPOS="0" />
            <String ID="P31_S00187" HPOS="1341" VPOS="1728" WIDTH="129" HEIGHT="65" STYLEREFS="StyleId-2" CONTENT="Troy," WC="0.82" CC="00503" />
            <SP ID="P31_SP00165" WIDTH="0" HPOS="0" VPOS="0" />
            <String ID="P31_S00188" HPOS="1498" VPOS="1728" WIDTH="122" HEIGHT="65" STYLEREFS="StyleId-2" CONTENT="Good" WC="0.6275" CC="40010" />
          </TextLine>
          <TextLine ID="P31_TL00025" HPOS="304" VPOS="1808" WIDTH="339" HEIGHT="41">
            <String ID="P31_S00189" HPOS="304" VPOS="1810" WIDTH="159" HEIGHT="41" STYLEREFS="StyleId-2" CONTENT="Water," WC="0.675" CC="605033" />
            <SP ID="P31_SP00166" WIDTH="0" HPOS="0" VPOS="0" />
            <String ID="P31_S00190" HPOS="490" VPOS="1805" WIDTH="153" HEIGHT="46" STYLEREFS="StyleId-2" CONTENT="Ozark." WC="0.89" CC="060000" />
          </TextLine>
          <TextLine ID="P31_TL00026" HPOS="360" VPOS="1870" WIDTH="1259" HEIGHT="41">
            <String ID="P31_S00191" HPOS="360" VPOS="1874" WIDTH="161" HEIGHT="39" STYLEREFS="StyleId-3" CONTENT="North" WC="0.312" CC="38778" />
            <SP ID="P31_SP00167" WIDTH="0" HPOS="0" VPOS="0" />
            <String ID="P31_S00192" HPOS="590" VPOS="1871" WIDTH="228" HEIGHT="42" STYLEREFS="StyleId-3" CONTENT="Alabama" WC="0.7157143" CC="0507070" />
            <SP ID="P31_SP00168" WIDTH="0" HPOS="0" VPOS="0" />
            <String ID="P31_S00193" HPOS="887" VPOS="1864" WIDTH="323" HEIGHT="49" STYLEREFS="StyleId-3" CONTENT="Conference:" WC="0.674545467" CC="28070670300" />
            <SP ID="P31_SP00169" WIDTH="0" HPOS="0" VPOS="0" />
            <String ID="P31_S00194" HPOS="1307" VPOS="1862" WIDTH="312" HEIGHT="51" STYLEREFS="StyleId-2" CONTENT="Birmingham," WC="0.624545455" CC="45104507092" />
          </TextLine>
          <TextLine ID="P31_TL00027" HPOS="304" VPOS="1938" WIDTH="1312" HEIGHT="36">
            <String ID="P31_S00195" HPOS="305" VPOS="1942" WIDTH="217" HEIGHT="40" STYLEREFS="StyleId-2" CONTENT="Blockton," WC="0.7511111" CC="640700004" />
            <SP ID="P31_SP00170" WIDTH="0" HPOS="0" VPOS="0" />
            <String ID="P31_S00196" HPOS="571" VPOS="1936" WIDTH="212" HEIGHT="46" STYLEREFS="StyleId-2" CONTENT="Florence," WC="0.812222242" CC="702030003" />
            <SP ID="P31_SP00171" WIDTH="0" HPOS="0" VPOS="0" />
            <String ID="P31_S00197" HPOS="832" VPOS="1930" WIDTH="274" HEIGHT="52" STYLEREFS="StyleId-2" CONTENT="Montevallo," WC="0.71" CC="50300006752" />
            <SP ID="P31_SP00172" WIDTH="0" HPOS="0" VPOS="0" />
            <String ID="P31_S00198" HPOS="1155" VPOS="1930" WIDTH="257" HEIGHT="52" STYLEREFS="StyleId-2" CONTENT="Huntsville," WC="0.6290909" CC="85700055601" />
            <SP ID="P31_SP00173" WIDTH="0" HPOS="0" VPOS="0" />
            <String ID="P31_S00199" HPOS="1473" VPOS="1930" WIDTH="123" HEIGHT="52" STYLEREFS="StyleId-2" CONTENT="Bloss" WC="0.512" CC="62708" />
            <SP ID="P31_SP00174" WIDTH="0" HPOS="0" VPOS="0" />
            <String ID="P31_S00200" HPOS="1610" VPOS="1953" WIDTH="6" HEIGHT="29" STYLEREFS="StyleId-2" CONTENT="•" WC="0.62" CC="3" />
          </TextLine>
          <TextLine ID="P31_TL00028" HPOS="303" VPOS="2004" WIDTH="614" HEIGHT="46">
            <String ID="P31_S00201" HPOS="303" VPOS="2009" WIDTH="120" HEIGHT="47" STYLEREFS="StyleId-2" CONTENT="burg," WC="0.54" CC="570100" />
            <SP ID="P31_SP00175" WIDTH="0" HPOS="0" VPOS="0" />
            <String ID="P31_S00202" HPOS="451" VPOS="2004" WIDTH="135" HEIGHT="52" STYLEREFS="StyleId-2" CONTENT="South" WC="0.682" CC="04216" />
            <SP ID="P31_SP00176" WIDTH="0" HPOS="0" VPOS="0" />
            <String ID="P31_S00203" HPOS="612" VPOS="1998" WIDTH="305" HEIGHT="58" STYLEREFS="StyleId-2" CONTENT="Birmingham." WC="0.445454538" CC="371686078100" />
          </TextLine>
          <TextLine ID="P31_TL00029" HPOS="359" VPOS="2068" WIDTH="1259" HEIGHT="42">
            <String ID="P31_S00204" HPOS="359" VPOS="2072" WIDTH="212" HEIGHT="40" STYLEREFS="StyleId-3" CONTENT="Central" WC="0.5" CC="077100010" />
            <SP ID="P31_SP00177" WIDTH="0" HPOS="0" VPOS="0" />
            <String ID="P31_S00205" HPOS="604" VPOS="2068" WIDTH="226" HEIGHT="44" STYLEREFS="StyleId-3" CONTENT="Alabama" WC="0.7457143" CC="0607030" />
            <SP ID="P31_SP00178" WIDTH="0" HPOS="0" VPOS="0" />
            <String ID="P31_S00206" HPOS="869" VPOS="2062" WIDTH="322" HEIGHT="50" STYLEREFS="StyleId-3" CONTENT="Conference:" WC="0.591818154" CC="34276470350" />
            <SP ID="P31_SP00179" WIDTH="0" HPOS="0" VPOS="0" />
            <String ID="P31_S00207" HPOS="1254" VPOS="2060" WIDTH="153" HEIGHT="52" STYLEREFS="StyleId-2" CONTENT="Selma," WC="0.8466667" CC="007002" />
            <SP ID="P31_SP00180" WIDTH="0" HPOS="0" VPOS="0" />
            <String ID="P31_S00208" HPOS="1444" VPOS="2063" WIDTH="174" HEIGHT="49" STYLEREFS="StyleId-2" CONTENT="Mobile," WC="0.757142842" CC="0052404" />
          </TextLine>
          <TextLine ID="P31_TL00030" HPOS="306" VPOS="2136" WIDTH="1312" HEIGHT="39">
            <String ID="P31_S00209" HPOS="306" VPOS="2139" WIDTH="199" HEIGHT="40" STYLEREFS="StyleId-2" CONTENT="Camden," WC="0.79285717" CC="0000086" />
            <SP ID="P31_SP00181" WIDTH="0" HPOS="0" VPOS="0" />
            <String ID="P31_S00210" HPOS="568" VPOS="2129" WIDTH="365" HEIGHT="52" STYLEREFS="StyleId-2" CONTENT="Greensborough," WC="0.8057143" CC="00000011067063" />
            <SP ID="P31_SP00182" WIDTH="0" HPOS="0" VPOS="0" />
            <String ID="P31_S00211" HPOS="995" VPOS="2128" WIDTH="257" HEIGHT="53" STYLEREFS="StyleId-2" CONTENT="Demopolis," WC="0.728" CC="0008062602" />
            <SP ID="P31_SP00183" WIDTH="0" HPOS="0" VPOS="0" />
            <String ID="P31_S00212" HPOS="1316" VPOS="2126" WIDTH="302" HEIGHT="55" STYLEREFS="StyleId-2" CONTENT="ThomasviUe," WC="0.665454566" CC="022400051046" />
          </TextLine>
          <TextLine ID="P31_TL00031" HPOS="306" VPOS="2205" WIDTH="245" HEIGHT="38">
            <String ID="P31_S00213" HPOS="306" VPOS="2203" WIDTH="245" HEIGHT="42" STYLEREFS="StyleId-2" CONTENT="Greenville." WC="0.694545448" CC="20005664700" />
          </TextLine>
        </TextBlock>
      </PrintSpace>
    </Page>
  </Layout>
</alto>