1900 2800
652 299 250 35 AFRICAN
947 300 342 37 METHODIMS.

1540 291 57 45 47

286 417 71 40 He
382 418 136 50 urged
543 417 72 51 the
639 417 253 51 conference
915 423 46 45 to
984 417 91 51 quit
1100 417 129 51 using
1252 418 186 50 tobacco,
1464 418 146 50 bitters

287 486 97 47 and,
422 484 37 49 if
493 497 236 38 necessary,
766 483 141 52 coffee
942 484 86 51 and
1065 483 253 54 everything
1353 490 151 47 except
1539 483 71 54 the

287 553 137 41 actual
447 552 133 42 needs'
602 551 47 43 of
674 550 87 47 life,
786 552 84 45 and
894 557 47 40 to
962 550 208 53 purchase
1193 551 133 52 books
1351 551 85 52 and
1459 563 151 40 papers

288 621 84 40 and
407 620 128 51 study
567 618 127 53 them.
755 615 93 56 The
881 618 252 53 conference
1165 616 100 55 then
1300 618 230 53 organized
1563 631 48 40 as

291 687 190 41 follows:

344 756 103 40 Rev.
482 756 61 40 M.
576 753 49 44 E.
659 754 172 45 Bryant,
866 753 264 46 Conference
1162 751 244 52 Secretary;
1437 751 105 52 Rev.
1576 750 33 53 I.

290 825 54 41 N.
379 821 271 53 Fitzpatrick,
686 822 214 52 Assistant
935 821 243 53 Secretary;
1211 820 103 54 Rev.
1350 818 130 56 Louis
1514 817 95 57 Hil-

291 890 99 52 lery,
424 888 229 54 Statistical
686 887 232 55 Secretary.

346 958 103 40 Rev.
487 958 61 40 M.
585 955 50 44 E.
673 957 161 51 Bryant
884 955 207 53 preached
1141 961 41 47 at
1229 952 136 56 night.
1423 948 186 60 Theme:

292 1024 117 42 "The
441 1026 120 40 Need
592 1026 46 40 of
669 1038 52 28 an
753 1022 220 44 Educated
1005 1021 242 52 Ministry."

346 1104 103 40 Rev.
474 1103 38 52 J.
541 1101 45 54 C.
612 1100 175 55 Embry,
813 1100 332 55 Commissioner
1170 1099 48 56 of
1242 1097 253 58 Education,
1522 1109 87 46 was

291 1186 23 27 a
342 1172 159 41 visitor.
561 1169 71 44 On
673 1170 71 43 the
788 1168 250 45 Committee
1081 1181 54 32 on
1178 1164 428 49 Recommendations

290 1239 70 40 the
385 1237 225 52 following
632 1235 195 54 brethren
854 1248 112 41 were
988 1233 228 56 admitted:
1276 1230 50 59 G.
1352 1232 71 57 W.
1450 1231 155 58 Boone,

292 1306 37 52 J.
364 1306 69 52 W.
468 1305 238 53 Anderson,
741 1304 37 54 J.
814 1303 50 55 R.
899 1302 129 56 Dens.
1090 1299 125 59 Noah
1249 1300 142 58 James
1425 1313 87 45 was
1547 1312 62 46 re¬

291 1372 140 52 jected
465 1371 180 53 because
677 1370 48 54 of
760 1370 329 54 incompetency.
1176 1363 93 61 The
1318 1372 118 52 s'ame
1484 1364 126 60 Noah

293 1439 142 51 James
463 1438 90 52 that
580 1451 87 39 was
695 1436 183 54 rejected
906 1434 99 56 then
1033 1435 40 55 is1
1097 1448 95 42 now
1222 1447 79 43 one
1328 1432 47 58 of
1403 1430 73 60 the
1500 1436 111 54 most

294 1506 176 40 efficient
498 1511 177 45 pastors.
736 1503 161 53 Bishop
926 1500 216 56 Campbell
1171 1500 120 56 ruled
1317 1499 91 57 that
1436 1498 54 58 all
1517 1510 93 46 per¬

295 1587 97 27 sons
426 1573 223 50 intending
679 1579 46 44 to
756 1584 118 39 come
905 1577 46 46 to
984 1569 262 54 Conference
1279 1567 69 56 for
1380 1564 230 59 admission

293 1648 113 33 must
433 1640 143 41 attend
606 1638 175 52 Sunday
811 1637 154 53 School
992 1637 84 53 and
1102 1642 114 48 must
1242 1635 50 55 be
1320 1633 91 57 able
1436 1639 46 51 to
1509 1629 102 61 spell

294 1707 112 48 read,
435 1708 119 47 write
581 1708 83 47 and
690 1705 125 50 know
843 1703 242 52 something
1110 1703 47 52 of
1182 1702 164 53 history
1372 1699 83 56 and
1482 1710 129 45 geog¬

296 1774 145 53 raphy,
477 1788 46 39 as
558 1774 94 53 well
687 1787 46 40 as
768 1773 69 54 the
873 1771 217 56 discipline
1124 1770 84 57 and
1243 1768 131 59 Bible.
1435 1766 71 61 All
1541 1779 71 48 ex-

293 1844 166 40 horters
493 1842 83 42 and
606 1841 108 43 local
747 1838 221 54 preachers
1002 1852 71 40 are
1105 1835 194 57 required
1331 1841 46 51 to
1408 1832 125 60 study
1565 1845 47 47 or

294 1910 107 40 their
432 1910 173 40 licenses
637 1907 86 43 will
753 1914 75 36 not
857 1907 50 43 be
937 1904 206 46 renewed.
1203 1900 93 50 The
1339 1900 160 50 Bishop
1544 1912 67 38 or¬

295 1978 153 40 dained
470 1977 182 41 deacons
675 1975 114 43 Wm.
814 1974 68 44 W.
907 1971 148 47 Glenn,
1081 1970 48 48 G.
1153 1970 69 48 W.
1247 1967 232 51 Robinson,
1501 1965 107 53 Rob¬

297 2052 61 32 ert
386 2042 119 49 Fain,
534 2043 36 51 J.
599 2042 59 52 H.
686 2040 222 54 Davidson
935 2039 83 55 and
1046 2035 116 59 Elias
1190 2034 156 60 Davis;
1374 2031 174 63 Elders:
1576 2030 34 64 J,

297 2113 70 39 W.
396 2110 249 44 Wimberlv,
671 2107 113 53 John
812 2106 180 54 Warren
1021 2104 83 56 and
1130 2103 37 57 J.
1198 2101 51 59 A.
1278 2099 145 61 Davis.

352 2190 104 40 Rev.
485 2188 33 42 I.
549 2188 53 42 N.
633 2185 259 51 Fitzpatrick
918 2197 86 39 was
1032 2180 157 56 elected
1218 2177 261 59 Conference
1505 2174 109 62 book

297 2257 194 42 steward.
551 2253 93 46 The
670 2252 260 47 Conference
955 2246 226 54 appointed
1206 2258 23 42 a
1256 2242 252 58 Ministerial
1533 2241 83 59 and

298 2323 282 45 Educational
611 2320 174 50 Sunday
815 2316 154 54 School
998 2312 265 58 Convention
1290 2316 47 54 to
1362 2322 186 48 convene
1574 2308 39 62 in

298 2391 130 53 Troy,
456 2390 108 54 Ala.,
593 2389 71 55 the
692 2387 90 57 first
809 2381 272 63 Wednesday
1107 2379 43 65 in
1178 2378 121 66 June,
1333 2376 114 68 1879.
1510 2374 106 70 Sub¬

298 2461 107 51 jects
430 2465 46 47 to
498 2457 52 55 be
575 2452 239 60 discussed:
