1900 2800
641 264 246 33 AFRICAN
921 264 342 37 METHODISM.

1515 252 85 44 177

284 376 103 41 hear
412 377 85 42 this
522 392 118 28 same
665 380 161 41 sound:
851 380 141 41 "Now
1017 380 36 41 if
1077 395 83 35 any
1184 394 98 36 man
1304 379 110 51 have
1438 387 73 43 not
1536 378 71 52 the

286 441 121 49 spirit
429 445 49 45 of
500 445 156 49 Christ,
678 445 54 49 he
753 443 34 51 is
809 457 110 37 none
941 448 47 46 of
1010 447 125 47 His."

880 520 138 34 ROME).

342 575 148 51 Rome,
518 575 71 51 the
614 576 93 50 iron
734 576 220 52 kingdom,
980 577 73 51 the
1077 579 188 49 mistress
1291 579 47 49 of
1363 579 71 49 the
1460 578 147 50 world,

286 644 164 41 located
473 657 116 37 upon
613 644 77 50 her
712 657 128 37 seven
863 644 120 50 hills;
1008 646 108 48 tried
1140 645 333 49 demonstration
1497 646 111 48 after

289 710 334 41 demonstration
653 718 44 33 to
726 718 77 42 put
833 711 73 49 life
936 710 91 50 into
1053 710 72 50 the
1155 710 158 50 lifeless
1344 711 118 49 dead.
1523 711 65 49 Im

287 778 213 49 perialism
519 790 87 37 was
625 792 24 35 a
669 777 176 50 failure;
864 777 277 50 Orientalism
1159 791 88 36 was
1265 789 26 38 a
1309 776 175 51 failut-e;
1504 776 104 51 Hel¬

287 844 149 40 lenism
458 858 86 27 was
566 855 24 30 a
612 850 167 43 greater
802 842 164 51 failure.
1026 843 136 50 Rome
1184 842 267 51 represented
1473 856 44 37 as
1539 842 69 51 be¬

288 912 74 48 ing
379 911 83 49 like
479 925 54 35 an
551 910 131 50 eagle,
701 909 135 51 rising
852 916 73 44 out
944 909 46 51 of
1008 909 70 51 the
1096 922 69 38 sea
1184 909 83 51 ahd
1286 908 234 52 stretching
1532 906 77 54 her

289 979 136 50 wings
459 991 100 38 over
593 975 131 54 earth,
759 976 271 53 undergoing
1062 988 127 41 many
1222 973 385 56 transformations,

287 1055 89 30 was
398 1044 185 41 rebuked
603 1044 54 49 by
677 1056 24 37 a
720 1043 98 50 lion,
840 1043 70 50 the
930 1041 106 52 tribe
1057 1043 47 50 of
1123 1037 356 56 Judah—Christ.
1539 1037 70 56 He

291 1112 163 41 walked
479 1124 114 38 upon
618 1110 72 52 the
713 1110 138 52 wings
876 1109 47 53 of
947 1107 71 55 the
1042 1106 149 56 winds,
1216 1105 66 57 his
1308 1106 118 56 voice
1451 1117 157 45 sweep¬

290 1180 75 51 ing
388 1179 70 52 the
484 1176 215 55 imposing
722 1189 164 42 powers
912 1176 46 55 of
983 1175 70 56 the
1079 1173 147 58 world,
1253 1172 84 59 and
1362 1170 102 61 with
1489 1183 119 48 mag¬

289 1248 110 38 netic
420 1245 209 41 influence
651 1241 35 45 is
710 1243 195 48 drawing
926 1242 71 49 the
1019 1241 135 50 world
1175 1247 46 44 to
1241 1240 88 51 him
1351 1239 84 52 and
1457 1237 36 54 is
1515 1237 75 54 giv

291 1312 75 51 ing
385 1319 45 44 to
447 1310 67 53 his
535 1309 150 54 people
705 1323 45 40 as
772 1308 98 55 they
892 1321 118 42 come
1030 1307 71 56 the
1121 1304 99 59 holy
1242 1304 83 59 city
1347 1306 47 57 of
1416 1303 117 60 Zion.

348 1378 323 49 Charlemagne,
722 1374 260 53 Alexander,
1035 1372 156 55 Caesar
1239 1371 85 56 and
1376 1369 235 58 Napbleon,

291 1446 102 40 with
420 1443 108 43 their
557 1444 117 42 force
700 1440 254 46 established
980 1446 121 45 great
1129 1439 190 52 empires.
1381 1435 142 56 Christ
1550 1448 57 43 es¬

291 1510 208 42 tablished
529 1525 26 27 a
582 1514 169 47 greater
781 1508 241 53 empire—a
1048 1512 168 49 greater
1245 1503 217 58 kingdom.
1521 1499 91 62 The

294 1578 253 41 foundation
582 1577 47 42 of
661 1574 145 45 their's
841 1586 88 33 was
964 1573 129 46 force.
1152 1568 92 51 The
1279 1569 253 50 foundation
1566 1568 47 51 of

294 1645 178 42 Christ's
505 1644 275 43 was—Love.
840 1637 94 50 The
964 1639 100 50 holy
1097 1651 98 38 man
1229 1637 48 52 of
1310 1635 302 54 God—Daniel

291 1712 100 40 —in
419 1711 67 41 his
516 1708 221 53 prophetic
766 1709 165 52 dreams
960 1719 87 42 saw
1076 1720 24 41 a
1129 1703 157 58 rolling
1313 1708 130 53 stone,
1474 1711 139 50 repre¬

293 1778 170 49 senting
497 1776 143 51 Christ
675 1782 71 45 cut
780 1781 73 46 out
887 1774 47 53 of
966 1787 26 40 a
1023 1771 234 56 mountain.
1317 1766 156 61 Egypt,
1508 1765 103 62 with

292 1843 75 41 her
389 1844 216 49 learning;
629 1841 170 52 Greece,
821 1840 102 53 with
944 1839 75 54 her
1042 1839 184 54 culture;
1250 1834 83 59 and
1353 1834 137 59 Rome
1512 1829 101 64 with

294 1909 75 41 her
398 1921 145 40 power
572 1907 110 54 have
712 1906 55 55 all
799 1907 75 54 felt
903 1904 72 57 the
1005 1902 131 59 shock
1164 1901 124 60 made
1316 1900 55 61 by
1400 1898 72 63 the
1501 1909 113 52 rum¬

291 1978 121 49 bling
431 1977 49 50 of
499 1976 85 51 this
606 1981 134 46 stone.
800 1972 157 55 Listen,
980 1970 129 57 "And
1129 1968 119 59 there
1270 1978 86 49 was
1378 1965 127 62 given
1525 1961 89 66 him

295 2043 219 42 dominion
537 2042 88 43 land
650 2039 124 52 glory
800 2038 82 53 and
908 2037 228 54 kingdom:
1162 2032 91 59 that
1278 2032 54 59 all
1356 2030 159 61 people,
1541 2040 74 51 na¬

295 2112 116 40 tions'
438 2110 85 42 and
554 2104 236 55 languages
822 2104 153 55 should
1006 2115 124 44 serve
1156 2100 112 59 him;
1298 2097 66 62 his
1396 2095 216 64 dominion

295 2180 35 39 is
353 2185 57 34 'ah
437 2175 259 51 everlasting
722 2170 215 56 dominion
964 2169 138 57 which
1127 2166 108 60 shall
1257 2170 77 56 not
1357 2176 98 50 pass
1480 2175 133 51 away,

293 2246 86 40 and
397 2239 69 47 his
485 2241 208 52 kingdom
713 2238 92 55 that
825 2234 137 59 which
984 2232 106 61 shall
1109 2239 76 54 not
1204 2232 51 61 be
1276 2228 262 65 destroyed."

681 2322 96 33 THE
805 2317 247 38 MYSTERIES
1080 2318 52 37 GO
1159 2317 75 38 ON.

351 2371 181 62 jg'ehold,
553 2382 22 51 I
596 2380 120 53 show
735 2379 114 54 them
871 2385 47 48 to
935 2388 97 45 you.
1077 2371 93 62 The
1191 2372 101 61 staff
1313 2372 46 61 of
1381 2371 146 62 Aaron
1546 2370 69 63 be¬

297 2460 119 35 came
443 2464 27 31 a
496 2453 169 43 serpent
691 2445 85 51 and
804 2442 153 54 moved
985 2442 128 54 about
1139 2449 114 47 upon
1280 2436 72 60 the
1379 2435 140 61 e^rth;
1545 2436 72 60 the

299 2502 5 23 (
389 2505 44 41 1?
458 2499 4 47 '
548 2495 4 51 "
622 2493 5 53 '
695 2505 15 41 •'
768 2493 5 53 '
