1900 2800
665 305 241 33 AFRICAN
941 305 348 35 METHODISM.

1534 293 85 42 Ill

298 402 114 41 close
444 402 46 41 of
522 402 70 41 the
625 415 168 28 sermon
827 401 183 42 Brother
1040 402 171 51 Wesley
1243 401 140 52 Jones,
1418 400 96 53 who
1545 400 76 53 hai

299 470 115 40 since
441 482 112 39 gone
580 476 45 45 to
650 469 65 52 his
745 468 177 53 reward,
953 469 103 52 said,
1087 467 248 54 "Brethren,
1366 468 18 53 I
1416 467 135 54 desire
1578 473 43 48 to

298 550 82 38 pay
411 550 71 38 my
514 535 213 53 Christian
759 536 122 52 sister
912 550 23 38 a
966 535 283 53 compliment.
1310 534 259 54 Heretofore
1602 534 18 54 I

297 601 109 41 have
428 608 74 34 not
525 602 168 40 wanted
715 608 46 34 to
781 600 101 42 hear
906 616 23 26 a
953 614 167 28 woman
1143 600 214 53 preacher,
1381 601 75 52 but
1478 615 97 38 now
1604 600 16 53 I

296 683 69 26 am
392 669 231 40 convinced
648 667 90 42 that
763 668 72 41 the
858 668 117 43 Lord
1000 669 125 42 sends
1151 675 74 36 out
1249 670 170 41 various
1446 668 174 43 instru¬

297 742 137 33 ments
465 741 46 34 to
540 747 121 40 carry
691 741 74 46 out
796 735 63 52 his
891 736 130 51 work.
1084 736 103 51 May
1219 733 95 54 God
1344 734 110 53 bless
1487 734 133 53 Sister

301 799 220 42 Thurman
550 802 84 39 and
659 800 97 53 help
782 802 74 51 her
883 808 45 45 to
953 802 197 51 continue
1177 802 199 52 carrying
1401 802 70 52 the
1498 801 120 53 word

299 868 48 40 of
366 868 115 40 life."

353 935 73 38 Dr.
466 935 60 40 M.
564 936 60 40 M.
662 936 152 40 Moore
847 936 68 40 led
948 936 42 40 in
1025 936 172 52 singing
1231 933 149 55 "Thou
1415 936 200 52 thinkest,

295 1002 128 45 Lord,
451 1003 47 44 of
521 1002 107 45 me."
674 1002 60 45 At
763 1014 43 33 n
835 1001 161 46 o'clock
1021 1003 160 52 Bishop
1206 1003 69 52 W.
1302 1003 36 52 J.
1367 1001 167 54 Gaines,
1561 1003 53 52 D.

294 1068 67 48 D.,
405 1068 179 48 selected
626 1082 45 34 as
713 1068 64 48 his
819 1075 103 41 text,
966 1069 46 47 "I
1056 1083 67 33 am
1165 1069 123 48 Jesus
1330 1069 140 48 whom
1511 1067 104 50 thou

293 1125 457 51 persecuteth"—Acts
779 1137 26 40 9
821 1135 47 42 15.
929 1122 91 55 The
1052 1125 223 52 following
1302 1125 35 52 is
1367 1139 24 38 a
1420 1125 194 52 synopsis

291 1192 49 39 of
358 1190 73 42 the
451 1191 197 51 Bishop's
669 1203 191 39 sermon:
900 1201 11 41 *

350 1256 119 43 "The
497 1259 117 51 Holy
644 1257 238 53 Scriptures
910 1259 169 51 abound
1106 1258 42 52 in
1174 1258 277 52 illustrations
1478 1256 139 54 show¬

294 1325 75 52 ing
394 1325 92 52 that
513 1338 79 39 our
618 1325 199 52 relations
845 1338 72 39 are
944 1324 103 53 such
1074 1324 91 53 that
1192 1338 65 39 we
1283 1323 153 54 should
1463 1324 84 53 live
1573 1324 42 53 in

291 1393 130 39 touch
443 1391 101 42 with
565 1393 101 40 each
687 1391 132 50 other,
840 1406 78 35 our
938 1393 173 48 interest
1129 1392 128 52 being
1277 1405 207 39 common.
1543 1391 72 53 All

292 1467 151 34 nature
468 1461 34 40 is
527 1475 23 26 a
574 1461 113 44 unit;
714 1461 249 51 everything
986 1461 42 51 in
1051 1461 72 51 the
1146 1460 121 52 Bible
1289 1459 166 53 teaches
1479 1460 135 52 man's

296 1526 249 52 unity—the
580 1540 195 38 common
798 1540 176 38 oneness
1010 1527 46 51 of
1091 1540 49 38 us
1176 1526 66 52 all,
1280 1527 70 51 for
1368 1526 74 52 the
1462 1539 146 39 reason

293 1593 143 41 Christ
456 1607 87 27 was
564 1594 118 44 born,
704 1594 170 44 labored
896 1594 84 44 and
999 1594 163 47 taught,
1186 1593 200 48 suffered,
1411 1593 95 48 died
1528 1594 83 47 and

296 1663 94 26 rose
411 1649 139 51 again,
573 1648 326 52 commissioned
918 1647 68 53 his
1009 1649 194 51 disciples
1224 1655 44 45 to
1290 1661 55 39 go
1369 1649 115 51 forth
1507 1649 103 51 with

291 1715 70 40 the
386 1716 120 39 torch
532 1715 47 40 of
605 1714 134 41 God's
759 1716 119 39 word
902 1716 42 39 in
968 1714 114 41 hand
1106 1716 83 39 and
1215 1714 165 41 declare
1401 1716 71 40 the
1497 1729 115 27 ever¬

291 1784 158 51 lasting
477 1782 168 53 Gospel.
709 1783 292 52 Persecutions
1030 1795 131 40 arose.
1222 1780 91 55 The
1342 1781 194 54 disciples
1565 1783 47 52 of

293 1852 134 44 Palto,
459 1851 206 45 Aristotle
692 1851 83 45 and
803 1850 119 46 those
951 1849 99 47 who'
1076 1865 110 31 were
1212 1849 71 47 the
1311 1851 224 45 advocates
1565 1851 46 45 of

290 1919 127 39 effete
438 1918 179 51 religion
639 1919 188 50 opposed
847 1919 70 50 the
941 1917 153 53 Gospel
1117 1919 160 51 design.
1339 1918 19 52 I
1380 1917 109 53 have
1507 1919 102 51 been

289 2004 24 25 a
333 1988 170 41 student
521 1987 47 42 of
586 1987 162 51 history
768 1987 68 51 for
853 2000 116 38 more
987 1987 101 51 than
1109 1987 114 51 forty
1241 2001 120 37 years
1381 1987 84 51 and
1485 1987 18 51 I
1524 1987 87 51 find

289 2055 91 39 that
404 2054 118 40 there
547 2053 33 41 is
607 2053 239 51 opposition
869 2061 45 43 to
938 2067 124 38 every
1086 2068 93 37 new
1204 2054 241 51 enterprise.
1508 2053 101 52 Saul

289 2123 47 39 of
359 2119 161 43 Tarsus
543 2136 86 26 was
653 2134 23 28 a
699 2121 171 51 disciple
893 2122 47 50 of
963 2120 226 52 Gamaliel;
1212 2135 87 37 was
1323 2122 135 50 active
1480 2121 42 51 in
1544 2121 66 51 his

289 2190 120 40 work
441 2190 46 40 of
518 2188 325 42 extermination
874 2189 84 41 and
989 2189 247 51 prevention
1269 2189 46 51 of
1345 2187 72 53 the
1449 2189 159 51 gospel.

290 2256 200 52 Stephen,
526 2255 69 53 the
630 2262 316 46 proto-martyr,
982 2256 259 52 proclaimed
1275 2256 72 52 the
1380 2256 147 52 gospel
1563 2257 47 51 of

286 2323 146 41 Christ
457 2322 102 42 with
584 2337 142 37 power
751 2323 105 51 until
880 2337 95 37 men
1000 2322 228 52 trembled;
1252 2321 66 53 his
1344 2330 264 44 persecutors

285 2403 112 27 were
421 2389 208 52 enraged;
653 2390 99 51 they
776 2390 148 51 storied
947 2389 88 52 him
1057 2395 46 46 to
1126 2388 147 53 death;
1297 2388 99 53 they
1419 2389 103 52 shed
1546 2391 62 50 in¬

283 2465 154 33 nocent
456 2457 125 41 blood
597 2472 7 33 ;
624 2459 75 46 but
721 2456 185 49 Stephen
926 2457 170 49 prayed,
1119 2457 139 49 'Lord,
1282 2457 167 49 forgive
1467 2458 137 49 them;
