1941 2828
311 274 59 45 54

664 289 239 37 AFRICAN
942 292 331 37 METHODISM

312 392 215 43 favorable
547 394 195 51 weather,
764 411 63 34 we
847 398 103 47 send
970 398 93 47 this,
1085 397 163 53 hoping
1276 398 69 52 for
1370 397 135 53 better
1531 408 93 42 suc¬

308 471 92 27 cess
429 466 103 34 next
562 461 113 47 time,
708 476 64 32 we
802 476 71 32 are

802 528 155 50 Yours,

967 595 126 43 Little
1132 597 126 52 Mary
1297 595 152 54 Smith,

968 663 126 42 Little
1127 664 127 52 Mary
1285 664 196 52 Weaver.

969 729 125 41 Little
1131 728 94 44 Ella
1262 730 244 43 Chambers.

968 794 127 42 Little
1127 793 95 45 Ella
1255 796 194 43 Weaver.

362 850 91 44 The
487 855 244 53 Daughters
766 857 262 51 Conference
1063 861 112 47 from
1209 862 70 46 the
1314 877 112 31 same
1460 865 156 43 church

305 919 136 52 began
467 919 41 52 in
533 921 70 50 the
628 935 115 36 same
766 938 99 38 year
889 932 46 44 to>
957 927 103 49 send
1085 927 222 49 donations
1334 930 68 46 for
1426 930 70 46 the
1520 933 98 43 mis¬

305 986 169 52 sionary
505 1001 135 37 cause.
700 990 150 49 $10.00
880 1006 87 33 was
998 994 125 45 taken
1154 1001 43 38 to
1228 996 82 43 this
1344 996 269 52 Conference,

304 1052 84 40 and
416 1052 98 53 they
543 1054 106 51 have
677 1056 98 53 kept
802 1058 32 51 it
863 1072 56 39 up
948 1072 97 39 ever
1073 1061 124 50 since.
1258 1063 156 48 Others
1443 1080 72 31 are
1542 1068 72 43 do¬

304 1118 75 53 ing
405 1119 197 52 likewise.
661 1123 82 48 We
769 1139 110 32 were
906 1126 187 45 honored
1120 1130 101 41 with
1248 1131 71 40 the
1344 1142 196 43 pres'ence
1568 1136 46 49 of

304 1184 103 43 Rev.
445 1186 47 43 B.
530 1187 68 42 W.
636 1189 164 51 Arnett,
835 1192 52 48 D.
925 1193 65 50 D.,
1028 1192 213 51 Financial
1279 1196 217 57 Secretary
1530 1203 82 50 and

301 1251 85 53 Jas.
415 1253 60 51 M.
502 1251 253 53 Townsend,
781 1258 51 46 D.
859 1259 66 50 D.,
954 1260 345 58 Corresponding
1324 1265 217 56 Secretary
1565 1270 47 51 of

301 1318 70 41 the
394 1318 45 41 P.
464 1319 57 42 H.
543 1322 84 41 and
649 1320 46 44 F.
722 1324 59 41 M.
808 1322 177 57 Society.
1047 1328 94 51 One
1162 1330 47 49 of
1230 1331 70 48 the
1321 1339 183 46 greatest
1526 1349 83 36 ser¬

300 1399 121 27 mons
448 1400 96 29 ever
569 1391 206 49 preached
801 1406 86 34 was
912 1395 54 53 by
992 1395 102 53 Rev.
1124 1396 100 52 Geo.
1250 1398 67 50 W.
1347 1400 170 54 Bryant,
1547 1402 60 52 M.

303 1452 67 50 D.,
404 1454 111 48 from
547 1457 70 45 the
648 1464 110 38 text:
793 1458 142 44 "Whoi
964 1463 33 39 is
1028 1463 82 42 like
1139 1471 105 35 unto
1271 1466 106 51 thee,
1411 1467 39 50 O
1481 1469 126 51 Lord,

302 1532 160 41 among
482 1522 70 51 the
572 1524 108 51 gods
694 1525 15 50 ?
730 1525 96 50 who
848 1526 33 49 is
904 1527 81 48 like
1008 1530 104 50 thee,
1134 1532 188 53 glorious
1346 1535 40 50 in
1408 1535 196 52 holiness,

301 1584 155 42 fearful
489 1587 40 40 in
562 1588 170 51 praises,
766 1591 131 55 doing
927 1595 248 51 wonders?"
1242 1599 103 52 (Ex.
1383 1602 163 52 15:11.)

352 1649 91 44 The
476 1653 143 41 fourth
651 1657 157 41 session
840 1659 46 41 of
918 1661 70 41 the
1019 1662 138 43 North
1190 1665 205 43 Alabama
1427 1668 175 42 Confer¬

295 1731 100 28 ence
420 1726 83 33 met
530 1720 42 40 in
600 1722 69 41 the
698 1722 167 54 County
893 1725 131 51 Court
1053 1729 149 47 House
1228 1739 41 37 at
1298 1733 304 54 Birmingham,

295 1783 99 42 Dec.
444 1787 94 50 15th
568 1793 45 44 to
641 1788 111 51 20th,
802 1791 114 50 1881,
961 1794 175 47 because
1165 1799 46 42 of
1242 1799 69 42 the
1354 1803 120 39 s'mall
1517 1805 83 39 and

291 1852 336 41 uncomfortable
649 1853 155 43 church
827 1857 193 54 building
1043 1875 53 36 on
1119 1864 99 48 24th
1245 1864 147 52 Street,
1416 1868 184 48 between

295 1923 60 34 1st
379 1919 82 39 and
486 1920 83 39 2nd
594 1918 208 44 Avenues.
863 1924 81 41 We
969 1926 70 41 did
1063 1936 72 33 not
1159 1929 107 42 have
1289 1933 98 41 then
1411 1935 71 41 the
1504 1936 96 40 sub¬

291 1985 166 39 stantial
478 1985 82 40 and
580 1989 288 41 commodious
889 1991 193 56 building
1100 2009 63 38 we
1182 2011 95 36 now
1297 1998 108 49 have
1426 2015 53 32 on
1501 2002 98 53 25th

290 2047 147 43 Street.
497 2050 126 41 After
652 2050 69 43 the
752 2055 121 39 usual
905 2057 218 43 devotions
1155 2062 183 43 incident
1368 2073 45 34 to
1443 2071 153 39 annual

288 2113 295 53 Conferences,
612 2118 65 48 led
705 2119 53 53 by
786 2119 70 53 the
885 2122 171 54 Bishop,
1085 2127 71 49 the
1185 2128 125 48 Revs.
1342 2131 173 45 Charles
1545 2134 49 45 E.

287 2179 164 50 Harris,
483 2179 185 50 Thomas
699 2185 67 44 W.
801 2185 147 45 Coffee
978 2192 82 39 and
1092 2190 142 45 Frank
1263 2196 191 53 Johnson
1484 2216 111 33 were

285 2246 155 40 elected
473 2250 252 41 secretaries.

337 2311 40 40 It
402 2312 84 41 will
512 2313 49 42 be
586 2316 202 42 observed
812 2319 89 42 that
926 2320 116 42 there
1067 2338 110 29 were
1201 2334 88 37 two
1313 2335 155 39 annual
1494 2348 97 28 con¬

283 2375 188 45 ferences
495 2380 97 41 held
617 2382 41 40 in
684 2383 70 41 the
780 2397 113 30 same
918 2400 112 40 year,
1061 2390 125 51 1881;
1211 2395 72 46 the
1307 2397 90 44 first
1422 2414 47 27 m
1490 2402 102 52 Jan¬

281 2456 117 44 uary,
424 2452 43 48 at
493 2446 133 54 Green
633 2449 225 59 sborough,
884 2454 84 54 and
991 2455 71 53 the
1087 2466 101 42 next
1212 2467 43 41 at
1281 2462 308 64 Birmingham,
