1900 2800
765 651 291 47 CHAPTER
1086 653 98 45 XV.

804 856 289 34 SUMMARY.

341 943 95 43 The
466 946 55 41 A.
556 945 86 42 and
676 945 62 42 M.
774 944 187 53 College,
996 944 193 53 Normal,
1223 943 108 54 Ala.,
1366 943 35 54 is
1434 954 26 43 a
1494 940 117 57 State

287 1015 157 49 school,
474 1014 233 52 supported
734 1014 155 52 almost
916 1012 177 54 entirely
1119 1013 57 53 by
1201 1013 72 53 the
1303 1010 131 56 State,
1463 1011 84 55 and
1576 1010 35 56 is

287 1098 78 26 one
391 1083 47 41 of
462 1083 70 41 the
556 1083 92 41 best
672 1080 172 53 literary
867 1094 46 39 as
938 1081 94 52 well
1057 1095 45 38 as
1127 1080 224 53 industrial
1376 1079 165 54 schools
1567 1080 41 53 in

285 1148 72 41 the
388 1148 149 43 South.
599 1149 103 42 Rev.
734 1149 69 42 W.
836 1148 57 43 H.
927 1146 205 48 Councill,
1165 1147 76 47 Ph.
1274 1147 67 47 D.,
1374 1145 234 49 President.

290 1217 77 39 Dr.
392 1215 195 41 Councill
610 1216 36 40 is
670 1229 81 27 one
774 1215 49 41 of
845 1213 74 43 the
938 1215 92 41 best
1053 1214 222 42 educators
1299 1213 43 43 in
1366 1211 72 45 the
1461 1211 147 45 world.

346 1327 118 43 State
480 1326 262 52 University,
764 1326 318 52 Montgomery,
1100 1324 110 54 Ala.,
1230 1325 103 53 Rev.
1353 1324 69 54 W.
1444 1324 49 54 B.
1515 1322 98 56 Pat¬

287 1402 156 42 terson,
468 1394 234 50 President.
762 1390 94 54 The
876 1393 204 51 standard
1100 1393 47 51 of
1168 1391 83 53 this
1273 1390 144 54 school
1439 1392 34 52 is
1495 1390 116 54 high.

291 1463 119 40 Prof.
443 1462 223 41 Patterson
694 1461 79 42 has
803 1461 126 52 given
957 1459 66 54 his
1052 1460 77 53 life
1156 1460 69 53 for
1252 1458 72 55 the
1350 1460 189 53 training
1567 1459 47 54 of

289 1531 170 40 colored
495 1528 147 54 youth.
701 1525 95 57 The
831 1528 108 54 class
977 1528 48 54 of
1061 1527 192 55 students
1291 1527 174 55 coming
1499 1527 115 55 from

288 1599 84 40 this
395 1598 239 41 institution
657 1597 35 42 is
717 1596 209 49 regarded
947 1596 72 49 the
1040 1596 122 49 equal
1185 1596 47 49 of
1254 1609 94 36 any.

345 1707 226 54 Tuskegee
599 1707 183 54 Normal
807 1708 85 53 and
919 1706 232 55 Industrial
1181 1704 168 57 School,
1377 1702 234 59 Tuskegee.

290 1777 111 50 Ala.,
429 1776 120 51 Prof.
577 1776 172 51 Booker
773 1773 49 54 T.
850 1774 302 53 Washington,
1180 1772 77 55 Ph.
1284 1774 67 53 D.,
1381 1772 234 55 President.

291 1842 105 43 This
429 1845 35 40 is
495 1843 72 42 the
598 1848 188 47 greatest
817 1842 150 53 Negro
996 1840 144 55 school
1172 1842 42 53 in
1245 1839 74 56 the
1347 1840 147 55 world.
1554 1840 61 55 Its

292 1913 252 52 magnitude
567 1918 156 47 cannot
745 1911 52 54 be
821 1910 217 55 described
1060 1910 44 55 in
1126 1908 85 57 this
1233 1908 111 57 brief
1366 1910 150 55 notice.
1577 1908 39 57 It

291 1982 35 40 is
350 1980 231 53 supported
603 1979 160 54 mainly
783 1980 55 53 by
861 1978 218 55 Northern
1101 1975 363 58 philanthropists.
1496 1975 120 58 Prof.

297 2047 290 52 Washington
621 2060 76 39 can
730 2046 97 53 take
858 2059 25 40 a
914 2045 117 54 place
1063 2044 225 55 anywhere
1319 2044 84 55 and
1435 2043 78 56 call
1544 2043 72 56 the

293 2115 137 41 world
453 2122 45 34 to
523 2114 137 42 order.

353 2225 95 43 The
476 2225 223 43 Woman's
730 2224 143 44 Home
902 2223 84 45 and
1015 2219 189 54 Foreign
1234 2220 183 53 Mission
1448 2219 169 54 Society

293 2295 48 39 of
363 2293 73 41 the
458 2292 53 42 A.
538 2292 62 42 M.
625 2289 50 45 E.
702 2289 171 45 Church
896 2303 88 31 was
1008 2287 292 53 permanently
1324 2288 230 52 organized
1578 2292 41 48 at

295 2363 72 39 the
402 2360 181 42 General
621 2359 266 43 Conference
919 2357 98 45 held
1051 2363 43 39 at
1127 2355 298 52 Wilmington,
1463 2355 53 52 N.
1555 2355 60 52 C.,

295 2430 85 40 and
411 2430 106 40 Mrs.
550 2427 154 44 Lillian
736 2423 46 48 F.
813 2423 222 48 Thurman
1065 2437 87 34 was
1183 2423 227 52 appointed
1441 2423 176 52 General

920 2488 67 31 133
