1907 2805
735 642 288 45 CHAPTER
1060 644 123 43 XIX.

562 833 135 44 REV.
724 834 165 52 JOHN
917 834 287 52 HARMON,
1234 836 45 50 P.
1307 833 49 53 E.

354 933 92 43 The
476 935 165 50 subject
672 936 46 49 of
749 935 82 50 this
864 936 144 49 sketch
1040 950 86 35 was
1157 936 121 49 born*
1293 937 44 48 in
1370 935 250 50 Smithville,

298 1004 84 42 Lee
418 1002 179 51 County,
635 1002 89 51 Ga.,
761 1002 185 51 October
984 1014 32 39 i,
1057 1003 115 50 1861.
1233 1004 50 49 In
1323 1004 103 49 1880
1458 1005 54 48 he
1544 1006 78 47 left

297 1070 82 39 this
405 1070 105 40 little
533 1068 157 42 hamlet
714 1068 100 42 then
839 1068 162 52 having
1025 1071 81 49 less
1130 1071 103 49 than
1258 1082 81 38 200
1363 1070 257 50 inhabitants

298 1137 84 40 and
418 1136 163 42 located
617 1138 41 40 in
699 1137 316 50 Montgomery,
1053 1137 94 50 Ala.
1207 1135 141 52 There
1381 1140 136 49 began
1554 1139 67 50 his

299 1203 140 50 public
473 1217 142 36 career
648 1204 43 49 in
726 1204 170 50 society,
930 1203 187 52 political
1151 1205 84 50 and
1269 1204 159 51 church
1460 1207 159 48 circles.

301 1269 86 42 For
420 1277 158 45 twenty
612 1284 121 38 3Tears
767 1272 53 50 he
853 1272 75 50 has
962 1272 105 50 been
1102 1271 215 51 identified
1351 1273 103 49 with
1489 1282 133 40 secret

299 1339 202 40 societies.
562 1337 62 42 As
649 1353 25 26 a
697 1339 168 46 Mason,
890 1339 53 46 he
965 1340 150 45 served
1138 1354 46 31 as
1208 1340 143 49 junior
1375 1343 84 46 and
1483 1344 139 45 senior

299 1404 172 40 warden
505 1404 84 40 and
621 1417 87 27 was
742 1406 328 48 representative
1100 1412 47 42 to
1176 1405 73 49 the
1281 1405 146 49 Grand
1460 1409 160 52 Lodge.

300 1471 70 39 He
410 1485 86 26 was
537 1484 80 27 one
655 1472 47 39 of
740 1471 71 41 the
850 1472 244 48 organizers
1135 1474 47 46 of
1220 1473 71 47 the
1332 1475 291 50 Independent

301 1538 140 41 Order
461 1539 47 40 of
530 1538 109 41 Sons
660 1539 84 40 and
763 1538 245 50 Daughters
1029 1541 46 47 of
1094 1541 131 48 Jacob
1245 1543 150 46 served
1415 1543 43 46 in
1478 1544 53 45 all
1550 1542 70 47 the

301 1605 107 40 local
446 1604 139 41 offices
623 1606 47 39 of
706 1604 71 42 the
815 1605 189 50 Knights
1042 1606 47 49 of
1126 1603 143 52 Tabor
1305 1608 84 47 and
1426 1618 90 37 was'
1551 1621 70 34 ap¬

301 1673 173 44 pointed
509 1672 297 45 international
842 1673 138 49 grand
1017 1673 156 51 deputy
1210 1674 47 50 of
1292 1675 71 49 the
1399 1676 135 48 world
1568 1677 53 50 by

302 1738 103 40 Rev.
436 1738 145 40 Moses
609 1737 158 50 Dixon,
798 1737 41 50 S.
869 1738 45 49 C.
944 1737 49 50 G.
1023 1739 61 48 M.

359 1806 60 39 As
445 1805 180 40 an-Odd
649 1802 173 52 Fellow,
843 1804 55 50 he
919 1805 77 49 has
1022 1808 149 46 served
1197 1820 125 37 every
1346 1808 118 49 office
1488 1809 42 48 in
1554 1809 69 48 the

303 1872 273 42 subordinate
610 1872 160 50 lodges,
809 1872 252 50 Household
1096 1874 46 48 of
1177 1874 129 49 Ruth,
1344 1875 101 48 Past
1480 1874 145 49 Grand

304 1939 198 40 Master's
524 1938 178 41 Council
722 1939 84 40 and
828 1938 281 50 Patriarchie;
1131 1942 149 46 served
1299 1940 118 48 three
1436 1954 120 36 years
1578 1956 45 34 as

304 2005 163 40 district
492 2006 138 49 grand
654 2011 159 44 master
836 2006 48 49 of
907 2005 72 50 the
1006 2004 118 51 State
1147 2006 47 49 of
1219 2007 207 48 Alabama
1451 2009 84 46 and
1560 2009 66 46 six

304 2086 121 36 years
457 2086 45 36 as
533 2086 24 36 a
588 2073 187 49 member
805 2073 46 49 of
882 2073 71 49 the
984 2071 43 51 S.
1061 2072 45 50 C.
1139 2073 47 49 of
1217 2073 61 49 M.
1340 2074 113 48 Hon.
1488 2074 45 48 C.
1568 2075 57 47 H.

306 2138 178 48 Brooks,
509 2138 138 51 grand
671 2144 208 45 secretary
903 2139 46 50 of
971 2138 72 51 the
1066 2137 48 52 G.
1139 2138 55 51 U.
1220 2139 52 50 O.
1298 2139 45 50 of
1363 2139 56 50 O.
1446 2137 61 52 F.,
1532 2153 94 38 says

305 2206 48 39 of
372 2206 88 39 him
481 2206 44 39 in
544 2205 66 40 his
634 2205 178 40 Manual
832 2205 47 40 of
901 2204 101 41 Odd
1024 2202 205 44 Fellows:
1252 2205 99 41 "He
1369 2206 35 41 is
1424 2207 73 42 the
1515 2216 111 34 most

311 2273 173 39 fearless
519 2272 85 40 and
638 2272 236 47 outspoken
908 2271 188 48 member
1129 2271 47 48 of
1210 2272 73 47 the
1318 2270 42 49 S.
1398 2272 45 47 C.
1480 2274 48 45 of
1563 2275 61 44 M.

306 2338 71 41 He
409 2337 77 42 has
521 2343 152 44 strong
706 2336 261 51 convictions
1002 2337 84 50 and
1119 2336 35 51 is
1188 2344 111 43 most
1333 2339 179 48 positive
1545 2341 83 46 and

309 2418 143 27 severe
491 2404 46 41 in
576 2403 253 50 expressing
867 2401 126 52 them.
1054 2402 70 51 He
1163 2402 35 51 is
1238 2405 268 50 progressive
1544 2408 83 47 and

930 2465 66 33 155
