1909 2806
319 302 85 43 144

676 315 245 36 AFRICAN
954 316 323 37 METHODISM

318 421 69 40 He
407 421 98 51 paid
526 422 63 50 off
607 422 70 50 the
696 423 103 53 long
819 425 199 52 standing
1039 426 105 51 debt,
1167 423 106 54 built
1294 436 26 41 a
1339 420 181 57 $7^u.oo
1539 430 64 47 pai

318 501 158 39 sonage
515 490 83 50 and
638 491 258 49 entertained
934 491 73 49 the
1046 491 171 49 Annual
1260 487 265 53 Conference
1565 484 38 56 th

318 567 115 27 same
467 568 120 38 year;
624 556 91 50 also
749 559 194 51 reported
979 573 25 37 a
1038 559 117 51 large
1190 556 190 54 increase
1415 552 47 58 of
1499 551 104 59 dolls

317 636 163 38 money,
517 625 83 49 and
637 626 194 50 reported
864 626 71 50 the
969 632 117 44 siame
1118 640 56 36 on
1207 623 72 53 the
1313 623 91 53 first
1440 621 95 55 day.
1595 619 8 57 ]

316 703 86 25 was
423 689 90 41 said
531 691 54 51 by
604 704 127 39 many
749 691 90 52 that
857 693 33 50 it
909 707 86 36 was
1015 694 70 49 the
1105 692 90 51 first
1214 689 160 54 church
1394 689 44 54 in
1457 685 74 58 the
1547 684 56 59 his

315 762 93 45 tory
435 757 47 50 of
507 757 70 50 the
604 757 260 50 Conference
889 766 45 41 to
959 766 141 45 report
1124 758 73 53 the
1221 758 92 53 first
1339 756 80 55 day
1447 755 48 56 of
1523 753 80 58 Cor

316 822 178 45 ference,
525 822 125 45 while
678 825 281 52 entertaining
987 826 70 51 the
1087 837 126 40 same.

370 890 103 40 Rev.
511 890 135 52 Pryor
680 891 34 51 is
749 892 88 50 also
874 893 134 49 editor
1039 893 44 49 in
1119 891 113 51 chief
1267 891 47 51 of
1347 890 74 52 the
1454 889 149 53 "Henr

315 956 168 52 County
519 957 205 52 Appeal,"
759 959 73 50 the
866 958 171 53 leading
1071 959 166 52 colored
1278 958 169 53 journal
1483 958 44 53 in1
1561 955 42 56 th

312 1022 291 42 southeastern
625 1032 94 44 part
742 1024 47 52 of
810 1026 73 50 the
906 1026 127 50 State.
1094 1026 87 50 His'
1201 1025 215 51 editorials
1439 1039 72 37 are
1533 1038 70 38 con

312 1090 96 48 cise,
437 1091 75 47 but
539 1091 164 51 logical.
763 1092 71 50 He
860 1092 127 52 keeps
1016 1106 101 38 pace
1146 1092 103 52 with
1278 1093 55 51 all
1362 1093 70 51 the
1459 1106 144 38 currer

311 1157 134 50 topics
480 1157 101 50 both
616 1171 45 36 as
696 1159 153 51 regard
883 1160 72 50 the
988 1160 158 50 church
1180 1160 85 50 and
1301 1158 129 52 State.
1491 1160 70 50 He
1593 1161 10 49 i

311 1224 83 39 still
420 1229 143 46 pastor
589 1226 47 49 of
664 1224 153 51 Gaines
846 1225 159 53 Chapel
1035 1226 177 52 Station,
1241 1227 197 53 working
1465 1228 69 52 for
1559 1227 44 53 th

312 1291 174 40 Master.
547 1292 69 40 He
651 1291 76 42 has
763 1292 138 41 added
935 1295 282 50 twenty-four
1251 1303 194 42 converts
1479 1302 46 43 to
1558 1294 45 51 th

309 1358 156 40 church
486 1357 82 42 this
589 1371 276 40 year—1902.
925 1360 103 51 Rev.
1052 1361 136 52 Pryor
1207 1362 143 51 stands
1370 1361 105 53 high
1495 1363 42 51 in
1559 1362 44 52 th

310 1425 238 40 estimation
585 1427 47 38 of
681 1426 101 40 both
832 1427 128 40 white
1007 1429 84 39 and
1141 1429 168 40 colored
1359 1430 170 41 citizens
1580 1444 23 27 0

309 1492 183 41 Dothan.
553 1490 92 44 The
665 1494 164 53 subject
850 1495 47 52 of
917 1493 83 54 this
1021 1494 144 53 sketch
1187 1497 34 50 is
1243 1511 24 36 a
1287 1495 165 55 worthy
1473 1497 130 53 leadei

309 1560 70 39 He
402 1559 34 41 is
459 1560 72 40 the
552 1561 101 40 kind
676 1561 47 40 of
745 1561 141 41 leader
906 1561 72 42 the
1000 1577 97 26 race
1115 1563 140 41 needs.
1289 1564 69 41 He
1381 1565 35 41 is
1439 1580 25 26 a
1485 1566 118 40 mode

309 1627 69 40 for
405 1627 70 41 the
501 1627 128 42 home
657 1629 166 48 seeker;
853 1643 26 34 a
906 1630 166 52 worthy
1101 1630 195 53 example
1325 1632 68 51 for
1421 1633 70 50 the
1519 1646 82 39 poo

306 1695 81 51 boy
411 1695 101 51 with
536 1695 171 51 humble
730 1696 337 51 circumstances,
1093 1697 99 50 who
1214 1699 33 48 is
1272 1700 181 52 striving
1474 1707 44 45 to
1543 1701 55 51 ris

305 1761 43 39 in
373 1760 70 41 the
469 1762 134 40 world
628 1763 83 39 and
737 1762 51 41 be
813 1762 251 53 something.
1125 1765 140 50 When
1292 1767 70 48 the
1388 1765 162 55 history
1576 1783 25 37 o

306 1829 71 39 the
406 1835 119 45 great
554 1829 52 51 A.
641 1830 60 50 M.
733 1828 49 52 E.
816 1829 170 51 Churdh
1017 1832 33 48 is
1080 1831 179 49 finished
1289 1834 101 46 here
1419 1845 60 35 on1
1504 1834 99 46 eartl

305 1896 84 40 and
423 1896 70 40 the
526 1895 233 41 millenium
794 1897 105 40 shall
933 1896 107 42 have
1075 1912 130 36 come,
1241 1901 104 47 Rev.
1384 1900 95 48 Still
1515 1903 88 45 Pau

307 1963 133 51 Pryor
463 1963 84 51 will
570 1963 49 51 be
642 1976 78 38 one
742 1969 45 45 to
807 1964 50 50 be
882 1964 134 50 found
1039 1979 158 39 among
1219 1968 90 50 that
1333 1977 120 43 great
1477 1970 123 50 Chris

303 2029 87 39 tian
427 2028 186 52 phalanx
650 2028 183 53 fighting
868 2031 84 50 and
987 2031 181 51 battling
1206 2034 70 48 for
1311 2034 71 48 the
1421 2037 182 45 Master';

302 2109 137 27 cause.
498 2093 103 43 This
623 2095 54 42 he
702 2095 81 42 will
808 2097 196 41 continue
1026 2105 45 33 to
1094 2098 55 41 do
1170 2100 63 40 till
1254 2101 205 52 Jehovah,
1486 2106 117 53 King

303 2163 105 39 shall
437 2163 223 39 command
687 2161 88 41 him
801 2170 46 33 to
872 2163 117 52 hang
1014 2164 64 51 his
1107 2171 186 47 trumpet
1319 2170 42 48 in
1390 2171 71 47 the
1489 2174 107 44 celes

300 2229 72 39 tial
391 2228 83 40 hall
493 2229 82 40 and
593 2229 127 51 £tudy
738 2242 88 38 war
842 2243 59 37 no
916 2243 128 37 more.

355 2369 102 40 Rev.
485 2369 188 40 William
700 2370 56 40 H.
787 2368 173 45 Seward
985 2371 200 53 Dugged,
1211 2374 52 50 A.
1293 2376 75 50 M.,
1395 2386 145 45 pastor
1565 2386 38 45 ol

301 2434 59 42 St.
388 2434 106 42 Paul
517 2435 52 41 A.
597 2435 60 41 M.
683 2433 48 44 E.
759 2433 182 52 Church,
966 2436 156 49 Dallas,
1149 2438 89 50 Ga.,
1264 2449 121 43 spent
1406 2442 67 50 his
1499 2448 104 53 earl)
