<?xml version="1.0" encoding="utf-8"?>
<alto xmlns:xlink="http://www.w3.org/1999/xlink" xmlns:xsi="http://www.w3.org/2001/XMLSchema-instance" xsi:schemaLocation="http://www.loc.gov/standards/alto/ns-v2# http://www.loc.gov/standards/alto/alto-v2.0.xsd" xmlns="http://www.loc.gov/standards/alto/ns-v2#">
  <Description>
    <MeasurementUnit>pixel</MeasurementUnit>
    <sourceImageInformation>
      <fileName>0183.tif</fileName>
    </sourceImageInformation>
    <OCRProcessing ID="Processing">
      <ocrProcessingStep>
        <processingStepSettings>Image Resolution:400</processingStepSettings>
        <processingSoftware>
          <softwareCreator>I2S Kirtas</softwareCreator>
          <softwareName>Limb</softwareName>
          <softwareVersion>1.0</softwareVersion>
          <applicationDescription>Abbyy10 OCR Engine</applicationDescription>
        </processingSoftware>
      </ocrProcessingStep>
    </OCRProcessing>
  </Description>
  <Styles>
    <TextStyle ID="StyleId-0" FONTSIZE="8" FONTFAMILY="Times New Roman" />
    <TextStyle ID="StyleId-1" FONTSIZE="11" FONTFAMILY="Times New Roman" />
    <TextStyle ID="StyleId-2" FONTSIZE="9" FONTFAMILY="Times New Roman" />
    <TextStyle ID="StyleId-3" FONTSIZE="7" FONTFAMILY="Times New Roman" />
  </Styles>
  <Layout>
    <Page ID="P182" PHYSICAL_IMG_NR="182" HEIGHT="2813" WIDTH="1919" ACCURACY="0.7500805" QUALITY_DETAIL="295 words, 1296 chars, 962 with recognition greater than 50% (74.23%)">
      <TopMargin ID="P182_TM00001" HPOS="0" VPOS="0" WIDTH="1919" HEIGHT="281" />
      <LeftMargin ID="P182_LM00001" HPOS="0" VPOS="281" WIDTH="283" HEIGHT="2232" />
      <RightMargin ID="P182_RM00001" HPOS="1614" VPOS="281" WIDTH="305" HEIGHT="2232" />
      <BottomMargin ID="P182_BM00001" HPOS="0" VPOS="2513" WIDTH="1919" HEIGHT="300" />
      <PrintSpace ID="P182_PS00001" HPOS="283" VPOS="281" WIDTH="1331" HEIGHT="2232">
        <TextBlock ID="P182_TB00001" HPOS="762" VPOS="301" WIDTH="382" HEIGHT="56">
          <TextLine ID="P182_TL00001" HPOS="770" VPOS="309" WIDTH="366" HEIGHT="40">
            <String ID="P182_S00001" HPOS="770" VPOS="310" WIDTH="58" HEIGHT="32" STYLEREFS="StyleId-0" CONTENT="IN" WC="0.65" CC="15" />
            <SP ID="P182_SP00001" WIDTH="0" HPOS="0" VPOS="0" />
            <String ID="P182_S00002" HPOS="850" VPOS="310" WIDTH="286" HEIGHT="37" STYLEREFS="StyleId-0" CONTENT="ALABAMA." WC="0.72625" CC="09060303" />
          </TextLine>
        </TextBlock>
        <TextBlock ID="P182_TB00002" HPOS="1515" VPOS="289" WIDTH="102" HEIGHT="64">
          <TextLine ID="P182_TL00002" HPOS="1523" VPOS="297" WIDTH="86" HEIGHT="48">
            <String ID="P182_S00003" HPOS="1523" VPOS="298" WIDTH="86" HEIGHT="47" STYLEREFS="StyleId-1" CONTENT="181" WC="0.576666653" CC="470" />
          </TextLine>
        </TextBlock>
        <TextBlock ID="P182_TB00003" HPOS="282" VPOS="414" WIDTH="1332" HEIGHT="2099">
          <TextLine ID="P182_TL00003" HPOS="292" VPOS="422" WIDTH="1320" HEIGHT="61">
            <String ID="P182_S00004" HPOS="292" VPOS="423" WIDTH="163" HEIGHT="51" STYLEREFS="StyleId-2" CONTENT="charity" WC="0.697142839" CC="0700624" />
            <SP ID="P182_SP00002" WIDTH="0" HPOS="0" VPOS="0" />
            <String ID="P182_S00005" HPOS="491" VPOS="423" WIDTH="140" HEIGHT="53" STYLEREFS="StyleId-2" CONTENT="(love)" WC="0.663333356" CC="186302" />
            <SP ID="P182_SP00003" WIDTH="0" HPOS="0" VPOS="0" />
            <String ID="P182_S00006" HPOS="667" VPOS="426" WIDTH="20" HEIGHT="50" STYLEREFS="StyleId-2" CONTENT="I" WC="0.49" CC="5" />
            <SP ID="P182_SP00004" WIDTH="0" HPOS="0" VPOS="0" />
            <String ID="P182_S00007" HPOS="716" VPOS="441" WIDTH="69" HEIGHT="35" STYLEREFS="StyleId-2" CONTENT="am" WC="0.755" CC="40" />
            <SP ID="P182_SP00005" WIDTH="0" HPOS="0" VPOS="0" />
            <String ID="P182_S00008" HPOS="811" VPOS="427" WIDTH="223" HEIGHT="52" STYLEREFS="StyleId-2" CONTENT="nothing-.&quot;" WC="0.842" CC="0017100040" />
            <SP ID="P182_SP00006" WIDTH="0" HPOS="0" VPOS="0" />
            <String ID="P182_S00009" HPOS="1093" VPOS="428" WIDTH="143" HEIGHT="51" STYLEREFS="StyleId-2" CONTENT="Books" WC="0.81" CC="72000" />
            <SP ID="P182_SP00007" WIDTH="0" HPOS="0" VPOS="0" />
            <String ID="P182_S00010" HPOS="1264" VPOS="431" WIDTH="85" HEIGHT="48" STYLEREFS="StyleId-2" CONTENT="and" WC="0.973333359" CC="000" />
            <SP ID="P182_SP00008" WIDTH="0" HPOS="0" VPOS="0" />
            <String ID="P182_S00011" HPOS="1375" VPOS="430" WIDTH="237" HEIGHT="52" STYLEREFS="StyleId-2" CONTENT="pamphlets" WC="0.7588889" CC="000654050" />
          </TextLine>
          <TextLine ID="P182_TL00004" HPOS="291" VPOS="487" WIDTH="1323" HEIGHT="59">
            <String ID="P182_S00012" HPOS="291" VPOS="491" WIDTH="108" HEIGHT="41" STYLEREFS="StyleId-2" CONTENT="have" WC="0.7625" CC="0720" />
            <SP ID="P182_SP00009" WIDTH="0" HPOS="0" VPOS="0" />
            <String ID="P182_S00013" HPOS="423" VPOS="491" WIDTH="104" HEIGHT="41" STYLEREFS="StyleId-2" CONTENT="been" WC="0.7725" CC="0009" />
            <SP ID="P182_SP00010" WIDTH="0" HPOS="0" VPOS="0" />
            <String ID="P182_S00014" HPOS="552" VPOS="492" WIDTH="181" HEIGHT="48" STYLEREFS="StyleId-2" CONTENT="written," WC="0.87375" CC="11310002" />
            <SP ID="P182_SP00011" WIDTH="0" HPOS="0" VPOS="0" />
            <String ID="P182_S00015" HPOS="759" VPOS="507" WIDTH="190" HEIGHT="33" STYLEREFS="StyleId-2" CONTENT="sermons" WC="0.731428564" CC="0752300" />
            <SP ID="P182_SP00012" WIDTH="0" HPOS="0" VPOS="0" />
            <String ID="P182_S00016" HPOS="974" VPOS="495" WIDTH="85" HEIGHT="45" STYLEREFS="StyleId-2" CONTENT="and" WC="0.7733333" CC="006" />
            <SP ID="P182_SP00013" WIDTH="0" HPOS="0" VPOS="0" />
            <String ID="P182_S00017" HPOS="1082" VPOS="497" WIDTH="178" HEIGHT="43" STYLEREFS="StyleId-2" CONTENT="lectures" WC="0.71875" CC="00006609" />
            <SP ID="P182_SP00014" WIDTH="0" HPOS="0" VPOS="0" />
            <String ID="P182_S00018" HPOS="1283" VPOS="496" WIDTH="108" HEIGHT="44" STYLEREFS="StyleId-2" CONTENT="have" WC="0.7525" CC="0900" />
            <SP ID="P182_SP00015" WIDTH="0" HPOS="0" VPOS="0" />
            <String ID="P182_S00019" HPOS="1414" VPOS="497" WIDTH="105" HEIGHT="43" STYLEREFS="StyleId-2" CONTENT="been" WC="0.795" CC="8000" />
            <SP ID="P182_SP00016" WIDTH="0" HPOS="0" VPOS="0" />
            <String ID="P182_S00020" HPOS="1544" VPOS="496" WIDTH="71" HEIGHT="44" STYLEREFS="StyleId-2" CONTENT="de¬" WC="0.836666644" CC="004" />
          </TextLine>
          <TextLine ID="P182_TL00005" HPOS="291" VPOS="555" WIDTH="1323" HEIGHT="61">
            <String ID="P182_S00021" HPOS="291" VPOS="557" WIDTH="159" HEIGHT="40" STYLEREFS="StyleId-2" CONTENT="livered" WC="0.8914286" CC="2100300" />
            <SP ID="P182_SP00017" WIDTH="0" HPOS="0" VPOS="0" />
            <String ID="P182_S00022" HPOS="475" VPOS="559" WIDTH="168" HEIGHT="50" STYLEREFS="StyleId-2" CONTENT="against" WC="0.71" CC="04105000" />
            <SP ID="P182_SP00018" WIDTH="0" HPOS="0" VPOS="0" />
            <String ID="P182_S00023" HPOS="668" VPOS="558" WIDTH="72" HEIGHT="51" STYLEREFS="StyleId-2" CONTENT="the" WC="0.76" CC="070" />
            <SP ID="P182_SP00019" WIDTH="0" HPOS="0" VPOS="0" />
            <String ID="P182_S00024" HPOS="764" VPOS="567" WIDTH="121" HEIGHT="42" STYLEREFS="StyleId-2" CONTENT="great" WC="0.906" CC="31000" />
            <SP ID="P182_SP00020" WIDTH="0" HPOS="0" VPOS="0" />
            <String ID="P182_S00025" HPOS="910" VPOS="562" WIDTH="116" HEIGHT="47" STYLEREFS="StyleId-2" CONTENT="truth" WC="0.664" CC="04605" />
            <SP ID="P182_SP00021" WIDTH="0" HPOS="0" VPOS="0" />
            <String ID="P182_S00026" HPOS="1052" VPOS="563" WIDTH="84" HEIGHT="46" STYLEREFS="StyleId-2" CONTENT="and" WC="1" CC="000" />
            <SP ID="P182_SP00022" WIDTH="0" HPOS="0" VPOS="0" />
            <String ID="P182_S00027" HPOS="1161" VPOS="564" WIDTH="218" HEIGHT="49" STYLEREFS="StyleId-2" CONTENT="mysteries" WC="0.896666646" CC="021000600" />
            <SP ID="P182_SP00023" WIDTH="0" HPOS="0" VPOS="0" />
            <String ID="P182_S00028" HPOS="1405" VPOS="564" WIDTH="47" HEIGHT="49" STYLEREFS="StyleId-2" CONTENT="of" WC="0.955" CC="00" />
            <SP ID="P182_SP00024" WIDTH="0" HPOS="0" VPOS="0" />
            <String ID="P182_S00029" HPOS="1478" VPOS="563" WIDTH="136" HEIGHT="50" STYLEREFS="StyleId-2" CONTENT="salva¬" WC="0.608333349" CC="0401062" />
          </TextLine>
          <TextLine ID="P182_TL00006" HPOS="289" VPOS="622" WIDTH="1323" HEIGHT="60">
            <String ID="P182_S00030" HPOS="289" VPOS="626" WIDTH="101" HEIGHT="37" STYLEREFS="StyleId-2" CONTENT="tion." WC="0.6" CC="07660" />
            <SP ID="P182_SP00025" WIDTH="0" HPOS="0" VPOS="0" />
            <String ID="P182_S00031" HPOS="452" VPOS="624" WIDTH="86" HEIGHT="41" STYLEREFS="StyleId-2" CONTENT="But" WC="0.563333333" CC="570" />
            <SP ID="P182_SP00026" WIDTH="0" HPOS="0" VPOS="0" />
            <String ID="P182_S00032" HPOS="562" VPOS="624" WIDTH="120" HEIGHT="43" STYLEREFS="StyleId-2" CONTENT="these" WC="0.788" CC="07300" />
            <SP ID="P182_SP00027" WIDTH="0" HPOS="0" VPOS="0" />
            <String ID="P182_S00033" HPOS="707" VPOS="627" WIDTH="215" HEIGHT="41" STYLEREFS="StyleId-2" CONTENT="would-be" WC="0.8375" CC="05700000" />
            <SP ID="P182_SP00028" WIDTH="0" HPOS="0" VPOS="0" />
            <String ID="P182_S00034" HPOS="948" VPOS="628" WIDTH="233" HEIGHT="51" STYLEREFS="StyleId-2" CONTENT="stumbling" WC="0.776666641" CC="007000561" />
            <SP ID="P182_SP00029" WIDTH="0" HPOS="0" VPOS="0" />
            <String ID="P182_S00035" HPOS="1206" VPOS="630" WIDTH="144" HEIGHT="49" STYLEREFS="StyleId-2" CONTENT="blocks" WC="0.918333352" CC="000300" />
            <SP ID="P182_SP00030" WIDTH="0" HPOS="0" VPOS="0" />
            <String ID="P182_S00036" HPOS="1376" VPOS="630" WIDTH="110" HEIGHT="49" STYLEREFS="StyleId-2" CONTENT="have" WC="0.815" CC="7000" />
            <SP ID="P182_SP00031" WIDTH="0" HPOS="0" VPOS="0" />
            <String ID="P182_S00037" HPOS="1509" VPOS="631" WIDTH="104" HEIGHT="48" STYLEREFS="StyleId-2" CONTENT="been" WC="1" CC="0000" />
          </TextLine>
          <TextLine ID="P182_TL00007" HPOS="290" VPOS="689" WIDTH="1322" HEIGHT="61">
            <String ID="P182_S00038" HPOS="290" VPOS="691" WIDTH="144" HEIGHT="50" STYLEREFS="StyleId-2" CONTENT="prized" WC="0.7966667" CC="710400" />
            <SP ID="P182_SP00032" WIDTH="0" HPOS="0" VPOS="0" />
            <String ID="P182_S00039" HPOS="464" VPOS="705" WIDTH="56" HEIGHT="38" STYLEREFS="StyleId-2" CONTENT="up" WC="0.12" CC="89" />
            <SP ID="P182_SP00033" WIDTH="0" HPOS="0" VPOS="0" />
            <String ID="P182_S00040" HPOS="549" VPOS="693" WIDTH="84" HEIGHT="50" STYLEREFS="StyleId-2" CONTENT="and" WC="0.43" CC="970" />
            <SP ID="P182_SP00034" WIDTH="0" HPOS="0" VPOS="0" />
            <String ID="P182_S00041" HPOS="662" VPOS="693" WIDTH="134" HEIGHT="50" STYLEREFS="StyleId-2" CONTENT="rolbd" WC="0.634" CC="124100" />
            <SP ID="P182_SP00035" WIDTH="0" HPOS="0" VPOS="0" />
            <String ID="P182_S00042" HPOS="824" VPOS="701" WIDTH="76" HEIGHT="42" STYLEREFS="StyleId-2" CONTENT="out" WC="0.7633333" CC="070" />
            <SP ID="P182_SP00036" WIDTH="0" HPOS="0" VPOS="0" />
            <String ID="P182_S00043" HPOS="926" VPOS="696" WIDTH="47" HEIGHT="47" STYLEREFS="StyleId-2" CONTENT="of" WC="0.955" CC="00" />
            <SP ID="P182_SP00037" WIDTH="0" HPOS="0" VPOS="0" />
            <String ID="P182_S00044" HPOS="1000" VPOS="694" WIDTH="71" HEIGHT="49" STYLEREFS="StyleId-2" CONTENT="the" WC="0.8066667" CC="050" />
            <SP ID="P182_SP00038" WIDTH="0" HPOS="0" VPOS="0" />
            <String ID="P182_S00045" HPOS="1100" VPOS="710" WIDTH="93" HEIGHT="36" STYLEREFS="StyleId-2" CONTENT="way" WC="1" CC="000" />
            <SP ID="P182_SP00039" WIDTH="0" HPOS="0" VPOS="0" />
            <String ID="P182_S00046" HPOS="1221" VPOS="697" WIDTH="54" HEIGHT="50" STYLEREFS="StyleId-2" CONTENT="by" WC="1" CC="00" />
            <SP ID="P182_SP00040" WIDTH="0" HPOS="0" VPOS="0" />
            <String ID="P182_S00047" HPOS="1302" VPOS="697" WIDTH="118" HEIGHT="50" STYLEREFS="StyleId-2" CONTENT="these" WC="1" CC="00000" />
            <SP ID="P182_SP00041" WIDTH="0" HPOS="0" VPOS="0" />
            <String ID="P182_S00048" HPOS="1447" VPOS="698" WIDTH="165" HEIGHT="49" STYLEREFS="StyleId-2" CONTENT="words:" WC="0.8433333" CC="404000" />
          </TextLine>
          <TextLine ID="P182_TL00008" HPOS="293" VPOS="755" WIDTH="1318" HEIGHT="64">
            <String ID="P182_S00049" HPOS="293" VPOS="758" WIDTH="225" HEIGHT="41" STYLEREFS="StyleId-2" CONTENT="&quot;Without" WC="0.60375" CC="76407060" />
            <SP ID="P182_SP00042" WIDTH="0" HPOS="0" VPOS="0" />
            <String ID="P182_S00050" HPOS="550" VPOS="766" WIDTH="274" HEIGHT="48" STYLEREFS="StyleId-2" CONTENT="controversy" WC="0.855454564" CC="01303000008" />
            <SP ID="P182_SP00043" WIDTH="0" HPOS="0" VPOS="0" />
            <String ID="P182_S00051" HPOS="855" VPOS="769" WIDTH="120" HEIGHT="45" STYLEREFS="StyleId-2" CONTENT="great" WC="0.602" CC="104400" />
            <SP ID="P182_SP00044" WIDTH="0" HPOS="0" VPOS="0" />
            <String ID="P182_S00052" HPOS="1006" VPOS="761" WIDTH="34" HEIGHT="53" STYLEREFS="StyleId-2" CONTENT="is" WC="0.91" CC="10" />
            <SP ID="P182_SP00045" WIDTH="0" HPOS="0" VPOS="0" />
            <String ID="P182_S00053" HPOS="1071" VPOS="764" WIDTH="70" HEIGHT="50" STYLEREFS="StyleId-2" CONTENT="the" WC="0.566666663" CC="850" />
            <SP ID="P182_SP00046" WIDTH="0" HPOS="0" VPOS="0" />
            <String ID="P182_S00054" HPOS="1171" VPOS="771" WIDTH="186" HEIGHT="45" STYLEREFS="StyleId-2" CONTENT="mystery" WC="0.8685714" CC="0900000" />
            <SP ID="P182_SP00047" WIDTH="0" HPOS="0" VPOS="0" />
            <String ID="P182_S00055" HPOS="1388" VPOS="766" WIDTH="46" HEIGHT="50" STYLEREFS="StyleId-2" CONTENT="of" WC="1" CC="00" />
            <SP ID="P182_SP00048" WIDTH="0" HPOS="0" VPOS="0" />
            <String ID="P182_S00056" HPOS="1466" VPOS="764" WIDTH="145" HEIGHT="52" STYLEREFS="StyleId-2" CONTENT="Godli¬" WC="0.8183333" CC="150012" />
          </TextLine>
          <TextLine ID="P182_TL00009" HPOS="289" VPOS="822" WIDTH="1323" HEIGHT="59">
            <String ID="P182_S00057" HPOS="289" VPOS="838" WIDTH="120" HEIGHT="32" STYLEREFS="StyleId-2" CONTENT="ness;" WC="0.534" CC="84703" />
            <SP ID="P182_SP00049" WIDTH="0" HPOS="0" VPOS="0" />
            <String ID="P182_S00058" HPOS="444" VPOS="824" WIDTH="95" HEIGHT="46" STYLEREFS="StyleId-2" CONTENT="God" WC="0.9533333" CC="010" />
            <SP ID="P182_SP00050" WIDTH="0" HPOS="0" VPOS="0" />
            <String ID="P182_S00059" HPOS="572" VPOS="840" WIDTH="86" HEIGHT="30" STYLEREFS="StyleId-2" CONTENT="was" WC="0.6666667" CC="1000" />
            <SP ID="P182_SP00051" WIDTH="0" HPOS="0" VPOS="0" />
            <String ID="P182_S00060" HPOS="691" VPOS="827" WIDTH="202" HEIGHT="43" STYLEREFS="StyleId-2" CONTENT="manifest" WC="0.76875" CC="010035000" />
            <SP ID="P182_SP00052" WIDTH="0" HPOS="0" VPOS="0" />
            <String ID="P182_S00061" HPOS="925" VPOS="829" WIDTH="41" HEIGHT="41" STYLEREFS="StyleId-2" CONTENT="in" WC="0.355" CC="48" />
            <SP ID="P182_SP00053" WIDTH="0" HPOS="0" VPOS="0" />
            <String ID="P182_S00062" HPOS="998" VPOS="828" WIDTH="72" HEIGHT="42" STYLEREFS="StyleId-2" CONTENT="the" WC="0.75" CC="070" />
            <SP ID="P182_SP00054" WIDTH="0" HPOS="0" VPOS="0" />
            <String ID="P182_S00063" HPOS="1100" VPOS="828" WIDTH="117" HEIGHT="49" STYLEREFS="StyleId-2" CONTENT="flesh," WC="0.805" CC="000074" />
            <SP ID="P182_SP00055" WIDTH="0" HPOS="0" VPOS="0" />
            <String ID="P182_S00064" HPOS="1249" VPOS="830" WIDTH="188" HEIGHT="49" STYLEREFS="StyleId-2" CONTENT="justified" WC="0.8844444" CC="150030000" />
            <SP ID="P182_SP00056" WIDTH="0" HPOS="0" VPOS="0" />
            <String ID="P182_S00065" HPOS="1468" VPOS="831" WIDTH="43" HEIGHT="48" STYLEREFS="StyleId-2" CONTENT="in" WC="0.925" CC="10" />
            <SP ID="P182_SP00057" WIDTH="0" HPOS="0" VPOS="0" />
            <String ID="P182_S00066" HPOS="1543" VPOS="832" WIDTH="69" HEIGHT="47" STYLEREFS="StyleId-2" CONTENT="the" WC="0.8566667" CC="040" />
          </TextLine>
          <TextLine ID="P182_TL00010" HPOS="292" VPOS="889" WIDTH="1320" HEIGHT="62">
            <String ID="P182_S00067" HPOS="292" VPOS="892" WIDTH="132" HEIGHT="50" STYLEREFS="StyleId-2" CONTENT="spirit," WC="0.851428568" CC="7000002" />
            <SP ID="P182_SP00058" WIDTH="0" HPOS="0" VPOS="0" />
            <String ID="P182_S00068" HPOS="454" VPOS="906" WIDTH="97" HEIGHT="36" STYLEREFS="StyleId-2" CONTENT="seen" WC="0.8875" CC="0102" />
            <SP ID="P182_SP00059" WIDTH="0" HPOS="0" VPOS="0" />
            <String ID="P182_S00069" HPOS="581" VPOS="894" WIDTH="47" HEIGHT="48" STYLEREFS="StyleId-2" CONTENT="of" WC="0.895" CC="02" />
            <SP ID="P182_SP00060" WIDTH="0" HPOS="0" VPOS="0" />
            <String ID="P182_S00070" HPOS="656" VPOS="894" WIDTH="160" HEIGHT="50" STYLEREFS="StyleId-2" CONTENT="angels," WC="0.71" CC="01100404" />
            <SP ID="P182_SP00061" WIDTH="0" HPOS="0" VPOS="0" />
            <String ID="P182_S00071" HPOS="846" VPOS="896" WIDTH="209" HEIGHT="49" STYLEREFS="StyleId-2" CONTENT="preached" WC="0.9275" CC="01000400" />
            <SP ID="P182_SP00062" WIDTH="0" HPOS="0" VPOS="0" />
            <String ID="P182_S00072" HPOS="1084" VPOS="903" WIDTH="104" HEIGHT="42" STYLEREFS="StyleId-2" CONTENT="unto" WC="0.735" CC="8002" />
            <SP ID="P182_SP00063" WIDTH="0" HPOS="0" VPOS="0" />
            <String ID="P182_S00073" HPOS="1215" VPOS="896" WIDTH="71" HEIGHT="49" STYLEREFS="StyleId-2" CONTENT="the" WC="0.78" CC="060" />
            <SP ID="P182_SP00064" WIDTH="0" HPOS="0" VPOS="0" />
            <String ID="P182_S00074" HPOS="1315" VPOS="896" WIDTH="199" HEIGHT="51" STYLEREFS="StyleId-2" CONTENT="Gentiles," WC="0.914444447" CC="007000000" />
            <SP ID="P182_SP00065" WIDTH="0" HPOS="0" VPOS="0" />
            <String ID="P182_S00075" HPOS="1542" VPOS="899" WIDTH="70" HEIGHT="48" STYLEREFS="StyleId-2" CONTENT="be¬" WC="0.516666651" CC="707" />
          </TextLine>
          <TextLine ID="P182_TL00011" HPOS="292" VPOS="957" WIDTH="1133" HEIGHT="59">
            <String ID="P182_S00076" HPOS="292" VPOS="960" WIDTH="135" HEIGHT="41" STYLEREFS="StyleId-2" CONTENT="lieved" WC="0.841666639" CC="530000" />
            <SP ID="P182_SP00066" WIDTH="0" HPOS="0" VPOS="0" />
            <String ID="P182_S00077" HPOS="450" VPOS="974" WIDTH="54" HEIGHT="27" STYLEREFS="StyleId-2" CONTENT="on" WC="0.65" CC="07" />
            <SP ID="P182_SP00067" WIDTH="0" HPOS="0" VPOS="0" />
            <String ID="P182_S00078" HPOS="528" VPOS="961" WIDTH="41" HEIGHT="40" STYLEREFS="StyleId-2" CONTENT="in" WC="0.4" CC="56" />
            <SP ID="P182_SP00068" WIDTH="0" HPOS="0" VPOS="0" />
            <String ID="P182_S00079" HPOS="592" VPOS="961" WIDTH="72" HEIGHT="41" STYLEREFS="StyleId-2" CONTENT="the" WC="0.77" CC="060" />
            <SP ID="P182_SP00069" WIDTH="0" HPOS="0" VPOS="0" />
            <String ID="P182_S00080" HPOS="685" VPOS="962" WIDTH="148" HEIGHT="49" STYLEREFS="StyleId-2" CONTENT="world," WC="0.64" CC="1061004" />
            <SP ID="P182_SP00070" WIDTH="0" HPOS="0" VPOS="0" />
            <String ID="P182_S00081" HPOS="859" VPOS="963" WIDTH="190" HEIGHT="48" STYLEREFS="StyleId-2" CONTENT="received" WC="0.9275" CC="00005000" />
            <SP ID="P182_SP00071" WIDTH="0" HPOS="0" VPOS="0" />
            <String ID="P182_S00082" HPOS="1072" VPOS="978" WIDTH="56" HEIGHT="36" STYLEREFS="StyleId-2" CONTENT="up" WC="0.32" CC="57" />
            <SP ID="P182_SP00072" WIDTH="0" HPOS="0" VPOS="0" />
            <String ID="P182_S00083" HPOS="1152" VPOS="965" WIDTH="89" HEIGHT="49" STYLEREFS="StyleId-2" CONTENT="into&gt;" WC="0.744" CC="21008" />
            <SP ID="P182_SP00073" WIDTH="0" HPOS="0" VPOS="0" />
            <String ID="P182_S00084" HPOS="1262" VPOS="965" WIDTH="163" HEIGHT="50" STYLEREFS="StyleId-2" CONTENT="glory.&quot;" WC="0.7542857" CC="10200004" />
          </TextLine>
          <TextLine ID="P182_TL00012" HPOS="347" VPOS="1023" WIDTH="1260" HEIGHT="61">
            <String ID="P182_S00085" HPOS="347" VPOS="1026" WIDTH="204" HEIGHT="50" STYLEREFS="StyleId-2" CONTENT="&quot;Behold," WC="0.6925" CC="77060003" />
            <SP ID="P182_SP00074" WIDTH="0" HPOS="0" VPOS="0" />
            <String ID="P182_S00086" HPOS="581" VPOS="1028" WIDTH="18" HEIGHT="48" STYLEREFS="StyleId-2" CONTENT="I" WC="0.63" CC="3" />
            <SP ID="P182_SP00075" WIDTH="0" HPOS="0" VPOS="0" />
            <String ID="P182_S00087" HPOS="627" VPOS="1027" WIDTH="115" HEIGHT="49" STYLEREFS="StyleId-2" CONTENT="shew" WC="0.815" CC="0700" />
            <SP ID="P182_SP00076" WIDTH="0" HPOS="0" VPOS="0" />
            <String ID="P182_S00088" HPOS="768" VPOS="1043" WIDTH="84" HEIGHT="35" STYLEREFS="StyleId-2" CONTENT="you" WC="0.69" CC="045" />
            <SP ID="P182_SP00077" WIDTH="0" HPOS="0" VPOS="0" />
            <String ID="P182_S00089" HPOS="879" VPOS="1043" WIDTH="25" HEIGHT="35" STYLEREFS="StyleId-2" CONTENT="a" WC="1" CC="0" />
            <SP ID="P182_SP00078" WIDTH="0" HPOS="0" VPOS="0" />
            <String ID="P182_S00090" HPOS="929" VPOS="1031" WIDTH="227" HEIGHT="50" STYLEREFS="StyleId-2" CONTENT="mystery.&quot;" WC="0.8388889" CC="900001004" />
            <SP ID="P182_SP00079" WIDTH="0" HPOS="0" VPOS="0" />
            <String ID="P182_S00091" HPOS="1217" VPOS="1032" WIDTH="38" HEIGHT="49" STYLEREFS="StyleId-2" CONTENT="It" WC="0.815" CC="30" />
            <SP ID="P182_SP00080" WIDTH="0" HPOS="0" VPOS="0" />
            <String ID="P182_S00092" HPOS="1281" VPOS="1033" WIDTH="35" HEIGHT="48" STYLEREFS="StyleId-2" CONTENT="is" WC="1" CC="00" />
            <SP ID="P182_SP00081" WIDTH="0" HPOS="0" VPOS="0" />
            <String ID="P182_S00093" HPOS="1343" VPOS="1033" WIDTH="42" HEIGHT="48" STYLEREFS="StyleId-2" CONTENT="in" WC="0.94" CC="01" />
            <SP ID="P182_SP00082" WIDTH="0" HPOS="0" VPOS="0" />
            <String ID="P182_S00094" HPOS="1412" VPOS="1046" WIDTH="82" HEIGHT="35" STYLEREFS="StyleId-2" CONTENT="yon" WC="0.82" CC="005" />
            <SP ID="P182_SP00083" WIDTH="0" HPOS="0" VPOS="0" />
            <String ID="P182_S00095" HPOS="1520" VPOS="1032" WIDTH="87" HEIGHT="49" STYLEREFS="StyleId-2" CONTENT="hill," WC="0.674" CC="70250" />
          </TextLine>
          <TextLine ID="P182_TL00013" HPOS="292" VPOS="1089" WIDTH="1320" HEIGHT="64">
            <String ID="P182_S00096" HPOS="291" VPOS="1107" WIDTH="82" HEIGHT="35" STYLEREFS="StyleId-2" CONTENT="yon" WC="0.55" CC="085" />
            <SP ID="P182_SP00084" WIDTH="0" HPOS="0" VPOS="0" />
            <String ID="P182_S00097" HPOS="406" VPOS="1094" WIDTH="146" HEIGHT="50" STYLEREFS="StyleId-2" CONTENT="valley." WC="0.642857134" CC="0986000" />
            <SP ID="P182_SP00085" WIDTH="0" HPOS="0" VPOS="0" />
            <String ID="P182_S00098" HPOS="613" VPOS="1091" WIDTH="91" HEIGHT="53" STYLEREFS="StyleId-2" CONTENT="The" WC="0.5133333" CC="770" />
            <SP ID="P182_SP00086" WIDTH="0" HPOS="0" VPOS="0" />
            <String ID="P182_S00099" HPOS="733" VPOS="1096" WIDTH="208" HEIGHT="48" STYLEREFS="StyleId-2" CONTENT="beautiful" WC="0.5833333" CC="750706155" />
            <SP ID="P182_SP00087" WIDTH="0" HPOS="0" VPOS="0" />
            <String ID="P182_S00100" HPOS="973" VPOS="1096" WIDTH="164" HEIGHT="48" STYLEREFS="StyleId-2" CONTENT="flowers" WC="0.8528572" CC="0090000" />
            <SP ID="P182_SP00088" WIDTH="0" HPOS="0" VPOS="0" />
            <String ID="P182_S00101" HPOS="1169" VPOS="1112" WIDTH="70" HEIGHT="32" STYLEREFS="StyleId-2" CONTENT="are" WC="1" CC="000" />
            <SP ID="P182_SP00089" WIDTH="0" HPOS="0" VPOS="0" />
            <String ID="P182_S00102" HPOS="1269" VPOS="1098" WIDTH="242" HEIGHT="53" STYLEREFS="StyleId-2" CONTENT="mysteries;" WC="0.946" CC="0000022000" />
            <SP ID="P182_SP00090" WIDTH="0" HPOS="0" VPOS="0" />
            <String ID="P182_S00103" HPOS="1542" VPOS="1098" WIDTH="70" HEIGHT="53" STYLEREFS="StyleId-2" CONTENT="the" WC="0.473333329" CC="870" />
          </TextLine>
          <TextLine ID="P182_TL00014" HPOS="292" VPOS="1159" WIDTH="1317" HEIGHT="59">
            <String ID="P182_S00104" HPOS="292" VPOS="1160" WIDTH="75" HEIGHT="39" STYLEREFS="StyleId-2" CONTENT="life" WC="0.6925" CC="1640" />
            <SP ID="P182_SP00091" WIDTH="0" HPOS="0" VPOS="0" />
            <String ID="P182_S00105" HPOS="390" VPOS="1160" WIDTH="41" HEIGHT="39" STYLEREFS="StyleId-2" CONTENT="in" WC="0.715" CC="50" />
            <SP ID="P182_SP00092" WIDTH="0" HPOS="0" VPOS="0" />
            <String ID="P182_S00106" HPOS="455" VPOS="1161" WIDTH="71" HEIGHT="39" STYLEREFS="StyleId-2" CONTENT="the" WC="0.766666651" CC="070" />
            <SP ID="P182_SP00093" WIDTH="0" HPOS="0" VPOS="0" />
            <String ID="P182_S00107" HPOS="550" VPOS="1162" WIDTH="138" HEIGHT="50" STYLEREFS="StyleId-2" CONTENT="sprigs" WC="0.683333337" CC="0063100" />
            <SP ID="P182_SP00094" WIDTH="0" HPOS="0" VPOS="0" />
            <String ID="P182_S00108" HPOS="713" VPOS="1163" WIDTH="46" HEIGHT="49" STYLEREFS="StyleId-2" CONTENT="of" WC="0.82" CC="03" />
            <SP ID="P182_SP00095" WIDTH="0" HPOS="0" VPOS="0" />
            <String ID="P182_S00109" HPOS="783" VPOS="1176" WIDTH="120" HEIGHT="36" STYLEREFS="StyleId-2" CONTENT="p'rass" WC="0.793333352" CC="830000" />
            <SP ID="P182_SP00096" WIDTH="0" HPOS="0" VPOS="0" />
            <String ID="P182_S00110" HPOS="928" VPOS="1163" WIDTH="34" HEIGHT="49" STYLEREFS="StyleId-2" CONTENT="is" WC="0.72" CC="50" />
            <SP ID="P182_SP00097" WIDTH="0" HPOS="0" VPOS="0" />
            <String ID="P182_S00111" HPOS="987" VPOS="1178" WIDTH="24" HEIGHT="34" STYLEREFS="StyleId-2" CONTENT="a" WC="1" CC="0" />
            <SP ID="P182_SP00098" WIDTH="0" HPOS="0" VPOS="0" />
            <String ID="P182_S00112" HPOS="1034" VPOS="1171" WIDTH="198" HEIGHT="44" STYLEREFS="StyleId-2" CONTENT="mystery." WC="0.99625" CC="00000000" />
            <SP ID="P182_SP00099" WIDTH="0" HPOS="0" VPOS="0" />
            <String ID="P182_S00113" HPOS="1292" VPOS="1166" WIDTH="117" HEIGHT="49" STYLEREFS="StyleId-2" CONTENT="Who*" WC="0.655" CC="0607" />
            <SP ID="P182_SP00100" WIDTH="0" HPOS="0" VPOS="0" />
            <String ID="P182_S00114" HPOS="1431" VPOS="1180" WIDTH="76" HEIGHT="35" STYLEREFS="StyleId-2" CONTENT="can" WC="0.783333361" CC="006" />
            <SP ID="P182_SP00101" WIDTH="0" HPOS="0" VPOS="0" />
            <String ID="P182_S00115" HPOS="1530" VPOS="1180" WIDTH="79" HEIGHT="35" STYLEREFS="StyleId-2" CONTENT="nu-" WC="0.56" CC="841" />
          </TextLine>
          <TextLine ID="P182_TL00015" HPOS="293" VPOS="1224" WIDTH="1317" HEIGHT="58">
            <String ID="P182_S00116" HPOS="293" VPOS="1227" WIDTH="200" HEIGHT="40" STYLEREFS="StyleId-2" CONTENT="derstand" WC="0.68875" CC="100212215" />
            <SP ID="P182_SP00102" WIDTH="0" HPOS="0" VPOS="0" />
            <String ID="P182_S00117" HPOS="518" VPOS="1228" WIDTH="70" HEIGHT="39" STYLEREFS="StyleId-2" CONTENT="the" WC="0.386666656" CC="971" />
            <SP ID="P182_SP00103" WIDTH="0" HPOS="0" VPOS="0" />
            <String ID="P182_S00118" HPOS="617" VPOS="1227" WIDTH="108" HEIGHT="42" STYLEREFS="StyleId-2" CONTENT="frost" WC="0.704" CC="56030" />
            <SP ID="P182_SP00104" WIDTH="0" HPOS="0" VPOS="0" />
            <String ID="P182_S00119" HPOS="752" VPOS="1230" WIDTH="83" HEIGHT="39" STYLEREFS="StyleId-2" CONTENT="and" WC="0.216666669" CC="1039" />
            <SP ID="P182_SP00105" WIDTH="0" HPOS="0" VPOS="0" />
            <String ID="P182_S00120" HPOS="862" VPOS="1244" WIDTH="129" HEIGHT="34" STYLEREFS="StyleId-2" CONTENT="snow," WC="0.602" CC="00684" />
            <SP ID="P182_SP00106" WIDTH="0" HPOS="0" VPOS="0" />
            <String ID="P182_S00121" HPOS="1020" VPOS="1244" WIDTH="184" HEIGHT="34" STYLEREFS="StyleId-2" CONTENT="summer" WC="0.6933333" CC="070406" />
            <SP ID="P182_SP00107" WIDTH="0" HPOS="0" VPOS="0" />
            <String ID="P182_S00122" HPOS="1232" VPOS="1232" WIDTH="83" HEIGHT="46" STYLEREFS="StyleId-2" CONTENT="and" WC="0.71" CC="800" />
            <SP ID="P182_SP00108" WIDTH="0" HPOS="0" VPOS="0" />
            <String ID="P182_S00123" HPOS="1341" VPOS="1231" WIDTH="159" HEIGHT="50" STYLEREFS="StyleId-2" CONTENT="winter," WC="0.374285728" CC="87410444" />
            <SP ID="P182_SP00109" WIDTH="0" HPOS="0" VPOS="0" />
            <String ID="P182_S00124" HPOS="1530" VPOS="1232" WIDTH="80" HEIGHT="50" STYLEREFS="StyleId-2" CONTENT="day" WC="0.896666646" CC="003" />
          </TextLine>
          <TextLine ID="P182_TL00016" HPOS="292" VPOS="1291" WIDTH="1320" HEIGHT="60">
            <String ID="P182_S00125" HPOS="292" VPOS="1292" WIDTH="83" HEIGHT="40" STYLEREFS="StyleId-2" CONTENT="and" WC="0.613333344" CC="605" />
            <SP ID="P182_SP00110" WIDTH="0" HPOS="0" VPOS="0" />
            <String ID="P182_S00126" HPOS="398" VPOS="1292" WIDTH="151" HEIGHT="51" STYLEREFS="StyleId-2" CONTENT="night?" WC="0.511666656" CC="5610600" />
            <SP ID="P182_SP00111" WIDTH="0" HPOS="0" VPOS="0" />
            <String ID="P182_S00127" HPOS="610" VPOS="1294" WIDTH="68" HEIGHT="49" STYLEREFS="StyleId-2" CONTENT="No" WC="0.65" CC="24" />
            <SP ID="P182_SP00112" WIDTH="0" HPOS="0" VPOS="0" />
            <String ID="P182_S00128" HPOS="701" VPOS="1308" WIDTH="98" HEIGHT="35" STYLEREFS="StyleId-2" CONTENT="man" WC="0.85" CC="004" />
            <SP ID="P182_SP00113" WIDTH="0" HPOS="0" VPOS="0" />
            <String ID="P182_S00129" HPOS="823" VPOS="1309" WIDTH="77" HEIGHT="34" STYLEREFS="StyleId-2" CONTENT="can" WC="0.93" CC="002" />
            <SP ID="P182_SP00114" WIDTH="0" HPOS="0" VPOS="0" />
            <String ID="P182_S00130" HPOS="923" VPOS="1296" WIDTH="260" HEIGHT="47" STYLEREFS="StyleId-2" CONTENT="understand" WC="0.833" CC="6200300050" />
            <SP ID="P182_SP00115" WIDTH="0" HPOS="0" VPOS="0" />
            <String ID="P182_S00131" HPOS="1207" VPOS="1312" WIDTH="52" HEIGHT="31" STYLEREFS="StyleId-2" CONTENT="an" WC="0.73" CC="05" />
            <SP ID="P182_SP00116" WIDTH="0" HPOS="0" VPOS="0" />
            <String ID="P182_S00132" HPOS="1284" VPOS="1312" WIDTH="105" HEIGHT="37" STYLEREFS="StyleId-2" CONTENT="egg;" WC="0.385" CC="010104" />
            <SP ID="P182_SP00117" WIDTH="0" HPOS="0" VPOS="0" />
            <String ID="P182_S00133" HPOS="1412" VPOS="1299" WIDTH="96" HEIGHT="50" STYLEREFS="StyleId-2" CONTENT="take" WC="1" CC="0000" />
            <SP ID="P182_SP00118" WIDTH="0" HPOS="0" VPOS="0" />
            <String ID="P182_S00134" HPOS="1532" VPOS="1312" WIDTH="80" HEIGHT="37" STYLEREFS="StyleId-2" CONTENT="one" WC="0.623333335" CC="460" />
          </TextLine>
          <TextLine ID="P182_TL00017" HPOS="293" VPOS="1356" WIDTH="1317" HEIGHT="62">
            <String ID="P182_S00135" HPOS="293" VPOS="1359" WIDTH="83" HEIGHT="40" STYLEREFS="StyleId-2" CONTENT="and" WC="0.176666662" CC="869" />
            <SP ID="P182_SP00119" WIDTH="0" HPOS="0" VPOS="0" />
            <String ID="P182_S00136" HPOS="403" VPOS="1361" WIDTH="193" HEIGHT="39" STYLEREFS="StyleId-2" CONTENT="examine" WC="0.632857144" CC="6590310" />
            <SP ID="P182_SP00120" WIDTH="0" HPOS="0" VPOS="0" />
            <String ID="P182_S00137" HPOS="622" VPOS="1362" WIDTH="30" HEIGHT="39" STYLEREFS="StyleId-2" CONTENT="it" WC="0.685" CC="60" />
            <SP ID="P182_SP00121" WIDTH="0" HPOS="0" VPOS="0" />
            <String ID="P182_S00138" HPOS="678" VPOS="1363" WIDTH="84" HEIGHT="39" STYLEREFS="StyleId-2" CONTENT="and" WC="0.48" CC="870" />
            <SP ID="P182_SP00122" WIDTH="0" HPOS="0" VPOS="0" />
            <String ID="P182_S00139" HPOS="787" VPOS="1377" WIDTH="84" HEIGHT="36" STYLEREFS="StyleId-2" CONTENT="you" WC="0.483333319" CC="645" />
            <SP ID="P182_SP00123" WIDTH="0" HPOS="0" VPOS="0" />
            <String ID="P182_S00140" HPOS="896" VPOS="1363" WIDTH="84" HEIGHT="50" STYLEREFS="StyleId-2" CONTENT="will" WC="0.685" CC="0533" />
            <SP ID="P182_SP00124" WIDTH="0" HPOS="0" VPOS="0" />
            <String ID="P182_S00141" HPOS="1007" VPOS="1364" WIDTH="87" HEIGHT="49" STYLEREFS="StyleId-2" CONTENT="find" WC="0.9375" CC="0020" />
            <SP ID="P182_SP00125" WIDTH="0" HPOS="0" VPOS="0" />
            <String ID="P182_S00142" HPOS="1118" VPOS="1363" WIDTH="162" HEIGHT="50" STYLEREFS="StyleId-2" CONTENT="therein" WC="0.65" CC="0604067" />
            <SP ID="P182_SP00126" WIDTH="0" HPOS="0" VPOS="0" />
            <String ID="P182_S00143" HPOS="1305" VPOS="1366" WIDTH="142" HEIGHT="47" STYLEREFS="StyleId-2" CONTENT="bones," WC="0.558333337" CC="10210004" />
            <SP ID="P182_SP00127" WIDTH="0" HPOS="0" VPOS="0" />
            <String ID="P182_S00144" HPOS="1475" VPOS="1365" WIDTH="136" HEIGHT="48" STYLEREFS="StyleId-2" CONTENT="feath¬" WC="0.69" CC="605060" />
          </TextLine>
          <TextLine ID="P182_TL00018" HPOS="293" VPOS="1424" WIDTH="1070" HEIGHT="58">
            <String ID="P182_S00145" HPOS="293" VPOS="1439" WIDTH="79" HEIGHT="36" STYLEREFS="StyleId-2" CONTENT="ers," WC="0.8075" CC="0204" />
            <SP ID="P182_SP00128" WIDTH="0" HPOS="0" VPOS="0" />
            <String ID="P182_S00146" HPOS="401" VPOS="1426" WIDTH="139" HEIGHT="49" STYLEREFS="StyleId-2" CONTENT="blood," WC="0.885" CC="040002" />
            <SP ID="P182_SP00129" WIDTH="0" HPOS="0" VPOS="0" />
            <String ID="P182_S00147" HPOS="570" VPOS="1441" WIDTH="108" HEIGHT="36" STYLEREFS="StyleId-2" CONTENT="eyes," WC="0.914" CC="00004" />
            <SP ID="P182_SP00130" WIDTH="0" HPOS="0" VPOS="0" />
            <String ID="P182_S00148" HPOS="706" VPOS="1428" WIDTH="161" HEIGHT="50" STYLEREFS="StyleId-2" CONTENT="mouth," WC="0.723333359" CC="006063" />
            <SP ID="P182_SP00131" WIDTH="0" HPOS="0" VPOS="0" />
            <String ID="P182_S00149" HPOS="898" VPOS="1430" WIDTH="84" HEIGHT="48" STYLEREFS="StyleId-2" CONTENT="feet" WC="0.945" CC="2000" />
            <SP ID="P182_SP00132" WIDTH="0" HPOS="0" VPOS="0" />
            <String ID="P182_S00150" HPOS="1009" VPOS="1431" WIDTH="83" HEIGHT="47" STYLEREFS="StyleId-2" CONTENT="and" WC="0.81" CC="050" />
            <SP ID="P182_SP00133" WIDTH="0" HPOS="0" VPOS="0" />
            <String ID="P182_S00151" HPOS="1120" VPOS="1432" WIDTH="243" HEIGHT="50" STYLEREFS="StyleId-2" CONTENT="sensibility." WC="0.8233333" CC="000054506000" />
          </TextLine>
          <TextLine ID="P182_TL00019" HPOS="891" VPOS="1518" WIDTH="119" HEIGHT="29">
            <String ID="P182_S00152" HPOS="891" VPOS="1519" WIDTH="119" HEIGHT="28" STYLEREFS="StyleId-3" CONTENT="MAN." WC="0.57" CC="0664" />
          </TextLine>
          <TextLine ID="P182_TL00020" HPOS="349" VPOS="1581" WIDTH="1258" HEIGHT="58">
            <String ID="P182_S00153" HPOS="349" VPOS="1582" WIDTH="106" HEIGHT="40" STYLEREFS="StyleId-2" CONTENT="Man" WC="0.663333356" CC="504" />
            <SP ID="P182_SP00134" WIDTH="0" HPOS="0" VPOS="0" />
            <String ID="P182_S00154" HPOS="483" VPOS="1583" WIDTH="33" HEIGHT="40" STYLEREFS="StyleId-2" CONTENT="is" WC="0.67" CC="60" />
            <SP ID="P182_SP00135" WIDTH="0" HPOS="0" VPOS="0" />
            <String ID="P182_S00155" HPOS="546" VPOS="1583" WIDTH="200" HEIGHT="47" STYLEREFS="StyleId-2" CONTENT="fearfully" WC="0.584444463" CC="308246164" />
            <SP ID="P182_SP00136" WIDTH="0" HPOS="0" VPOS="0" />
            <String ID="P182_S00156" HPOS="774" VPOS="1586" WIDTH="84" HEIGHT="44" STYLEREFS="StyleId-2" CONTENT="and" WC="0.7366667" CC="070" />
            <SP ID="P182_SP00137" WIDTH="0" HPOS="0" VPOS="0" />
            <String ID="P182_S00157" HPOS="885" VPOS="1587" WIDTH="283" HEIGHT="49" STYLEREFS="StyleId-2" CONTENT="wonderfully" WC="0.7418182" CC="05200144540" />
            <SP ID="P182_SP00138" WIDTH="0" HPOS="0" VPOS="0" />
            <String ID="P182_S00158" HPOS="1196" VPOS="1589" WIDTH="133" HEIGHT="47" STYLEREFS="StyleId-2" CONTENT="made." WC="1" CC="00000" />
            <SP ID="P182_SP00139" WIDTH="0" HPOS="0" VPOS="0" />
            <String ID="P182_S00159" HPOS="1418" VPOS="1591" WIDTH="71" HEIGHT="45" STYLEREFS="StyleId-2" CONTENT="He" WC="0.805" CC="30" />
            <SP ID="P182_SP00140" WIDTH="0" HPOS="0" VPOS="0" />
            <String ID="P182_S00160" HPOS="1515" VPOS="1604" WIDTH="92" HEIGHT="35" STYLEREFS="StyleId-2" CONTENT="rep¬" WC="0.9275" CC="2000" />
          </TextLine>
          <TextLine ID="P182_TL00021" HPOS="293" VPOS="1647" WIDTH="1314" HEIGHT="51">
            <String ID="P182_S00161" HPOS="293" VPOS="1655" WIDTH="159" HEIGHT="33" STYLEREFS="StyleId-2" CONTENT="resents" WC="0.7614286" CC="2700600" />
            <SP ID="P182_SP00141" WIDTH="0" HPOS="0" VPOS="0" />
            <String ID="P182_S00162" HPOS="482" VPOS="1663" WIDTH="23" HEIGHT="25" STYLEREFS="StyleId-2" CONTENT="a" WC="1" CC="0" />
            <SP ID="P182_SP00142" WIDTH="0" HPOS="0" VPOS="0" />
            <String ID="P182_S00163" HPOS="535" VPOS="1650" WIDTH="142" HEIGHT="41" STYLEREFS="StyleId-2" CONTENT="house." WC="0.7" CC="507050" />
            <SP ID="P182_SP00143" WIDTH="0" HPOS="0" VPOS="0" />
            <String ID="P182_S00164" HPOS="739" VPOS="1652" WIDTH="83" HEIGHT="40" STYLEREFS="StyleId-2" CONTENT="His" WC="0.47" CC="2310" />
            <SP ID="P182_SP00144" WIDTH="0" HPOS="0" VPOS="0" />
            <String ID="P182_S00165" HPOS="849" VPOS="1654" WIDTH="148" HEIGHT="39" STYLEREFS="StyleId-2" CONTENT="mouth" WC="0.71" CC="00706" />
            <SP ID="P182_SP00145" WIDTH="0" HPOS="0" VPOS="0" />
            <String ID="P182_S00166" HPOS="1025" VPOS="1653" WIDTH="33" HEIGHT="41" STYLEREFS="StyleId-2" CONTENT="is" WC="0.825" CC="30" />
            <SP ID="P182_SP00146" WIDTH="0" HPOS="0" VPOS="0" />
            <String ID="P182_S00167" HPOS="1088" VPOS="1654" WIDTH="70" HEIGHT="41" STYLEREFS="StyleId-2" CONTENT="the" WC="0.76" CC="061" />
            <SP ID="P182_SP00147" WIDTH="0" HPOS="0" VPOS="0" />
            <String ID="P182_S00168" HPOS="1187" VPOS="1655" WIDTH="115" HEIGHT="40" STYLEREFS="StyleId-2" CONTENT="door." WC="0.774" CC="02231" />
            <SP ID="P182_SP00148" WIDTH="0" HPOS="0" VPOS="0" />
            <String ID="P182_S00169" HPOS="1363" VPOS="1655" WIDTH="80" HEIGHT="41" STYLEREFS="StyleId-2" CONTENT="His" WC="0.576666653" CC="570" />
            <SP ID="P182_SP00149" WIDTH="0" HPOS="0" VPOS="0" />
            <String ID="P182_S00170" HPOS="1473" VPOS="1655" WIDTH="134" HEIGHT="43" STYLEREFS="StyleId-2" CONTENT="hands" WC="0.57" CC="66107" />
          </TextLine>
          <TextLine ID="P182_TL00022" HPOS="292" VPOS="1713" WIDTH="1317" HEIGHT="60">
            <String ID="P182_S00171" HPOS="292" VPOS="1729" WIDTH="71" HEIGHT="25" STYLEREFS="StyleId-2" CONTENT="are" WC="0.7033333" CC="710" />
            <SP ID="P182_SP00150" WIDTH="0" HPOS="0" VPOS="0" />
            <String ID="P182_S00172" HPOS="385" VPOS="1716" WIDTH="71" HEIGHT="38" STYLEREFS="StyleId-2" CONTENT="the" WC="1" CC="000" />
            <SP ID="P182_SP00151" WIDTH="0" HPOS="0" VPOS="0" />
            <String ID="P182_S00173" HPOS="479" VPOS="1716" WIDTH="172" HEIGHT="50" STYLEREFS="StyleId-2" CONTENT="keepers" WC="0.7985714" CC="0300037" />
            <SP ID="P182_SP00152" WIDTH="0" HPOS="0" VPOS="0" />
            <String ID="P182_S00174" HPOS="675" VPOS="1718" WIDTH="47" HEIGHT="48" STYLEREFS="StyleId-2" CONTENT="of" WC="0.47" CC="55" />
            <SP ID="P182_SP00153" WIDTH="0" HPOS="0" VPOS="0" />
            <String ID="P182_S00175" HPOS="744" VPOS="1718" WIDTH="71" HEIGHT="48" STYLEREFS="StyleId-2" CONTENT="the" WC="0.863333344" CC="040" />
            <SP ID="P182_SP00154" WIDTH="0" HPOS="0" VPOS="0" />
            <String ID="P182_S00176" HPOS="834" VPOS="1717" WIDTH="145" HEIGHT="51" STYLEREFS="StyleId-2" CONTENT="house," WC="0.571666658" CC="767003" />
            <SP ID="P182_SP00155" WIDTH="0" HPOS="0" VPOS="0" />
            <String ID="P182_S00177" HPOS="1004" VPOS="1720" WIDTH="65" HEIGHT="48" STYLEREFS="StyleId-2" CONTENT="his" WC="0.766666651" CC="600" />
            <SP ID="P182_SP00156" WIDTH="0" HPOS="0" VPOS="0" />
            <String ID="P182_S00178" HPOS="1093" VPOS="1734" WIDTH="94" HEIGHT="36" STYLEREFS="StyleId-2" CONTENT="eyes" WC="1" CC="0000" />
            <SP ID="P182_SP00157" WIDTH="0" HPOS="0" VPOS="0" />
            <String ID="P182_S00179" HPOS="1210" VPOS="1720" WIDTH="71" HEIGHT="50" STYLEREFS="StyleId-2" CONTENT="the" WC="0.776666641" CC="060" />
            <SP ID="P182_SP00158" WIDTH="0" HPOS="0" VPOS="0" />
            <String ID="P182_S00180" HPOS="1304" VPOS="1722" WIDTH="216" HEIGHT="50" STYLEREFS="StyleId-2" CONTENT="windows," WC="0.72625" CC="04309004" />
            <SP ID="P182_SP00159" WIDTH="0" HPOS="0" VPOS="0" />
            <String ID="P182_S00181" HPOS="1544" VPOS="1724" WIDTH="65" HEIGHT="48" STYLEREFS="StyleId-2" CONTENT="his" WC="0.896666646" CC="030" />
          </TextLine>
          <TextLine ID="P182_TL00023" HPOS="292" VPOS="1779" WIDTH="1317" HEIGHT="63">
            <String ID="P182_S00182" HPOS="292" VPOS="1795" WIDTH="102" HEIGHT="27" STYLEREFS="StyleId-2" CONTENT="nose" WC="0.92" CC="3000" />
            <SP ID="P182_SP00160" WIDTH="0" HPOS="0" VPOS="0" />
            <String ID="P182_S00183" HPOS="416" VPOS="1781" WIDTH="71" HEIGHT="41" STYLEREFS="StyleId-2" CONTENT="the" WC="0.75" CC="070" />
            <SP ID="P182_SP00161" WIDTH="0" HPOS="0" VPOS="0" />
            <String ID="P182_S00184" HPOS="508" VPOS="1781" WIDTH="207" HEIGHT="53" STYLEREFS="StyleId-2" CONTENT="chimney," WC="0.7025" CC="07407003" />
            <SP ID="P182_SP00162" WIDTH="0" HPOS="0" VPOS="0" />
            <String ID="P182_S00185" HPOS="738" VPOS="1783" WIDTH="64" HEIGHT="51" STYLEREFS="StyleId-2" CONTENT="his" WC="0.696666658" CC="620" />
            <SP ID="P182_SP00163" WIDTH="0" HPOS="0" VPOS="0" />
            <String ID="P182_S00186" HPOS="825" VPOS="1799" WIDTH="93" HEIGHT="35" STYLEREFS="StyleId-2" CONTENT="ears" WC="0.6725" CC="2037" />
            <SP ID="P182_SP00164" WIDTH="0" HPOS="0" VPOS="0" />
            <String ID="P182_S00187" HPOS="939" VPOS="1799" WIDTH="70" HEIGHT="35" STYLEREFS="StyleId-2" CONTENT="are" WC="0.7266667" CC="700" />
            <SP ID="P182_SP00165" WIDTH="0" HPOS="0" VPOS="0" />
            <String ID="P182_S00188" HPOS="1031" VPOS="1788" WIDTH="205" HEIGHT="50" STYLEREFS="StyleId-2" CONTENT="openings" WC="0.80125" CC="000041100" />
            <SP ID="P182_SP00166" WIDTH="0" HPOS="0" VPOS="0" />
            <String ID="P182_S00189" HPOS="1259" VPOS="1790" WIDTH="43" HEIGHT="48" STYLEREFS="StyleId-2" CONTENT="in" WC="0.845" CC="11" />
            <SP ID="P182_SP00167" WIDTH="0" HPOS="0" VPOS="0" />
            <String ID="P182_S00190" HPOS="1324" VPOS="1787" WIDTH="71" HEIGHT="51" STYLEREFS="StyleId-2" CONTENT="the" WC="0.7733333" CC="060" />
            <SP ID="P182_SP00168" WIDTH="0" HPOS="0" VPOS="0" />
            <String ID="P182_S00191" HPOS="1416" VPOS="1790" WIDTH="193" HEIGHT="51" STYLEREFS="StyleId-2" CONTENT="building" WC="0.61875" CC="410405310" />
          </TextLine>
          <TextLine ID="P182_TL00024" HPOS="294" VPOS="1847" WIDTH="1311" HEIGHT="58">
            <String ID="P182_S00192" HPOS="294" VPOS="1849" WIDTH="68" HEIGHT="39" STYLEREFS="StyleId-2" CONTENT="for" WC="0.946666658" CC="000" />
            <SP ID="P182_SP00169" WIDTH="0" HPOS="0" VPOS="0" />
            <String ID="P182_S00193" HPOS="380" VPOS="1849" WIDTH="72" HEIGHT="39" STYLEREFS="StyleId-2" CONTENT="the" WC="0.613333344" CC="470" />
            <SP ID="P182_SP00170" WIDTH="0" HPOS="0" VPOS="0" />
            <String ID="P182_S00194" HPOS="470" VPOS="1850" WIDTH="138" HEIGHT="39" STYLEREFS="StyleId-2" CONTENT="sound" WC="0.818" CC="01700" />
            <SP ID="P182_SP00171" WIDTH="0" HPOS="0" VPOS="0" />
            <String ID="P182_S00195" HPOS="626" VPOS="1856" WIDTH="43" HEIGHT="35" STYLEREFS="StyleId-2" CONTENT="to" WC="1" CC="00" />
            <SP ID="P182_SP00172" WIDTH="0" HPOS="0" VPOS="0" />
            <String ID="P182_S00196" HPOS="686" VPOS="1850" WIDTH="50" HEIGHT="41" STYLEREFS="StyleId-2" CONTENT="be" WC="0.65" CC="70" />
            <SP ID="P182_SP00173" WIDTH="0" HPOS="0" VPOS="0" />
            <String ID="P182_S00197" HPOS="753" VPOS="1851" WIDTH="151" HEIGHT="49" STYLEREFS="StyleId-2" CONTENT="heard;" WC="0.735" CC="705300" />
            <SP ID="P182_SP00174" WIDTH="0" HPOS="0" VPOS="0" />
            <String ID="P182_S00198" HPOS="923" VPOS="1851" WIDTH="67" HEIGHT="49" STYLEREFS="StyleId-2" CONTENT="his" WC="0.3" CC="767" />
            <SP ID="P182_SP00175" WIDTH="0" HPOS="0" VPOS="0" />
            <String ID="P182_S00199" HPOS="1008" VPOS="1861" WIDTH="149" HEIGHT="41" STYLEREFS="StyleId-2" CONTENT="strong" WC="0.808333337" CC="0010010" />
            <SP ID="P182_SP00176" WIDTH="0" HPOS="0" VPOS="0" />
            <String ID="P182_S00200" HPOS="1174" VPOS="1869" WIDTH="95" HEIGHT="33" STYLEREFS="StyleId-2" CONTENT="men" WC="0.816666663" CC="005" />
            <SP ID="P182_SP00177" WIDTH="0" HPOS="0" VPOS="0" />
            <String ID="P182_S00201" HPOS="1289" VPOS="1868" WIDTH="72" HEIGHT="34" STYLEREFS="StyleId-2" CONTENT="are" WC="0.956666648" CC="001" />
            <SP ID="P182_SP00178" WIDTH="0" HPOS="0" VPOS="0" />
            <String ID="P182_S00202" HPOS="1377" VPOS="1857" WIDTH="64" HEIGHT="45" STYLEREFS="StyleId-2" CONTENT="his" WC="0.683333337" CC="450" />
            <SP ID="P182_SP00179" WIDTH="0" HPOS="0" VPOS="0" />
            <String ID="P182_S00203" HPOS="1460" VPOS="1858" WIDTH="145" HEIGHT="47" STYLEREFS="StyleId-2" CONTENT="limbs;" WC="0.751666665" CC="257000" />
          </TextLine>
          <TextLine ID="P182_TL00025" HPOS="293" VPOS="1911" WIDTH="1315" HEIGHT="61">
            <String ID="P182_S00204" HPOS="293" VPOS="1913" WIDTH="64" HEIGHT="41" STYLEREFS="StyleId-2" CONTENT="his" WC="0.613333344" CC="650" />
            <SP ID="P182_SP00180" WIDTH="0" HPOS="0" VPOS="0" />
            <String ID="P182_S00205" HPOS="387" VPOS="1914" WIDTH="93" HEIGHT="40" STYLEREFS="StyleId-2" CONTENT="hair" WC="0.4" CC="7771" />
            <SP ID="P182_SP00181" WIDTH="0" HPOS="0" VPOS="0" />
            <String ID="P182_S00206" HPOS="510" VPOS="1914" WIDTH="34" HEIGHT="40" STYLEREFS="StyleId-2" CONTENT="is" WC="0.64" CC="70" />
            <SP ID="P182_SP00182" WIDTH="0" HPOS="0" VPOS="0" />
            <String ID="P182_S00207" HPOS="573" VPOS="1913" WIDTH="67" HEIGHT="41" STYLEREFS="StyleId-2" CONTENT="his" WC="0.316666663" CC="1064" />
            <SP ID="P182_SP00183" WIDTH="0" HPOS="0" VPOS="0" />
            <String ID="P182_S00208" HPOS="683" VPOS="1918" WIDTH="233" HEIGHT="48" STYLEREFS="StyleId-2" CONTENT="protection" WC="0.886" CC="0100000640" />
            <SP ID="P182_SP00184" WIDTH="0" HPOS="0" VPOS="0" />
            <String ID="P182_S00209" HPOS="947" VPOS="1932" WIDTH="47" HEIGHT="34" STYLEREFS="StyleId-2" CONTENT="or" WC="1" CC="00" />
            <SP ID="P182_SP00185" WIDTH="0" HPOS="0" VPOS="0" />
            <String ID="P182_S00210" HPOS="1024" VPOS="1931" WIDTH="146" HEIGHT="35" STYLEREFS="StyleId-2" CONTENT="cover;" WC="1" CC="000000" />
            <SP ID="P182_SP00186" WIDTH="0" HPOS="0" VPOS="0" />
            <String ID="P182_S00211" HPOS="1202" VPOS="1921" WIDTH="64" HEIGHT="45" STYLEREFS="StyleId-2" CONTENT="his" WC="0.8233333" CC="050" />
            <SP ID="P182_SP00187" WIDTH="0" HPOS="0" VPOS="0" />
            <String ID="P182_S00212" HPOS="1312" VPOS="1921" WIDTH="84" HEIGHT="45" STYLEREFS="StyleId-2" CONTENT="feet" WC="1" CC="0000" />
            <SP ID="P182_SP00188" WIDTH="0" HPOS="0" VPOS="0" />
            <String ID="P182_S00213" HPOS="1425" VPOS="1935" WIDTH="72" HEIGHT="31" STYLEREFS="StyleId-2" CONTENT="are" WC="1" CC="000" />
            <SP ID="P182_SP00189" WIDTH="0" HPOS="0" VPOS="0" />
            <String ID="P182_S00214" HPOS="1538" VPOS="1922" WIDTH="70" HEIGHT="44" STYLEREFS="StyleId-2" CONTENT="the" WC="0.7866667" CC="060" />
          </TextLine>
          <TextLine ID="P182_TL00026" HPOS="292" VPOS="1980" WIDTH="1314" HEIGHT="62">
            <String ID="P182_S00215" HPOS="292" VPOS="1981" WIDTH="265" HEIGHT="40" STYLEREFS="StyleId-2" CONTENT="foundation." WC="0.735454559" CC="30717000080" />
            <SP ID="P182_SP00190" WIDTH="0" HPOS="0" VPOS="0" />
            <String ID="P182_S00216" HPOS="622" VPOS="1982" WIDTH="117" HEIGHT="41" STYLEREFS="StyleId-2" CONTENT="Who" WC="0.41" CC="466" />
            <SP ID="P182_SP00191" WIDTH="0" HPOS="0" VPOS="0" />
            <String ID="P182_S00217" HPOS="757" VPOS="1997" WIDTH="75" HEIGHT="28" STYLEREFS="StyleId-2" CONTENT="can" WC="0.7133333" CC="080" />
            <SP ID="P182_SP00192" WIDTH="0" HPOS="0" VPOS="0" />
            <String ID="P182_S00218" HPOS="854" VPOS="1986" WIDTH="259" HEIGHT="40" STYLEREFS="StyleId-2" CONTENT="understand" WC="0.87" CC="6100000040" />
            <SP ID="P182_SP00193" WIDTH="0" HPOS="0" VPOS="0" />
            <String ID="P182_S00219" HPOS="1134" VPOS="1986" WIDTH="69" HEIGHT="42" STYLEREFS="StyleId-2" CONTENT="the" WC="0.69" CC="720" />
            <SP ID="P182_SP00194" WIDTH="0" HPOS="0" VPOS="0" />
            <String ID="P182_S00220" HPOS="1224" VPOS="1988" WIDTH="170" HEIGHT="52" STYLEREFS="StyleId-2" CONTENT="putting" WC="0.65" CC="06003410" />
            <SP ID="P182_SP00195" WIDTH="0" HPOS="0" VPOS="0" />
            <String ID="P182_S00221" HPOS="1412" VPOS="1990" WIDTH="194" HEIGHT="51" STYLEREFS="StyleId-2" CONTENT="together" WC="0.8175" CC="00700600" />
          </TextLine>
          <TextLine ID="P182_TL00027" HPOS="292" VPOS="2046" WIDTH="1312" HEIGHT="62">
            <String ID="P182_S00222" HPOS="292" VPOS="2048" WIDTH="46" HEIGHT="38" STYLEREFS="StyleId-2" CONTENT="of" WC="0.96" CC="00" />
            <SP ID="P182_SP00196" WIDTH="0" HPOS="0" VPOS="0" />
            <String ID="P182_S00223" HPOS="380" VPOS="2047" WIDTH="83" HEIGHT="40" STYLEREFS="StyleId-2" CONTENT="this" WC="0.665" CC="0760" />
            <SP ID="P182_SP00197" WIDTH="0" HPOS="0" VPOS="0" />
            <String ID="P182_S00224" HPOS="505" VPOS="2047" WIDTH="161" HEIGHT="42" STYLEREFS="StyleId-2" CONTENT="house?" WC="0.77" CC="607000" />
            <SP ID="P182_SP00198" WIDTH="0" HPOS="0" VPOS="0" />
            <String ID="P182_S00225" HPOS="726" VPOS="2050" WIDTH="87" HEIGHT="40" STYLEREFS="StyleId-2" CONTENT="Not" WC="0.863333344" CC="210" />
            <SP ID="P182_SP00199" WIDTH="0" HPOS="0" VPOS="0" />
            <String ID="P182_S00226" HPOS="854" VPOS="2064" WIDTH="90" HEIGHT="27" STYLEREFS="StyleId-2" CONTENT="one." WC="0.7775" CC="2600" />
            <SP ID="P182_SP00200" WIDTH="0" HPOS="0" VPOS="0" />
            <String ID="P182_S00227" HPOS="1005" VPOS="2053" WIDTH="104" HEIGHT="40" STYLEREFS="StyleId-2" CONTENT="Man" WC="0.7033333" CC="080" />
            <SP ID="P182_SP00201" WIDTH="0" HPOS="0" VPOS="0" />
            <String ID="P182_S00228" HPOS="1152" VPOS="2054" WIDTH="33" HEIGHT="40" STYLEREFS="StyleId-2" CONTENT="is" WC="0.69" CC="60" />
            <SP ID="P182_SP00202" WIDTH="0" HPOS="0" VPOS="0" />
            <String ID="P182_S00229" HPOS="1228" VPOS="2055" WIDTH="134" HEIGHT="46" STYLEREFS="StyleId-2" CONTENT="made," WC="0.784" CC="40023" />
            <SP ID="P182_SP00203" WIDTH="0" HPOS="0" VPOS="0" />
            <String ID="P182_S00230" HPOS="1405" VPOS="2058" WIDTH="199" HEIGHT="50" STYLEREFS="StyleId-2" CONTENT="wrapped" WC="0.6142857" CC="02109004" />
          </TextLine>
          <TextLine ID="P182_TL00028" HPOS="292" VPOS="2112" WIDTH="1313" HEIGHT="61">
            <String ID="P182_S00231" HPOS="291" VPOS="2113" WIDTH="84" HEIGHT="41" STYLEREFS="StyleId-2" CONTENT="and" WC="1" CC="000" />
            <SP ID="P182_SP00204" WIDTH="0" HPOS="0" VPOS="0" />
            <String ID="P182_S00232" HPOS="408" VPOS="2114" WIDTH="84" HEIGHT="40" STYLEREFS="StyleId-2" CONTENT="tied" WC="1" CC="0000" />
            <SP ID="P182_SP00205" WIDTH="0" HPOS="0" VPOS="0" />
            <String ID="P182_S00233" HPOS="527" VPOS="2114" WIDTH="39" HEIGHT="40" STYLEREFS="StyleId-2" CONTENT="in" WC="0.645" CC="51" />
            <SP ID="P182_SP00206" WIDTH="0" HPOS="0" VPOS="0" />
            <String ID="P182_S00234" HPOS="599" VPOS="2130" WIDTH="25" HEIGHT="25" STYLEREFS="StyleId-2" CONTENT="a" WC="1" CC="0" />
            <SP ID="P182_SP00207" WIDTH="0" HPOS="0" VPOS="0" />
            <String ID="P182_S00235" HPOS="654" VPOS="2122" WIDTH="196" HEIGHT="46" STYLEREFS="StyleId-2" CONTENT="mystery." WC="0.86625" CC="00630000" />
            <SP ID="P182_SP00208" WIDTH="0" HPOS="0" VPOS="0" />
            <String ID="P182_S00236" HPOS="912" VPOS="2117" WIDTH="228" HEIGHT="53" STYLEREFS="StyleId-2" CONTENT="Obscurity" WC="0.8" CC="070060400" />
            <SP ID="P182_SP00209" WIDTH="0" HPOS="0" VPOS="0" />
            <String ID="P182_S00237" HPOS="1185" VPOS="2120" WIDTH="33" HEIGHT="50" STYLEREFS="StyleId-2" CONTENT="is" WC="1" CC="00" />
            <SP ID="P182_SP00210" WIDTH="0" HPOS="0" VPOS="0" />
            <String ID="P182_S00238" HPOS="1262" VPOS="2120" WIDTH="65" HEIGHT="50" STYLEREFS="StyleId-2" CONTENT="his" WC="0.586666644" CC="740" />
            <SP ID="P182_SP00211" WIDTH="0" HPOS="0" VPOS="0" />
            <String ID="P182_S00239" HPOS="1373" VPOS="2121" WIDTH="232" HEIGHT="49" STYLEREFS="StyleId-2" CONTENT="habitation" WC="0.614" CC="7806050550" />
          </TextLine>
          <TextLine ID="P182_TL00029" HPOS="291" VPOS="2179" WIDTH="1312" HEIGHT="62">
            <String ID="P182_S00240" HPOS="291" VPOS="2181" WIDTH="124" HEIGHT="39" STYLEREFS="StyleId-2" CONTENT="when" WC="0.8225" CC="0700" />
            <SP ID="P182_SP00212" WIDTH="0" HPOS="0" VPOS="0" />
            <String ID="P182_S00241" HPOS="442" VPOS="2181" WIDTH="31" HEIGHT="39" STYLEREFS="StyleId-2" CONTENT="it" WC="0.68" CC="60" />
            <SP ID="P182_SP00213" WIDTH="0" HPOS="0" VPOS="0" />
            <String ID="P182_S00242" HPOS="499" VPOS="2192" WIDTH="142" HEIGHT="29" STYLEREFS="StyleId-2" CONTENT="comes1" WC="0.965" CC="000002" />
            <SP ID="P182_SP00214" WIDTH="0" HPOS="0" VPOS="0" />
            <String ID="P182_S00243" HPOS="664" VPOS="2188" WIDTH="46" HEIGHT="34" STYLEREFS="StyleId-2" CONTENT="to" WC="0.635" CC="07" />
            <SP ID="P182_SP00215" WIDTH="0" HPOS="0" VPOS="0" />
            <String ID="P182_S00244" HPOS="733" VPOS="2183" WIDTH="335" HEIGHT="54" STYLEREFS="StyleId-2" CONTENT="understanding" WC="0.7846154" CC="70000000703010" />
            <SP ID="P182_SP00216" WIDTH="0" HPOS="0" VPOS="0" />
            <String ID="P182_S00245" HPOS="1094" VPOS="2185" WIDTH="99" HEIGHT="52" STYLEREFS="StyleId-2" CONTENT="him." WC="0.73" CC="7300" />
            <SP ID="P182_SP00217" WIDTH="0" HPOS="0" VPOS="0" />
            <String ID="P182_S00246" HPOS="1255" VPOS="2186" WIDTH="203" HEIGHT="51" STYLEREFS="StyleId-2" CONTENT="Solomon" WC="0.692857146" CC="6610700" />
            <SP ID="P182_SP00218" WIDTH="0" HPOS="0" VPOS="0" />
            <String ID="P182_S00247" HPOS="1486" VPOS="2203" WIDTH="117" HEIGHT="38" STYLEREFS="StyleId-2" CONTENT="says:" WC="0.896" CC="05000" />
          </TextLine>
          <TextLine ID="P182_TL00030" HPOS="293" VPOS="2243" WIDTH="1314" HEIGHT="62">
            <String ID="P182_S00248" HPOS="293" VPOS="2243" WIDTH="166" HEIGHT="43" STYLEREFS="StyleId-2" CONTENT="&quot;There" WC="0.598333359" CC="775030" />
            <SP ID="P182_SP00219" WIDTH="0" HPOS="0" VPOS="0" />
            <String ID="P182_S00249" HPOS="485" VPOS="2258" WIDTH="69" HEIGHT="28" STYLEREFS="StyleId-2" CONTENT="are" WC="0.456666678" CC="960" />
            <SP ID="P182_SP00220" WIDTH="0" HPOS="0" VPOS="0" />
            <String ID="P182_S00250" HPOS="581" VPOS="2247" WIDTH="97" HEIGHT="40" STYLEREFS="StyleId-2" CONTENT="fcur" WC="0.635" CC="3074" />
            <SP ID="P182_SP00221" WIDTH="0" HPOS="0" VPOS="0" />
            <String ID="P182_S00251" HPOS="702" VPOS="2247" WIDTH="147" HEIGHT="51" STYLEREFS="StyleId-2" CONTENT="things'" WC="0.5385714" CC="07541004" />
            <SP ID="P182_SP00222" WIDTH="0" HPOS="0" VPOS="0" />
            <String ID="P182_S00252" HPOS="874" VPOS="2248" WIDTH="17" HEIGHT="50" STYLEREFS="StyleId-2" CONTENT="I" WC="0.32" CC="6" />
            <SP ID="P182_SP00223" WIDTH="0" HPOS="0" VPOS="0" />
            <String ID="P182_S00253" HPOS="920" VPOS="2250" WIDTH="54" HEIGHT="48" STYLEREFS="StyleId-2" CONTENT="do" WC="0.385" CC="83" />
            <SP ID="P182_SP00224" WIDTH="0" HPOS="0" VPOS="0" />
            <String ID="P182_S00254" HPOS="996" VPOS="2257" WIDTH="75" HEIGHT="41" STYLEREFS="StyleId-2" CONTENT="not" WC="1" CC="000" />
            <SP ID="P182_SP00225" WIDTH="0" HPOS="0" VPOS="0" />
            <String ID="P182_S00255" HPOS="1095" VPOS="2252" WIDTH="273" HEIGHT="49" STYLEREFS="StyleId-2" CONTENT="understand," WC="0.74363637" CC="100806000003" />
            <SP ID="P182_SP00226" WIDTH="0" HPOS="0" VPOS="0" />
            <String ID="P182_S00256" HPOS="1394" VPOS="2267" WIDTH="87" HEIGHT="35" STYLEREFS="StyleId-2" CONTENT="yea," WC="0.8975" CC="0004" />
            <SP ID="P182_SP00227" WIDTH="0" HPOS="0" VPOS="0" />
            <String ID="P182_S00257" HPOS="1509" VPOS="2254" WIDTH="98" HEIGHT="51" STYLEREFS="StyleId-2" CONTENT="they" WC="0.5575" CC="3608" />
          </TextLine>
          <TextLine ID="P182_TL00031" HPOS="291" VPOS="2309" WIDTH="1311" HEIGHT="65">
            <String ID="P182_S00258" HPOS="291" VPOS="2327" WIDTH="73" HEIGHT="26" STYLEREFS="StyleId-2" CONTENT="are" WC="0.673333347" CC="900" />
            <SP ID="P182_SP00228" WIDTH="0" HPOS="0" VPOS="0" />
            <String ID="P182_S00259" HPOS="402" VPOS="2319" WIDTH="74" HEIGHT="34" STYLEREFS="StyleId-2" CONTENT="too" WC="0.673333347" CC="063" />
            <SP ID="P182_SP00229" WIDTH="0" HPOS="0" VPOS="0" />
            <String ID="P182_S00260" HPOS="514" VPOS="2314" WIDTH="240" HEIGHT="40" STYLEREFS="StyleId-2" CONTENT="wonderful" WC="0.9177778" CC="000001022" />
            <SP ID="P182_SP00230" WIDTH="0" HPOS="0" VPOS="0" />
            <String ID="P182_S00261" HPOS="794" VPOS="2314" WIDTH="69" HEIGHT="41" STYLEREFS="StyleId-2" CONTENT="for" WC="0.586666644" CC="173" />
            <SP ID="P182_SP00231" WIDTH="0" HPOS="0" VPOS="0" />
            <String ID="P182_S00262" HPOS="901" VPOS="2330" WIDTH="78" HEIGHT="26" STYLEREFS="StyleId-2" CONTENT="me." WC="1" CC="000" />
            <SP ID="P182_SP00232" WIDTH="0" HPOS="0" VPOS="0" />
            <String ID="P182_S00263" HPOS="1039" VPOS="2314" WIDTH="93" HEIGHT="43" STYLEREFS="StyleId-2" CONTENT="The" WC="0.8233333" CC="050" />
            <SP ID="P182_SP00233" WIDTH="0" HPOS="0" VPOS="0" />
            <String ID="P182_S00264" HPOS="1171" VPOS="2333" WIDTH="94" HEIGHT="37" STYLEREFS="StyleId-2" CONTENT="way" WC="1" CC="000" />
            <SP ID="P182_SP00234" WIDTH="0" HPOS="0" VPOS="0" />
            <String ID="P182_S00265" HPOS="1304" VPOS="2320" WIDTH="50" HEIGHT="50" STYLEREFS="StyleId-2" CONTENT="of" WC="0.9" CC="02" />
            <SP ID="P182_SP00235" WIDTH="0" HPOS="0" VPOS="0" />
            <String ID="P182_S00266" HPOS="1390" VPOS="2335" WIDTH="53" HEIGHT="35" STYLEREFS="StyleId-2" CONTENT="an" WC="1" CC="00" />
            <SP ID="P182_SP00236" WIDTH="0" HPOS="0" VPOS="0" />
            <String ID="P182_S00267" HPOS="1485" VPOS="2323" WIDTH="117" HEIGHT="51" STYLEREFS="StyleId-2" CONTENT="eagle" WC="0.882" CC="00050" />
          </TextLine>
          <TextLine ID="P182_TL00032" HPOS="290" VPOS="2376" WIDTH="1314" HEIGHT="63">
            <String ID="P182_S00268" HPOS="290" VPOS="2379" WIDTH="41" HEIGHT="39" STYLEREFS="StyleId-2" CONTENT="in" WC="0.61" CC="61" />
            <SP ID="P182_SP00237" WIDTH="0" HPOS="0" VPOS="0" />
            <String ID="P182_S00269" HPOS="356" VPOS="2377" WIDTH="72" HEIGHT="42" STYLEREFS="StyleId-2" CONTENT="the" WC="0.75333333" CC="070" />
            <SP ID="P182_SP00238" WIDTH="0" HPOS="0" VPOS="0" />
            <String ID="P182_S00270" HPOS="452" VPOS="2378" WIDTH="84" HEIGHT="49" STYLEREFS="StyleId-2" CONTENT="air;" WC="0.575" CC="8620" />
            <SP ID="P182_SP00239" WIDTH="0" HPOS="0" VPOS="0" />
            <String ID="P182_S00271" HPOS="561" VPOS="2379" WIDTH="71" HEIGHT="48" STYLEREFS="StyleId-2" CONTENT="the" WC="0.81" CC="050" />
            <SP ID="P182_SP00240" WIDTH="0" HPOS="0" VPOS="0" />
            <String ID="P182_S00272" HPOS="655" VPOS="2393" WIDTH="93" HEIGHT="38" STYLEREFS="StyleId-2" CONTENT="way" WC="0.9866667" CC="000" />
            <SP ID="P182_SP00241" WIDTH="0" HPOS="0" VPOS="0" />
            <String ID="P182_S00273" HPOS="773" VPOS="2381" WIDTH="46" HEIGHT="50" STYLEREFS="StyleId-2" CONTENT="of" WC="0.78" CC="04" />
            <SP ID="P182_SP00242" WIDTH="0" HPOS="0" VPOS="0" />
            <String ID="P182_S00274" HPOS="844" VPOS="2395" WIDTH="24" HEIGHT="36" STYLEREFS="StyleId-2" CONTENT="a" WC="1" CC="0" />
            <SP ID="P182_SP00243" WIDTH="0" HPOS="0" VPOS="0" />
            <String ID="P182_S00275" HPOS="893" VPOS="2389" WIDTH="167" HEIGHT="44" STYLEREFS="StyleId-2" CONTENT="serpent" WC="0.774285734" CC="00510000" />
            <SP ID="P182_SP00244" WIDTH="0" HPOS="0" VPOS="0" />
            <String ID="P182_S00276" HPOS="1084" VPOS="2396" WIDTH="113" HEIGHT="38" STYLEREFS="StyleId-2" CONTENT="upon" WC="0.18" CC="61079" />
            <SP ID="P182_SP00245" WIDTH="0" HPOS="0" VPOS="0" />
            <String ID="P182_S00277" HPOS="1223" VPOS="2399" WIDTH="24" HEIGHT="35" STYLEREFS="StyleId-2" CONTENT="a" WC="0.8" CC="2" />
            <SP ID="P182_SP00246" WIDTH="0" HPOS="0" VPOS="0" />
            <String ID="P182_S00278" HPOS="1272" VPOS="2386" WIDTH="121" HEIGHT="49" STYLEREFS="StyleId-2" CONTENT="rock;" WC="0.904" CC="04000" />
            <SP ID="P182_SP00247" WIDTH="0" HPOS="0" VPOS="0" />
            <String ID="P182_S00279" HPOS="1419" VPOS="2385" WIDTH="71" HEIGHT="50" STYLEREFS="StyleId-2" CONTENT="the" WC="0.93" CC="002" />
            <SP ID="P182_SP00248" WIDTH="0" HPOS="0" VPOS="0" />
            <String ID="P182_S00280" HPOS="1513" VPOS="2402" WIDTH="91" HEIGHT="37" STYLEREFS="StyleId-2" CONTENT="way" WC="0.646666646" CC="406" />
          </TextLine>
          <TextLine ID="P182_TL00033" HPOS="288" VPOS="2442" WIDTH="1317" HEIGHT="63">
            <String ID="P182_S00281" HPOS="288" VPOS="2445" WIDTH="48" HEIGHT="40" STYLEREFS="StyleId-2" CONTENT="of" WC="1" CC="00" />
            <SP ID="P182_SP00249" WIDTH="0" HPOS="0" VPOS="0" />
            <String ID="P182_S00282" HPOS="357" VPOS="2460" WIDTH="24" HEIGHT="27" STYLEREFS="StyleId-2" CONTENT="a" WC="1" CC="0" />
            <SP ID="P182_SP00250" WIDTH="0" HPOS="0" VPOS="0" />
            <String ID="P182_S00283" HPOS="402" VPOS="2443" WIDTH="94" HEIGHT="53" STYLEREFS="StyleId-2" CONTENT="ship" WC="0.415" CC="2776" />
            <SP ID="P182_SP00251" WIDTH="0" HPOS="0" VPOS="0" />
            <String ID="P182_S00284" HPOS="518" VPOS="2445" WIDTH="42" HEIGHT="51" STYLEREFS="StyleId-2" CONTENT="in" WC="0.675" CC="60" />
            <SP ID="P182_SP00252" WIDTH="0" HPOS="0" VPOS="0" />
            <String ID="P182_S00285" HPOS="582" VPOS="2445" WIDTH="70" HEIGHT="51" STYLEREFS="StyleId-2" CONTENT="the" WC="0.7733333" CC="060" />
            <SP ID="P182_SP00253" WIDTH="0" HPOS="0" VPOS="0" />
            <String ID="P182_S00286" HPOS="672" VPOS="2447" WIDTH="128" HEIGHT="49" STYLEREFS="StyleId-2" CONTENT="midst" WC="0.868" CC="06000" />
            <SP ID="P182_SP00254" WIDTH="0" HPOS="0" VPOS="0" />
            <String ID="P182_S00287" HPOS="820" VPOS="2448" WIDTH="49" HEIGHT="48" STYLEREFS="StyleId-2" CONTENT="of" WC="0.795" CC="12" />
            <SP ID="P182_SP00255" WIDTH="0" HPOS="0" VPOS="0" />
            <String ID="P182_S00288" HPOS="888" VPOS="2448" WIDTH="72" HEIGHT="48" STYLEREFS="StyleId-2" CONTENT="the" WC="0.776666641" CC="060" />
            <SP ID="P182_SP00256" WIDTH="0" HPOS="0" VPOS="0" />
            <String ID="P182_S00289" HPOS="980" VPOS="2461" WIDTH="81" HEIGHT="35" STYLEREFS="StyleId-2" CONTENT="sea," WC="0.8925" CC="0004" />
            <SP ID="P182_SP00257" WIDTH="0" HPOS="0" VPOS="0" />
            <String ID="P182_S00290" HPOS="1084" VPOS="2450" WIDTH="84" HEIGHT="46" STYLEREFS="StyleId-2" CONTENT="and" WC="0.93" CC="010" />
            <SP ID="P182_SP00258" WIDTH="0" HPOS="0" VPOS="0" />
            <String ID="P182_S00291" HPOS="1189" VPOS="2451" WIDTH="70" HEIGHT="45" STYLEREFS="StyleId-2" CONTENT="the" WC="0.8" CC="060" />
            <SP ID="P182_SP00259" WIDTH="0" HPOS="0" VPOS="0" />
            <String ID="P182_S00292" HPOS="1280" VPOS="2466" WIDTH="93" HEIGHT="37" STYLEREFS="StyleId-2" CONTENT="way" WC="1" CC="000" />
            <SP ID="P182_SP00260" WIDTH="0" HPOS="0" VPOS="0" />
            <String ID="P182_S00293" HPOS="1395" VPOS="2452" WIDTH="47" HEIGHT="51" STYLEREFS="StyleId-2" CONTENT="of" WC="0.445" CC="74" />
            <SP ID="P182_SP00261" WIDTH="0" HPOS="0" VPOS="0" />
            <String ID="P182_S00294" HPOS="1462" VPOS="2469" WIDTH="25" HEIGHT="34" STYLEREFS="StyleId-2" CONTENT="a" WC="1" CC="0" />
            <SP ID="P182_SP00262" WIDTH="0" HPOS="0" VPOS="0" />
            <String ID="P182_S00295" HPOS="1508" VPOS="2467" WIDTH="97" HEIGHT="36" STYLEREFS="StyleId-2" CONTENT="man" WC="0.7266667" CC="008" />
          </TextLine>
        </TextBlock>
      </PrintSpace>
    </Page>
  </Layout>
</alto>