1935 2823
314 283 60 40 *?(>

698 298 243 36 AFRICAN
978 303 331 34 MbTHODISM

366 401 38 41 6.
438 399 110 43 That
578 418 62 27 we
670 406 102 39 send
801 405 211 53 delegates
1041 416 43 42 to
1112 409 70 49 the
1212 410 206 48 Alabama
1450 410 179 48 Confer¬

313 481 99 26 ence
438 470 84 39 and
548 471 76 39 ask-
651 470 89 44 that
768 471 113 43 these
910 475 249 40 resolutions
1188 489 46 27 or
1262 477 159 41 similar
1450 490 100 29 ones
1578 478 50 41 be

314 535 182 50 adopted
524 542 42 43 at
594 535 109 50 their
731 539 180 52 ensuing
939 541 171 50 session.

362 599 223 52 Resolved,
616 603 87 48 also
747 603 112 48 That
886 605 83 46 this
999 608 249 43 conference
1279 610 132 41 foster
1440 611 84 41 and
1554 625 70 27 en¬

307 678 185 40 courage
517 668 141 52 Payne
685 670 195 50 Institute
904 680 42 40 at
973 673 152 49 Selma,
1153 675 106 49 Ala.,
1285 677 223 47 whenever
1533 678 31 46 it
1588 678 35 46 is

308 732 145 41 shown
480 734 89 41 that
594 735 69 40 the
689 744 197 47 property
914 740 32 51 is
973 742 196 51 properly
1195 742 157 51 deeded
1379 743 83 50 and
1487 744 136 49 incor¬

305 797 175 52 porated
504 806 44 43 to
571 801 70 48 the
666 801 177 48 African
872 803 60 46 M.
959 803 48 46 E.
1037 805 184 44 Church.

357 864 223 52 Resolved,
610 865 110 51 That
745 870 84 46 this
856 871 249 45 conference
1131 875 173 52 appoint
1330 890 25 37 a
1380 878 239 49 committee

302 931 47 38 of
372 930 116 42 three
510 939 43 34 to
577 947 68 28 see
666 933 90 43 that
778 935 70 42 the
871 937 90 41 said
985 947 199 45 property
1206 941 35 51 is
1264 940 160 52 deeded
1447 945 170 47 accord¬

303 997 74 52 ing
401 1005 44 44 to
470 1000 69 49 the
567 1000 111 49 form
704 1003 48 46 of
776 1016 79 33 our
880 1005 243 52 Discipline,
1150 1009 84 48 and
1260 1023 82 40 pay
1368 1012 249 51 conference

300 1065 314 51 appropriation
641 1068 90 48 into
752 1068 69 48 the
844 1071 135 45 hands
1003 1073 46 43 of
1072 1073 72 43 the
1167 1075 141 43 Board
1332 1078 47 40 of
1402 1075 212 45 Trustees.

355 1130 222 51 Resolved,
599 1130 110 51 That
729 1137 70 44 the
822 1136 223 57 Presiding
1063 1137 164 56 Bishop
1246 1143 52 50 be
1318 1158 24 35 a
1361 1146 186 47 member
1567 1147 47 46 of

297 1195 69 41 the
389 1196 140 42 Board
549 1199 46 39 of
616 1196 213 55 Trustees,
850 1205 83 46 and
953 1205 64 46 his
1038 1206 217 52 signature
1276 1209 104 49 shall
1400 1212 51 46 be
1470 1224 141 34 neces¬

301 1274 96 41 sary
426 1270 44 45 to
497 1265 53 50 all
579 1266 149 49 checks
759 1269 194 54 drawing
978 1285 152 42 money
1161 1274 112 53 from
1300 1277 70 50 the
1398 1278 139 49 hands'
1562 1280 48 47 of

298 1327 71 43 the
386 1335 178 37 trustees
582 1332 48 41 of
647 1333 122 50 bank,
789 1350 46 33 as
852 1335 72 48 the
940 1350 96 33 case
1052 1353 97 41 may
1165 1341 64 53 be.

351 1393 91 44 The
474 1397 250 44 conference
755 1402 226 52 appointed
1014 1406 71 48 the
1117 1408 222 55 following
1371 1413 239 50 committee

293 1467 45 34 to
369 1469 107 34 meet
510 1463 68 42 the
612 1465 205 45 Alabama
849 1471 252 42 conference
1132 1473 39 41 in
1207 1476 214 42 reference
1452 1485 44 34 to
1529 1494 78 27 our

298 1527 163 42 school:
497 1531 46 43 L.
580 1530 203 53 Gardner,
818 1536 49 47 R.
904 1537 59 46 M.
999 1537 176 48 Cheeks,
1208 1542 36 51 J.
1283 1542 40 51 S.
1359 1544 126 49 Shaw
1520 1554 82 39 and

291 1594 67 40 W.
383 1594 56 42 H.
464 1596 163 44 Mixon.

345 1661 102 41 Rev.
470 1663 52 39 A.
546 1664 46 43 L.
617 1663 117 44 Scott
754 1670 153 40 moved
928 1668 90 43 that
1036 1671 179 50 $200.00
1235 1676 50 45 be
1305 1679 298 52 appropriated

288 1734 43 32 to
366 1727 141 53 Payne
542 1729 207 53 Institute,
784 1733 136 49 which
954 1752 86 30 was
1072 1740 144 53 gladly
1249 1743 202 50 received.
1511 1742 92 51 The

289 1792 220 55 following
531 1810 108 37 were
660 1797 71 50 the
754 1800 87 47 first
864 1806 177 41 trustees
1065 1819 97 28 ever
1184 1808 157 42 elected
1364 1811 70 42 for
1456 1811 145 53 Payne

287 1860 196 41 Institute
512 1862 90 47 (see
622 1863 180 46 minutes
826 1867 45 42 of
892 1868 70 41 the
988 1872 94 38 12th
1104 1876 154 39 annual
1281 1878 171 47 session,
1480 1878 117 53 1889,

284 1939 109 38 Page
431 1928 73 50 33)
527 1942 7 36 :
574 1929 101 49 Rev.
717 1931 65 47 W.
823 1933 55 45 H.
920 1935 164 51 Mixon,
1125 1939 46 47 L.
1213 1940 204 54 Gardner,
1455 1946 37 52 J.
1533 1947 61 51 M.

284 1989 201 51 Goodloe,
524 1992 48 48 G.
611 1996 68 44 W.
717 1998 190 46 Watson,
947 2001 49 43 R.
1037 2004 60 40 M.
1138 2005 162 43 Cheeks
1337 2011 85 40 and
1459 2009 46 44 F.
1545 2014 47 42 B.

284 2058 234 42 Moreland.
579 2060 159 55 Bishop
773 2064 68 51 W.
877 2067 38 51 J.
954 2067 154 51 Gaines
1144 2086 86 32 was
1267 2075 156 43 elected
1458 2078 136 43 chair¬

278 2136 97 27 man
391 2139 7 30 ;
427 2125 67 44 W.
524 2126 56 43 H.
611 2128 163 50 Mixon,
803 2138 221 40 treasurer.

332 2189 90 43 The
457 2191 220 56 following
719 2205 195 42 amounts
960 2214 110 33 were
1114 2203 71 44 the
1230 2207 89 41 first
1366 2210 223 45 donations

275 2256 125 51 given
424 2264 46 43 to
491 2258 82 49 this
598 2258 257 49 institution:

275 2322 154 41 Brown
465 2324 169 52 Chapel,
671 2326 151 50 Selma,
857 2329 81 47 Ala
1395 2341 107 54 $153
1532 2357 55 38 00

274 2385 275 50 Greensboro,
575 2392 53 53 by
654 2392 102 53 Rev.
784 2394 49 51 R.
863 2396 60 49 M.
953 2397 161 48 Cheeks
1447 2420 56 39 40
1531 2423 55 36 00

272 2452 95 54 City
397 2454 186 52 Council,
617 2456 139 50 Selma
1424 2484 77 31 100
1529 2488 55 29 00
