1899 2799
742 638 286 45 CHAPTER
1054 638 54 45 V.

330 904 50 37 In
421 900 117 50 1872,
572 898 71 52 the
677 895 69 55 Rt.
783 893 104 57 Rev.
923 888 50 62 T.
1011 889 63 61 M.
1109 887 53 63 D.
1199 883 137 67 Ward
1384 893 118 57 came
1548 889 45 61 to

270 970 168 53 preside
479 979 103 44 over
622 976 81 47 our
745 960 119 63 State
904 956 85 67 and
1028 954 100 69 held
1169 951 67 72 his
1278 950 91 73 first
1413 945 180 78 Confer¬

272 1050 102 27 ence
422 1041 42 36 at
514 1032 155 47 Selma,
731 1027 96 52 Ala.
900 1024 104 55 Rev.
1039 1021 38 58 J.
1129 1020 61 59 M.
1255 1015 173 64 Crozier
1489 1024 88 55 was

274 1101 158 43 elected
493 1098 232 48 Secretary.
798 1095 61 51 At
916 1089 92 57 that
1067 1086 265 60 Conference
1388 1094 65 52 we
1508 1077 89 69 had

271 1171 29 39 8
330 1167 227 50 Presiding
585 1161 166 56 Elders'
781 1158 198 59 districts,
1006 1165 54 52 95
1090 1151 183 66 circuits,
1304 1146 177 71 stations
1510 1143 84 74 and

276 1236 209 40 missions.
545 1229 94 47 The
683 1225 284 51 membership
1013 1221 86 55 had
1145 1232 149 44 grown
1341 1223 45 53 to
1437 1211 158 65 10,558.

275 1302 94 41 The
410 1299 204 44 churches
654 1292 234 51 numbered
928 1288 66 55 66.
1053 1285 92 58 The
1185 1283 124 60 value
1349 1282 49 61 of
1438 1276 160 67 church

276 1374 202 50 property
503 1363 231 61 amounted
756 1367 46 57 to
825 1356 259 68 $44,603.53.
1144 1352 49 72 In
1221 1348 175 76 seeking
1420 1347 68 77 for
1512 1345 87 79 his¬

280 1436 149 42 torical
463 1430 280 48 information
777 1442 65 36 we
875 1425 88 53 find
996 1421 92 57 that
1121 1426 44 52 at
1198 1419 73 59 the
1302 1416 113 62 close
1448 1413 48 65 of
1529 1411 73 67 the

279 1517 116 40 year,
433 1501 118 56 1875,
585 1511 80 46 our
697 1492 284 65 membership
1012 1488 86 69 had
1131 1483 225 74 decreased
1389 1487 45 70 to
1465 1487 134 70 9,135.

284 1573 60 38 At
376 1570 92 41 that
500 1568 104 43 time
634 1577 127 37 every
793 1559 192 55 minister
1017 1569 87 45 was
1139 1549 232 65 instructed
1403 1555 48 59 to
1478 1545 126 69 bring

283 1653 82 25 one
399 1637 134 41 dollar
564 1646 75 38 per
671 1629 199 55 member.
928 1625 83 59 We
1039 1622 159 62 believe
1228 1618 92 66 that
1349 1614 74 70 the
1453 1612 153 72 falling

283 1705 69 40 off
379 1716 88 29 was
497 1698 163 51 largely
685 1694 159 55 caused
872 1693 56 56 by
956 1704 25 45 a
1009 1683 368 66 non-compliance
1404 1679 103 70 with
1535 1676 73 73 the

284 1772 98 45 law,
420 1769 84 48 and
540 1779 130 38 many
704 1767 166 50 pastors
906 1756 125 61 made
1062 1754 110 63 their
1207 1746 282 71 membership
1526 1744 81 73 less

286 1841 103 39 than
420 1837 32 43 it
482 1834 130 51 really
640 1845 100 40 was,
771 1823 288 62 endeavoring
1085 1828 47 57 to
1157 1819 110 66 have
1293 1815 32 70 it
1353 1810 257 75 correspond

289 1906 105 41 with
426 1903 109 44 their
565 1897 197 50 financial
794 1898 153 49 report.
1009 1888 115 59 Such
1155 1901 54 46 an
1240 1881 241 66 accusation
1512 1891 97 56 may

292 1986 115 29 seem
434 1986 25 29 a
486 1968 109 47 little
620 1964 175 51 unkind,
822 1962 77 53 but
926 1960 32 55 it
984 1958 50 57 is,
1061 1950 296 65 nevertheless,
1384 1954 107 61 true,
1516 1950 95 65 not¬

293 2035 311 49 withstanding
637 2031 73 53 the
744 2026 274 58 faithfulness
1053 2020 48 64 of
1134 2017 71 67 the
1238 2016 194 68 pioneers
1466 2011 42 73 in
1542 2010 73 74 the

293 2102 323 45 establishment
642 2099 46 48 of
715 2109 77 38 our
819 2090 170 57 church.
1051 2086 114 61 Such
1192 2082 249 65 inaccuracy
1466 2076 45 71 in
1538 2084 94 63 our'

297 2169 237 44 numerical
571 2170 177 46 reports,
787 2174 63 42 we
886 2158 88 58 find
1010 2163 108 53 even'
1151 2150 83 66 this
1272 2149 93 67 day,
1403 2145 76 71 but
1514 2144 33 72 it
1582 2142 35 74 is

301 2252 175 37 wrong;
500 2236 72 53 the
596 2232 159 57 church
780 2226 153 63 should
953 2223 110 66 have
1088 2218 133 71 credit
1244 2216 69 73 for
1336 2214 52 75 its
1413 2210 204 79 member¬

299 2309 110 50 ship.

362 2382 162 50 Bishop
564 2375 173 57 Ward's
779 2367 147 65 fourth
967 2365 249 67 conference
1256 2371 106 61 gave
1403 2368 25 64 a
1466 2367 153 65 money
