<?xml version="1.0" encoding="utf-8"?>
<alto xmlns:xlink="http://www.w3.org/1999/xlink" xmlns:xsi="http://www.w3.org/2001/XMLSchema-instance" xsi:schemaLocation="http://www.loc.gov/standards/alto/ns-v2# http://www.loc.gov/standards/alto/alto-v2.0.xsd" xmlns="http://www.loc.gov/standards/alto/ns-v2#">
  <Description>
    <MeasurementUnit>pixel</MeasurementUnit>
    <sourceImageInformation>
      <fileName>0149.tif</fileName>
    </sourceImageInformation>
    <OCRProcessing ID="Processing">
      <ocrProcessingStep>
        <processingStepSettings>Image Resolution:400</processingStepSettings>
        <processingSoftware>
          <softwareCreator>I2S Kirtas</softwareCreator>
          <softwareName>Limb</softwareName>
          <softwareVersion>1.0</softwareVersion>
          <applicationDescription>Abbyy10 OCR Engine</applicationDescription>
        </processingSoftware>
      </ocrProcessingStep>
    </OCRProcessing>
  </Description>
  <Styles>
    <TextStyle ID="StyleId-0" FONTSIZE="9" FONTFAMILY="Times New Roman" />
    <TextStyle ID="StyleId-1" FONTSIZE="7" FONTFAMILY="Times New Roman" />
  </Styles>
  <Layout>
    <Page ID="P148" PHYSICAL_IMG_NR="148" HEIGHT="2813" WIDTH="1920" ACCURACY="0.769562364" QUALITY_DETAIL="234 words, 1061 chars, 840 with recognition greater than 50% (79.17%)">
      <TopMargin ID="P148_TM00001" HPOS="0" VPOS="0" WIDTH="1920" HEIGHT="778" />
      <LeftMargin ID="P148_LM00001" HPOS="0" VPOS="778" WIDTH="286" HEIGHT="1895" />
      <RightMargin ID="P148_RM00001" HPOS="1619" VPOS="778" WIDTH="301" HEIGHT="1895" />
      <BottomMargin ID="P148_BM00001" HPOS="0" VPOS="2673" WIDTH="1920" HEIGHT="140" />
      <PrintSpace ID="P148_PS00001" HPOS="286" VPOS="778" WIDTH="1333" HEIGHT="1895">
        <TextBlock ID="P148_TB00001" HPOS="703" VPOS="781" WIDTH="516" HEIGHT="66">
          <TextLine ID="P148_TL00001" HPOS="711" VPOS="789" WIDTH="500" HEIGHT="50">
            <String ID="P148_S00001" HPOS="711" VPOS="790" WIDTH="289" HEIGHT="48" STYLEREFS="StyleId-0" CONTENT="CHAPTER" WC="0.5214286" CC="0606765" />
            <SP ID="P148_SP00001" WIDTH="0" HPOS="0" VPOS="0" />
            <String ID="P148_S00002" HPOS="1040" VPOS="794" WIDTH="171" HEIGHT="44" STYLEREFS="StyleId-0" CONTENT="XVIII." WC="0.836666644" CC="020240" />
          </TextLine>
        </TextBlock>
        <TextBlock ID="P148_TB00002" HPOS="285" VPOS="923" WIDTH="1334" HEIGHT="1750">
          <TextLine ID="P148_TL00002" HPOS="621" VPOS="933" WIDTH="672" HEIGHT="51">
            <String ID="P148_S00003" HPOS="621" VPOS="933" WIDTH="135" HEIGHT="45" STYLEREFS="StyleId-0" CONTENT="REV." WC="0.645" CC="0553" />
            <SP ID="P148_SP00002" WIDTH="0" HPOS="0" VPOS="0" />
            <String ID="P148_S00004" HPOS="786" VPOS="936" WIDTH="49" HEIGHT="43" STYLEREFS="StyleId-0" CONTENT="G." WC="0.67" CC="60" />
            <SP ID="P148_SP00003" WIDTH="0" HPOS="0" VPOS="0" />
            <String ID="P148_S00005" HPOS="863" VPOS="938" WIDTH="69" HEIGHT="41" STYLEREFS="StyleId-0" CONTENT="W." WC="0.79" CC="04" />
            <SP ID="P148_SP00004" WIDTH="0" HPOS="0" VPOS="0" />
            <String ID="P148_S00006" HPOS="963" VPOS="936" WIDTH="330" HEIGHT="48" STYLEREFS="StyleId-0" CONTENT="MITCHELL." WC="0.6533333" CC="607000672" />
          </TextLine>
          <TextLine ID="P148_TL00003" HPOS="353" VPOS="1020" WIDTH="1266" HEIGHT="65">
            <String ID="P148_S00007" HPOS="353" VPOS="1022" WIDTH="70" HEIGHT="42" STYLEREFS="StyleId-0" CONTENT="He" WC="0.73" CC="50" />
            <SP ID="P148_SP00005" WIDTH="0" HPOS="0" VPOS="0" />
            <String ID="P148_S00008" HPOS="449" VPOS="1037" WIDTH="87" HEIGHT="29" STYLEREFS="StyleId-0" CONTENT="was" WC="0.8066667" CC="050" />
            <SP ID="P148_SP00006" WIDTH="0" HPOS="0" VPOS="0" />
            <String ID="P148_S00009" HPOS="562" VPOS="1025" WIDTH="107" HEIGHT="42" STYLEREFS="StyleId-0" CONTENT="born" WC="0.6575" CC="6700" />
            <SP ID="P148_SP00007" WIDTH="0" HPOS="0" VPOS="0" />
            <String ID="P148_S00010" HPOS="696" VPOS="1026" WIDTH="45" HEIGHT="41" STYLEREFS="StyleId-0" CONTENT="in" WC="0.395" CC="47" />
            <SP ID="P148_SP00008" WIDTH="0" HPOS="0" VPOS="0" />
            <String ID="P148_S00011" HPOS="765" VPOS="1023" WIDTH="271" HEIGHT="53" STYLEREFS="StyleId-0" CONTENT="Tuscaloosa," WC="0.616363645" CC="06083168007" />
            <SP ID="P148_SP00009" WIDTH="0" HPOS="0" VPOS="0" />
            <String ID="P148_S00012" HPOS="1067" VPOS="1029" WIDTH="108" HEIGHT="50" STYLEREFS="StyleId-0" CONTENT="Ala.," WC="0.644" CC="01744" />
            <SP ID="P148_SP00010" WIDTH="0" HPOS="0" VPOS="0" />
            <String ID="P148_S00013" HPOS="1204" VPOS="1030" WIDTH="174" HEIGHT="53" STYLEREFS="StyleId-0" CONTENT="August" WC="0.7633333" CC="067000" />
            <SP ID="P148_SP00011" WIDTH="0" HPOS="0" VPOS="0" />
            <String ID="P148_S00014" HPOS="1407" VPOS="1043" WIDTH="63" HEIGHT="40" STYLEREFS="StyleId-0" CONTENT="31," WC="0.91" CC="001" />
            <SP ID="P148_SP00012" WIDTH="0" HPOS="0" VPOS="0" />
            <String ID="P148_S00015" HPOS="1503" VPOS="1032" WIDTH="116" HEIGHT="51" STYLEREFS="StyleId-0" CONTENT="1866." WC="0.694" CC="46003" />
          </TextLine>
          <TextLine ID="P148_TL00004" HPOS="296" VPOS="1090" WIDTH="1324" HEIGHT="63">
            <String ID="P148_S00016" HPOS="296" VPOS="1092" WIDTH="85" HEIGHT="41" STYLEREFS="StyleId-0" CONTENT="His1" WC="0.6175" CC="5603" />
            <SP ID="P148_SP00013" WIDTH="0" HPOS="0" VPOS="0" />
            <String ID="P148_S00017" HPOS="405" VPOS="1092" WIDTH="139" HEIGHT="42" STYLEREFS="StyleId-0" CONTENT="father" WC="0.788333356" CC="1011000" />
            <SP ID="P148_SP00014" WIDTH="0" HPOS="0" VPOS="0" />
            <String ID="P148_S00018" HPOS="568" VPOS="1108" WIDTH="87" HEIGHT="27" STYLEREFS="StyleId-0" CONTENT="was" WC="1" CC="000" />
            <SP ID="P148_SP00015" WIDTH="0" HPOS="0" VPOS="0" />
            <String ID="P148_S00019" HPOS="679" VPOS="1095" WIDTH="139" HEIGHT="52" STYLEREFS="StyleId-0" CONTENT="Julius" WC="0.7783333" CC="504300" />
            <SP ID="P148_SP00016" WIDTH="0" HPOS="0" VPOS="0" />
            <String ID="P148_S00020" HPOS="846" VPOS="1096" WIDTH="45" HEIGHT="51" STYLEREFS="StyleId-0" CONTENT="C." WC="1" CC="00" />
            <SP ID="P148_SP00017" WIDTH="0" HPOS="0" VPOS="0" />
            <String ID="P148_S00021" HPOS="920" VPOS="1096" WIDTH="204" HEIGHT="51" STYLEREFS="StyleId-0" CONTENT="Mitchell." WC="0.776666641" CC="033460010" />
            <SP ID="P148_SP00018" WIDTH="0" HPOS="0" VPOS="0" />
            <String ID="P148_S00022" HPOS="1185" VPOS="1098" WIDTH="82" HEIGHT="49" STYLEREFS="StyleId-0" CONTENT="His" WC="0.7366667" CC="430" />
            <SP ID="P148_SP00019" WIDTH="0" HPOS="0" VPOS="0" />
            <String ID="P148_S00023" HPOS="1293" VPOS="1098" WIDTH="166" HEIGHT="49" STYLEREFS="StyleId-0" CONTENT="mother" WC="0.805" CC="280000" />
            <SP ID="P148_SP00020" WIDTH="0" HPOS="0" VPOS="0" />
            <String ID="P148_S00024" HPOS="1483" VPOS="1116" WIDTH="87" HEIGHT="31" STYLEREFS="StyleId-0" CONTENT="was" WC="0.8433333" CC="400" />
            <SP ID="P148_SP00021" WIDTH="0" HPOS="0" VPOS="0" />
            <String ID="P148_S00025" HPOS="1596" VPOS="1116" WIDTH="24" HEIGHT="31" STYLEREFS="StyleId-0" CONTENT="a" WC="0" CC="10" />
          </TextLine>
          <TextLine ID="P148_TL00005" HPOS="296" VPOS="1157" WIDTH="1325" HEIGHT="61">
            <String ID="P148_S00026" HPOS="296" VPOS="1161" WIDTH="145" HEIGHT="40" STYLEREFS="StyleId-0" CONTENT="mixed" WC="0.71" CC="03422" />
            <SP ID="P148_SP00022" WIDTH="0" HPOS="0" VPOS="0" />
            <String ID="P148_S00027" HPOS="466" VPOS="1161" WIDTH="138" HEIGHT="50" STYLEREFS="StyleId-0" CONTENT="blood," WC="0.75333333" CC="030423" />
            <SP ID="P148_SP00023" WIDTH="0" HPOS="0" VPOS="0" />
            <String ID="P148_S00028" HPOS="633" VPOS="1163" WIDTH="83" HEIGHT="48" STYLEREFS="StyleId-0" CONTENT="and" WC="0.39" CC="890" />
            <SP ID="P148_SP00024" WIDTH="0" HPOS="0" VPOS="0" />
            <String ID="P148_S00029" HPOS="741" VPOS="1164" WIDTH="65" HEIGHT="47" STYLEREFS="StyleId-0" CONTENT="his" WC="0.706666648" CC="620" />
            <SP ID="P148_SP00025" WIDTH="0" HPOS="0" VPOS="0" />
            <String ID="P148_S00030" HPOS="834" VPOS="1163" WIDTH="141" HEIGHT="48" STYLEREFS="StyleId-0" CONTENT="father" WC="0.6533333" CC="600634" />
            <SP ID="P148_SP00026" WIDTH="0" HPOS="0" VPOS="0" />
            <String ID="P148_S00031" HPOS="999" VPOS="1180" WIDTH="87" HEIGHT="31" STYLEREFS="StyleId-0" CONTENT="was" WC="0.686666667" CC="900" />
            <SP ID="P148_SP00027" WIDTH="0" HPOS="0" VPOS="0" />
            <String ID="P148_S00032" HPOS="1113" VPOS="1178" WIDTH="57" HEIGHT="33" STYLEREFS="StyleId-0" CONTENT="an'" WC="0.933333337" CC="020" />
            <SP ID="P148_SP00028" WIDTH="0" HPOS="0" VPOS="0" />
            <String ID="P148_S00033" HPOS="1193" VPOS="1166" WIDTH="192" HEIGHT="45" STYLEREFS="StyleId-0" CONTENT="African." WC="0.68125" CC="066200100" />
            <SP ID="P148_SP00029" WIDTH="0" HPOS="0" VPOS="0" />
            <String ID="P148_S00034" HPOS="1446" VPOS="1165" WIDTH="175" HEIGHT="46" STYLEREFS="StyleId-0" CONTENT="Tillithia" WC="0.683333337" CC="033630074" />
          </TextLine>
          <TextLine ID="P148_TL00006" HPOS="295" VPOS="1227" WIDTH="1325" HEIGHT="52">
            <String ID="P148_S00035" HPOS="295" VPOS="1229" WIDTH="53" HEIGHT="39" STYLEREFS="StyleId-0" CONTENT="A." WC="1" CC="00" />
            <SP ID="P148_SP00030" WIDTH="0" HPOS="0" VPOS="0" />
            <String ID="P148_S00036" HPOS="388" VPOS="1229" WIDTH="227" HEIGHT="41" STYLEREFS="StyleId-0" CONTENT="Mitchell's" WC="0.864" CC="0500002130" />
            <SP ID="P148_SP00031" WIDTH="0" HPOS="0" VPOS="0" />
            <String ID="P148_S00037" HPOS="650" VPOS="1231" WIDTH="167" HEIGHT="41" STYLEREFS="StyleId-0" CONTENT="mother" WC="0.813333333" CC="060004" />
            <SP ID="P148_SP00032" WIDTH="0" HPOS="0" VPOS="0" />
            <String ID="P148_S00038" HPOS="851" VPOS="1245" WIDTH="88" HEIGHT="28" STYLEREFS="StyleId-0" CONTENT="was" WC="0.78" CC="320" />
            <SP ID="P148_SP00033" WIDTH="0" HPOS="0" VPOS="0" />
            <String ID="P148_S00039" HPOS="974" VPOS="1248" WIDTH="26" HEIGHT="26" STYLEREFS="StyleId-0" CONTENT="a" WC="0.48" CC="5" />
            <SP ID="P148_SP00034" WIDTH="0" HPOS="0" VPOS="0" />
            <String ID="P148_S00040" HPOS="1033" VPOS="1233" WIDTH="143" HEIGHT="43" STYLEREFS="StyleId-0" CONTENT="native" WC="0.966666639" CC="000100" />
            <SP ID="P148_SP00035" WIDTH="0" HPOS="0" VPOS="0" />
            <String ID="P148_S00041" HPOS="1209" VPOS="1235" WIDTH="181" HEIGHT="41" STYLEREFS="StyleId-0" CONTENT="African" WC="0.6357143" CC="0203099" />
            <SP ID="P148_SP00036" WIDTH="0" HPOS="0" VPOS="0" />
            <String ID="P148_S00042" HPOS="1426" VPOS="1237" WIDTH="84" HEIGHT="41" STYLEREFS="StyleId-0" CONTENT="and" WC="0.376666665" CC="0108" />
            <SP ID="P148_SP00037" WIDTH="0" HPOS="0" VPOS="0" />
            <String ID="P148_S00043" HPOS="1543" VPOS="1238" WIDTH="77" HEIGHT="41" STYLEREFS="StyleId-0" CONTENT="her" WC="0.9766667" CC="000" />
          </TextLine>
          <TextLine ID="P148_TL00007" HPOS="295" VPOS="1293" WIDTH="1323" HEIGHT="65">
            <String ID="P148_S00044" HPOS="295" VPOS="1295" WIDTH="140" HEIGHT="41" STYLEREFS="StyleId-0" CONTENT="father" WC="0.663333356" CC="1701000" />
            <SP ID="P148_SP00038" WIDTH="0" HPOS="0" VPOS="0" />
            <String ID="P148_S00045" HPOS="465" VPOS="1311" WIDTH="87" HEIGHT="27" STYLEREFS="StyleId-0" CONTENT="was" WC="0.663333356" CC="603" />
            <SP ID="P148_SP00039" WIDTH="0" HPOS="0" VPOS="0" />
            <String ID="P148_S00046" HPOS="584" VPOS="1312" WIDTH="23" HEIGHT="26" STYLEREFS="StyleId-0" CONTENT="a" WC="1" CC="0" />
            <SP ID="P148_SP00040" WIDTH="0" HPOS="0" VPOS="0" />
            <String ID="P148_S00047" HPOS="641" VPOS="1295" WIDTH="134" HEIGHT="43" STYLEREFS="StyleId-0" CONTENT="Creek" WC="0.852" CC="33000" />
            <SP ID="P148_SP00041" WIDTH="0" HPOS="0" VPOS="0" />
            <String ID="P148_S00048" HPOS="807" VPOS="1299" WIDTH="164" HEIGHT="42" STYLEREFS="StyleId-0" CONTENT="Indian." WC="0.7171429" CC="0900090" />
            <SP ID="P148_SP00042" WIDTH="0" HPOS="0" VPOS="0" />
            <String ID="P148_S00049" HPOS="1033" VPOS="1301" WIDTH="91" HEIGHT="41" STYLEREFS="StyleId-0" CONTENT="Her" WC="0.646666646" CC="504" />
            <SP ID="P148_SP00043" WIDTH="0" HPOS="0" VPOS="0" />
            <String ID="P148_S00050" HPOS="1157" VPOS="1309" WIDTH="119" HEIGHT="45" STYLEREFS="StyleId-0" CONTENT="great" WC="0.678" CC="105000" />
            <SP ID="P148_SP00044" WIDTH="0" HPOS="0" VPOS="0" />
            <String ID="P148_S00051" HPOS="1308" VPOS="1305" WIDTH="138" HEIGHT="51" STYLEREFS="StyleId-0" CONTENT="grand" WC="0.736" CC="05700" />
            <SP ID="P148_SP00045" WIDTH="0" HPOS="0" VPOS="0" />
            <String ID="P148_S00052" HPOS="1479" VPOS="1305" WIDTH="139" HEIGHT="51" STYLEREFS="StyleId-0" CONTENT="father" WC="0.766666651" CC="400035" />
          </TextLine>
          <TextLine ID="P148_TL00008" HPOS="291" VPOS="1361" WIDTH="1324" HEIGHT="53">
            <String ID="P148_S00053" HPOS="291" VPOS="1376" WIDTH="87" HEIGHT="28" STYLEREFS="StyleId-0" CONTENT="was" WC="0.68" CC="900" />
            <SP ID="P148_SP00046" WIDTH="0" HPOS="0" VPOS="0" />
            <String ID="P148_S00054" HPOS="401" VPOS="1378" WIDTH="25" HEIGHT="26" STYLEREFS="StyleId-0" CONTENT="a" WC="1" CC="0" />
            <SP ID="P148_SP00047" WIDTH="0" HPOS="0" VPOS="0" />
            <String ID="P148_S00055" HPOS="447" VPOS="1364" WIDTH="124" HEIGHT="41" STYLEREFS="StyleId-0" CONTENT="chief." WC="0.8833333" CC="004020" />
            <SP ID="P148_SP00048" WIDTH="0" HPOS="0" VPOS="0" />
            <String ID="P148_S00056" HPOS="660" VPOS="1365" WIDTH="103" HEIGHT="42" STYLEREFS="StyleId-0" CONTENT="Rev." WC="0.8375" CC="0060" />
            <SP ID="P148_SP00049" WIDTH="0" HPOS="0" VPOS="0" />
            <String ID="P148_S00057" HPOS="790" VPOS="1367" WIDTH="192" HEIGHT="42" STYLEREFS="StyleId-0" CONTENT="Mitchell" WC="0.72625" CC="54104050" />
            <SP ID="P148_SP00050" WIDTH="0" HPOS="0" VPOS="0" />
            <String ID="P148_S00058" HPOS="1004" VPOS="1370" WIDTH="199" HEIGHT="41" STYLEREFS="StyleId-0" CONTENT="attended" WC="0.9075" CC="00000700" />
            <SP ID="P148_SP00051" WIDTH="0" HPOS="0" VPOS="0" />
            <String ID="P148_S00059" HPOS="1225" VPOS="1369" WIDTH="144" HEIGHT="43" STYLEREFS="StyleId-0" CONTENT="school" WC="0.7316667" CC="000573" />
            <SP ID="P148_SP00052" WIDTH="0" HPOS="0" VPOS="0" />
            <String ID="P148_S00060" HPOS="1390" VPOS="1372" WIDTH="43" HEIGHT="40" STYLEREFS="StyleId-0" CONTENT="in" WC="0.815" CC="30" />
            <SP ID="P148_SP00053" WIDTH="0" HPOS="0" VPOS="0" />
            <String ID="P148_S00061" HPOS="1456" VPOS="1369" WIDTH="159" HEIGHT="45" STYLEREFS="StyleId-0" CONTENT="Tusca-" WC="0.75" CC="060800" />
          </TextLine>
          <TextLine ID="P148_TL00009" HPOS="296" VPOS="1424" WIDTH="1315" HEIGHT="68">
            <String ID="P148_S00062" HPOS="296" VPOS="1430" WIDTH="276" HEIGHT="42" STYLEREFS="StyleId-0" CONTENT="loosta—both" WC="0.6645455" CC="600070901040" />
            <SP ID="P148_SP00054" WIDTH="0" HPOS="0" VPOS="0" />
            <String ID="P148_S00063" HPOS="615" VPOS="1431" WIDTH="71" HEIGHT="41" STYLEREFS="StyleId-0" CONTENT="the" WC="1" CC="000" />
            <SP ID="P148_SP00055" WIDTH="0" HPOS="0" VPOS="0" />
            <String ID="P148_S00064" HPOS="727" VPOS="1434" WIDTH="141" HEIGHT="51" STYLEREFS="StyleId-0" CONTENT="public" WC="0.766666651" CC="304330" />
            <SP ID="P148_SP00056" WIDTH="0" HPOS="0" VPOS="0" />
            <String ID="P148_S00065" HPOS="910" VPOS="1435" WIDTH="84" HEIGHT="50" STYLEREFS="StyleId-0" CONTENT="and" WC="0.68" CC="090" />
            <SP ID="P148_SP00057" WIDTH="0" HPOS="0" VPOS="0" />
            <String ID="P148_S00066" HPOS="1035" VPOS="1435" WIDTH="72" HEIGHT="50" STYLEREFS="StyleId-0" CONTENT="the" WC="0.933333337" CC="002" />
            <SP ID="P148_SP00058" WIDTH="0" HPOS="0" VPOS="0" />
            <String ID="P148_S00067" HPOS="1149" VPOS="1436" WIDTH="295" HEIGHT="52" STYLEREFS="StyleId-0" CONTENT="Presbyterian" WC="0.8675" CC="700140001200" />
            <SP ID="P148_SP00059" WIDTH="0" HPOS="0" VPOS="0" />
            <String ID="P148_S00068" HPOS="1489" VPOS="1432" WIDTH="122" HEIGHT="60" STYLEREFS="StyleId-0" CONTENT="High" WC="0.4675" CC="8570" />
          </TextLine>
          <TextLine ID="P148_TL00010" HPOS="296" VPOS="1497" WIDTH="1318" HEIGHT="54">
            <String ID="P148_S00069" HPOS="296" VPOS="1497" WIDTH="166" HEIGHT="42" STYLEREFS="StyleId-0" CONTENT="School." WC="0.747142851" CC="0054430" />
            <SP ID="P148_SP00060" WIDTH="0" HPOS="0" VPOS="0" />
            <String ID="P148_S00070" HPOS="524" VPOS="1500" WIDTH="81" HEIGHT="40" STYLEREFS="StyleId-0" CONTENT="His" WC="0.6566667" CC="630" />
            <SP ID="P148_SP00061" WIDTH="0" HPOS="0" VPOS="0" />
            <String ID="P148_S00071" HPOS="635" VPOS="1501" WIDTH="167" HEIGHT="40" STYLEREFS="StyleId-0" CONTENT="mother" WC="0.8383333" CC="070200" />
            <SP ID="P148_SP00062" WIDTH="0" HPOS="0" VPOS="0" />
            <String ID="P148_S00072" HPOS="830" VPOS="1516" WIDTH="87" HEIGHT="27" STYLEREFS="StyleId-0" CONTENT="was" WC="1" CC="000" />
            <SP ID="P148_SP00063" WIDTH="0" HPOS="0" VPOS="0" />
            <String ID="P148_S00073" HPOS="947" VPOS="1516" WIDTH="25" HEIGHT="27" STYLEREFS="StyleId-0" CONTENT="a" WC="1" CC="0" />
            <SP ID="P148_SP00064" WIDTH="0" HPOS="0" VPOS="0" />
            <String ID="P148_S00074" HPOS="998" VPOS="1504" WIDTH="188" HEIGHT="40" STYLEREFS="StyleId-0" CONTENT="member" WC="0.848333359" CC="000503" />
            <SP ID="P148_SP00065" WIDTH="0" HPOS="0" VPOS="0" />
            <String ID="P148_S00075" HPOS="1214" VPOS="1506" WIDTH="47" HEIGHT="40" STYLEREFS="StyleId-0" CONTENT="of" WC="0.93" CC="01" />
            <SP ID="P148_SP00066" WIDTH="0" HPOS="0" VPOS="0" />
            <String ID="P148_S00076" HPOS="1288" VPOS="1505" WIDTH="74" HEIGHT="42" STYLEREFS="StyleId-0" CONTENT="the" WC="0.6" CC="065" />
            <SP ID="P148_SP00067" WIDTH="0" HPOS="0" VPOS="0" />
            <String ID="P148_S00077" HPOS="1387" VPOS="1507" WIDTH="53" HEIGHT="42" STYLEREFS="StyleId-0" CONTENT="A." WC="0.985" CC="00" />
            <SP ID="P148_SP00068" WIDTH="0" HPOS="0" VPOS="0" />
            <String ID="P148_S00078" HPOS="1473" VPOS="1507" WIDTH="60" HEIGHT="42" STYLEREFS="StyleId-0" CONTENT="M." WC="0.855" CC="02" />
            <SP ID="P148_SP00069" WIDTH="0" HPOS="0" VPOS="0" />
            <String ID="P148_S00079" HPOS="1564" VPOS="1506" WIDTH="50" HEIGHT="45" STYLEREFS="StyleId-0" CONTENT="E." WC="0.775" CC="04" />
          </TextLine>
          <TextLine ID="P148_TL00011" HPOS="293" VPOS="1564" WIDTH="1323" HEIGHT="62">
            <String ID="P148_S00080" HPOS="293" VPOS="1565" WIDTH="105" HEIGHT="41" STYLEREFS="StyleId-0" CONTENT="Zion" WC="0.91" CC="0030" />
            <SP ID="P148_SP00070" WIDTH="0" HPOS="0" VPOS="0" />
            <String ID="P148_S00081" HPOS="433" VPOS="1565" WIDTH="182" HEIGHT="43" STYLEREFS="StyleId-0" CONTENT="Church." WC="0.69" CC="0770070" />
            <SP ID="P148_SP00071" WIDTH="0" HPOS="0" VPOS="0" />
            <String ID="P148_S00082" HPOS="678" VPOS="1568" WIDTH="50" HEIGHT="40" STYLEREFS="StyleId-0" CONTENT="In" WC="0.9" CC="02" />
            <SP ID="P148_SP00072" WIDTH="0" HPOS="0" VPOS="0" />
            <String ID="P148_S00083" HPOS="765" VPOS="1569" WIDTH="103" HEIGHT="51" STYLEREFS="StyleId-0" CONTENT="1867" WC="0.6925" CC="1406" />
            <SP ID="P148_SP00073" WIDTH="0" HPOS="0" VPOS="0" />
            <String ID="P148_S00084" HPOS="902" VPOS="1569" WIDTH="75" HEIGHT="51" STYLEREFS="StyleId-0" CONTENT="she" WC="0.77" CC="060" />
            <SP ID="P148_SP00074" WIDTH="0" HPOS="0" VPOS="0" />
            <String ID="P148_S00085" HPOS="1007" VPOS="1569" WIDTH="85" HEIGHT="51" STYLEREFS="StyleId-0" CONTENT="had" WC="0.7866667" CC="600" />
            <SP ID="P148_SP00075" WIDTH="0" HPOS="0" VPOS="0" />
            <String ID="P148_S00086" HPOS="1123" VPOS="1571" WIDTH="89" HEIGHT="49" STYLEREFS="StyleId-0" CONTENT="him" WC="0.696666658" CC="620" />
            <SP ID="P148_SP00076" WIDTH="0" HPOS="0" VPOS="0" />
            <String ID="P148_S00087" HPOS="1244" VPOS="1573" WIDTH="195" HEIGHT="51" STYLEREFS="StyleId-0" CONTENT="baptized" WC="0.8075" CC="00404600" />
            <SP ID="P148_SP00077" WIDTH="0" HPOS="0" VPOS="0" />
            <String ID="P148_S00088" HPOS="1472" VPOS="1575" WIDTH="41" HEIGHT="49" STYLEREFS="StyleId-0" CONTENT="in" WC="0.755" CC="40" />
            <SP ID="P148_SP00078" WIDTH="0" HPOS="0" VPOS="0" />
            <String ID="P148_S00089" HPOS="1545" VPOS="1575" WIDTH="71" HEIGHT="49" STYLEREFS="StyleId-0" CONTENT="the" WC="0.623333335" CC="343" />
          </TextLine>
          <TextLine ID="P148_TL00012" HPOS="291" VPOS="1630" WIDTH="1324" HEIGHT="62">
            <String ID="P148_S00090" HPOS="291" VPOS="1632" WIDTH="133" HEIGHT="41" STYLEREFS="StyleId-0" CONTENT="above" WC="0.522" CC="93190" />
            <SP ID="P148_SP00079" WIDTH="0" HPOS="0" VPOS="0" />
            <String ID="P148_S00091" HPOS="448" VPOS="1635" WIDTH="154" HEIGHT="39" STYLEREFS="StyleId-0" CONTENT="named" WC="1" CC="00000" />
            <SP ID="P148_SP00080" WIDTH="0" HPOS="0" VPOS="0" />
            <String ID="P148_S00092" HPOS="626" VPOS="1633" WIDTH="171" HEIGHT="47" STYLEREFS="StyleId-0" CONTENT="church." WC="0.735714257" CC="01001060" />
            <SP ID="P148_SP00081" WIDTH="0" HPOS="0" VPOS="0" />
            <String ID="P148_S00093" HPOS="858" VPOS="1636" WIDTH="51" HEIGHT="44" STYLEREFS="StyleId-0" CONTENT="In" WC="1" CC="00" />
            <SP ID="P148_SP00082" WIDTH="0" HPOS="0" VPOS="0" />
            <String ID="P148_S00094" HPOS="939" VPOS="1636" WIDTH="115" HEIGHT="52" STYLEREFS="StyleId-0" CONTENT="1883," WC="0.682" CC="64004" />
            <SP ID="P148_SP00083" WIDTH="0" HPOS="0" VPOS="0" />
            <String ID="P148_S00095" HPOS="1082" VPOS="1635" WIDTH="113" HEIGHT="54" STYLEREFS="StyleId-0" CONTENT="Sept." WC="0.624" CC="67050" />
            <SP ID="P148_SP00084" WIDTH="0" HPOS="0" VPOS="0" />
            <String ID="P148_S00096" HPOS="1228" VPOS="1645" WIDTH="73" HEIGHT="44" STYLEREFS="StyleId-0" CONTENT="1st," WC="0.8725" CC="0005" />
            <SP ID="P148_SP00085" WIDTH="0" HPOS="0" VPOS="0" />
            <String ID="P148_S00097" HPOS="1327" VPOS="1639" WIDTH="54" HEIGHT="50" STYLEREFS="StyleId-0" CONTENT="he" WC="0.85" CC="30" />
            <SP ID="P148_SP00086" WIDTH="0" HPOS="0" VPOS="0" />
            <String ID="P148_S00098" HPOS="1403" VPOS="1653" WIDTH="88" HEIGHT="36" STYLEREFS="StyleId-0" CONTENT="was" WC="0.6666667" CC="1000" />
            <SP ID="P148_SP00087" WIDTH="0" HPOS="0" VPOS="0" />
            <String ID="P148_S00099" HPOS="1517" VPOS="1653" WIDTH="98" HEIGHT="36" STYLEREFS="StyleId-0" CONTENT="con¬" WC="0.7825" CC="0503" />
          </TextLine>
          <TextLine ID="P148_TL00013" HPOS="289" VPOS="1698" WIDTH="1322" HEIGHT="59">
            <String ID="P148_S00100" HPOS="289" VPOS="1701" WIDTH="147" HEIGHT="39" STYLEREFS="StyleId-0" CONTENT="verted" WC="0.766666651" CC="900400" />
            <SP ID="P148_SP00088" WIDTH="0" HPOS="0" VPOS="0" />
            <String ID="P148_S00101" HPOS="463" VPOS="1701" WIDTH="84" HEIGHT="40" STYLEREFS="StyleId-0" CONTENT="and" WC="0.7266667" CC="800" />
            <SP ID="P148_SP00089" WIDTH="0" HPOS="0" VPOS="0" />
            <String ID="P148_S00102" HPOS="575" VPOS="1702" WIDTH="145" HEIGHT="48" STYLEREFS="StyleId-0" CONTENT="joined" WC="0.876666665" CC="700000" />
            <SP ID="P148_SP00090" WIDTH="0" HPOS="0" VPOS="0" />
            <String ID="P148_S00103" HPOS="750" VPOS="1704" WIDTH="79" HEIGHT="46" STYLEREFS="StyleId-0" CONTENT="Mt." WC="1" CC="000" />
            <SP ID="P148_SP00091" WIDTH="0" HPOS="0" VPOS="0" />
            <String ID="P148_S00104" HPOS="861" VPOS="1704" WIDTH="78" HEIGHT="46" STYLEREFS="StyleId-0" CONTENT="Pin" WC="0.68" CC="720" />
            <SP ID="P148_SP00092" WIDTH="0" HPOS="0" VPOS="0" />
            <String ID="P148_S00105" HPOS="945" VPOS="1704" WIDTH="35" HEIGHT="46" STYLEREFS="StyleId-0" CONTENT="el" WC="0.45" CC="64" />
            <SP ID="P148_SP00093" WIDTH="0" HPOS="0" VPOS="0" />
            <String ID="P148_S00106" HPOS="1008" VPOS="1705" WIDTH="52" HEIGHT="45" STYLEREFS="StyleId-0" CONTENT="A." WC="1" CC="00" />
            <SP ID="P148_SP00094" WIDTH="0" HPOS="0" VPOS="0" />
            <String ID="P148_S00107" HPOS="1093" VPOS="1706" WIDTH="60" HEIGHT="44" STYLEREFS="StyleId-0" CONTENT="M." WC="1" CC="00" />
            <SP ID="P148_SP00095" WIDTH="0" HPOS="0" VPOS="0" />
            <String ID="P148_S00108" HPOS="1183" VPOS="1704" WIDTH="50" HEIGHT="46" STYLEREFS="StyleId-0" CONTENT="E." WC="0.53" CC="90" />
            <SP ID="P148_SP00096" WIDTH="0" HPOS="0" VPOS="0" />
            <String ID="P148_S00109" HPOS="1264" VPOS="1706" WIDTH="184" HEIGHT="50" STYLEREFS="StyleId-0" CONTENT="Church," WC="0.7185714" CC="0460043" />
            <SP ID="P148_SP00097" WIDTH="0" HPOS="0" VPOS="0" />
            <String ID="P148_S00110" HPOS="1476" VPOS="1709" WIDTH="135" HEIGHT="47" STYLEREFS="StyleId-0" CONTENT="under" WC="0.942" CC="00002" />
          </TextLine>
          <TextLine ID="P148_TL00014" HPOS="290" VPOS="1765" WIDTH="1322" HEIGHT="63">
            <String ID="P148_S00111" HPOS="290" VPOS="1766" WIDTH="50" HEIGHT="41" STYLEREFS="StyleId-0" CONTENT="G." WC="0.945" CC="10" />
            <SP ID="P148_SP00098" WIDTH="0" HPOS="0" VPOS="0" />
            <String ID="P148_S00112" HPOS="373" VPOS="1767" WIDTH="51" HEIGHT="41" STYLEREFS="StyleId-0" CONTENT="D." WC="0.985" CC="00" />
            <SP ID="P148_SP00099" WIDTH="0" HPOS="0" VPOS="0" />
            <String ID="P148_S00113" HPOS="458" VPOS="1768" WIDTH="237" HEIGHT="48" STYLEREFS="StyleId-0" CONTENT="Hamilton," WC="0.75777775" CC="550200034" />
            <SP ID="P148_SP00100" WIDTH="0" HPOS="0" VPOS="0" />
            <String ID="P148_S00114" HPOS="726" VPOS="1768" WIDTH="292" HEIGHT="55" STYLEREFS="StyleId-0" CONTENT="Taylorsville," WC="0.7876923" CC="10000300032304" />
            <SP ID="P148_SP00101" WIDTH="0" HPOS="0" VPOS="0" />
            <String ID="P148_S00115" HPOS="1050" VPOS="1772" WIDTH="95" HEIGHT="51" STYLEREFS="StyleId-0" CONTENT="Ala." WC="0.94" CC="0200" />
            <SP ID="P148_SP00102" WIDTH="0" HPOS="0" VPOS="0" />
            <String ID="P148_S00116" HPOS="1206" VPOS="1772" WIDTH="70" HEIGHT="51" STYLEREFS="StyleId-0" CONTENT="He" WC="0.84" CC="30" />
            <SP ID="P148_SP00103" WIDTH="0" HPOS="0" VPOS="0" />
            <String ID="P148_S00117" HPOS="1305" VPOS="1775" WIDTH="149" HEIGHT="48" STYLEREFS="StyleId-0" CONTENT="served" WC="0.6533333" CC="007039" />
            <SP ID="P148_SP00104" WIDTH="0" HPOS="0" VPOS="0" />
            <String ID="P148_S00118" HPOS="1483" VPOS="1788" WIDTH="45" HEIGHT="35" STYLEREFS="StyleId-0" CONTENT="as" WC="1" CC="00" />
            <SP ID="P148_SP00105" WIDTH="0" HPOS="0" VPOS="0" />
            <String ID="P148_S00119" HPOS="1559" VPOS="1790" WIDTH="53" HEIGHT="33" STYLEREFS="StyleId-0" CONTENT="an" WC="0.63" CC="07" />
          </TextLine>
          <TextLine ID="P148_TL00015" HPOS="290" VPOS="1831" WIDTH="1325" HEIGHT="60">
            <String ID="P148_S00120" HPOS="290" VPOS="1834" WIDTH="141" HEIGHT="41" STYLEREFS="StyleId-0" CONTENT="officer" WC="0.768571436" CC="0744000" />
            <SP ID="P148_SP00106" WIDTH="0" HPOS="0" VPOS="0" />
            <String ID="P148_S00121" HPOS="457" VPOS="1835" WIDTH="68" HEIGHT="40" STYLEREFS="StyleId-0" CONTENT="for" WC="0.75666666" CC="033" />
            <SP ID="P148_SP00107" WIDTH="0" HPOS="0" VPOS="0" />
            <String ID="P148_S00122" HPOS="549" VPOS="1849" WIDTH="117" HEIGHT="29" STYLEREFS="StyleId-0" CONTENT="some" WC="0.885" CC="0400" />
            <SP ID="P148_SP00108" WIDTH="0" HPOS="0" VPOS="0" />
            <String ID="P148_S00123" HPOS="689" VPOS="1835" WIDTH="101" HEIGHT="43" STYLEREFS="StyleId-0" CONTENT="time" WC="0.7825" CC="0530" />
            <SP ID="P148_SP00109" WIDTH="0" HPOS="0" VPOS="0" />
            <String ID="P148_S00124" HPOS="814" VPOS="1838" WIDTH="41" HEIGHT="40" STYLEREFS="StyleId-0" CONTENT="in" WC="0.65" CC="70" />
            <SP ID="P148_SP00110" WIDTH="0" HPOS="0" VPOS="0" />
            <String ID="P148_S00125" HPOS="878" VPOS="1839" WIDTH="71" HEIGHT="41" STYLEREFS="StyleId-0" CONTENT="the" WC="0.7866667" CC="060" />
            <SP ID="P148_SP00111" WIDTH="0" HPOS="0" VPOS="0" />
            <String ID="P148_S00126" HPOS="972" VPOS="1853" WIDTH="117" HEIGHT="27" STYLEREFS="StyleId-0" CONTENT="same" WC="1" CC="0000" />
            <SP ID="P148_SP00112" WIDTH="0" HPOS="0" VPOS="0" />
            <String ID="P148_S00127" HPOS="1110" VPOS="1839" WIDTH="171" HEIGHT="43" STYLEREFS="StyleId-0" CONTENT="church." WC="0.7171429" CC="0680004" />
            <SP ID="P148_SP00113" WIDTH="0" HPOS="0" VPOS="0" />
            <String ID="P148_S00128" HPOS="1342" VPOS="1841" WIDTH="49" HEIGHT="41" STYLEREFS="StyleId-0" CONTENT="In" WC="0.365" CC="48" />
            <SP ID="P148_SP00114" WIDTH="0" HPOS="0" VPOS="0" />
            <String ID="P148_S00129" HPOS="1421" VPOS="1841" WIDTH="116" HEIGHT="50" STYLEREFS="StyleId-0" CONTENT="1886," WC="0.912" CC="00004" />
            <SP ID="P148_SP00115" WIDTH="0" HPOS="0" VPOS="0" />
            <String ID="P148_S00130" HPOS="1562" VPOS="1840" WIDTH="53" HEIGHT="51" STYLEREFS="StyleId-0" CONTENT="he" WC="0.5" CC="63" />
          </TextLine>
          <TextLine ID="P148_TL00016" HPOS="288" VPOS="1898" WIDTH="1323" HEIGHT="64">
            <String ID="P148_S00131" HPOS="288" VPOS="1902" WIDTH="146" HEIGHT="51" STYLEREFS="StyleId-0" CONTENT="joined" WC="0.863333344" CC="005200" />
            <SP ID="P148_SP00116" WIDTH="0" HPOS="0" VPOS="0" />
            <String ID="P148_S00132" HPOS="461" VPOS="1902" WIDTH="72" HEIGHT="51" STYLEREFS="StyleId-0" CONTENT="the" WC="0.8466667" CC="040" />
            <SP ID="P148_SP00117" WIDTH="0" HPOS="0" VPOS="0" />
            <String ID="P148_S00133" HPOS="560" VPOS="1902" WIDTH="160" HEIGHT="51" STYLEREFS="StyleId-0" CONTENT="church" WC="0.75666666" CC="077000" />
            <SP ID="P148_SP00118" WIDTH="0" HPOS="0" VPOS="0" />
            <String ID="P148_S00134" HPOS="749" VPOS="1912" WIDTH="42" HEIGHT="41" STYLEREFS="StyleId-0" CONTENT="at" WC="0.47" CC="82" />
            <SP ID="P148_SP00119" WIDTH="0" HPOS="0" VPOS="0" />
            <String ID="P148_S00135" HPOS="819" VPOS="1905" WIDTH="211" HEIGHT="52" STYLEREFS="StyleId-0" CONTENT="Redding," WC="0.65875" CC="002075102" />
            <SP ID="P148_SP00120" WIDTH="0" HPOS="0" VPOS="0" />
            <String ID="P148_S00136" HPOS="1060" VPOS="1906" WIDTH="109" HEIGHT="51" STYLEREFS="StyleId-0" CONTENT="Ala.," WC="0.908" CC="00003" />
            <SP ID="P148_SP00121" WIDTH="0" HPOS="0" VPOS="0" />
            <String ID="P148_S00137" HPOS="1198" VPOS="1908" WIDTH="134" HEIGHT="49" STYLEREFS="StyleId-0" CONTENT="under" WC="0.862" CC="60000" />
            <SP ID="P148_SP00122" WIDTH="0" HPOS="0" VPOS="0" />
            <String ID="P148_S00138" HPOS="1362" VPOS="1908" WIDTH="102" HEIGHT="49" STYLEREFS="StyleId-0" CONTENT="Rev." WC="1" CC="0000" />
            <SP ID="P148_SP00123" WIDTH="0" HPOS="0" VPOS="0" />
            <String ID="P148_S00139" HPOS="1495" VPOS="1906" WIDTH="49" HEIGHT="51" STYLEREFS="StyleId-0" CONTENT="T." WC="1" CC="00" />
            <SP ID="P148_SP00124" WIDTH="0" HPOS="0" VPOS="0" />
            <String ID="P148_S00140" HPOS="1573" VPOS="1911" WIDTH="38" HEIGHT="50" STYLEREFS="StyleId-0" CONTENT="J." WC="0.335" CC="103" />
          </TextLine>
          <TextLine ID="P148_TL00017" HPOS="288" VPOS="1967" WIDTH="1322" HEIGHT="62">
            <String ID="P148_S00141" HPOS="288" VPOS="1968" WIDTH="193" HEIGHT="42" STYLEREFS="StyleId-0" CONTENT="Stewart." WC="0.93625" CC="00000202" />
            <SP ID="P148_SP00125" WIDTH="0" HPOS="0" VPOS="0" />
            <String ID="P148_S00142" HPOS="543" VPOS="1971" WIDTH="50" HEIGHT="39" STYLEREFS="StyleId-0" CONTENT="In" WC="1" CC="00" />
            <SP ID="P148_SP00126" WIDTH="0" HPOS="0" VPOS="0" />
            <String ID="P148_S00143" HPOS="618" VPOS="1970" WIDTH="116" HEIGHT="53" STYLEREFS="StyleId-0" CONTENT="1889," WC="0.754" CC="12303" />
            <SP ID="P148_SP00127" WIDTH="0" HPOS="0" VPOS="0" />
            <String ID="P148_S00144" HPOS="754" VPOS="1985" WIDTH="87" HEIGHT="38" STYLEREFS="StyleId-0" CONTENT="was" WC="0.74666667" CC="700" />
            <SP ID="P148_SP00128" WIDTH="0" HPOS="0" VPOS="0" />
            <String ID="P148_S00145" HPOS="861" VPOS="1971" WIDTH="182" HEIGHT="52" STYLEREFS="StyleId-0" CONTENT="licensed" WC="0.93" CC="32000000" />
            <SP ID="P148_SP00129" WIDTH="0" HPOS="0" VPOS="0" />
            <String ID="P148_S00146" HPOS="1061" VPOS="1980" WIDTH="44" HEIGHT="43" STYLEREFS="StyleId-0" CONTENT="to" WC="0.675" CC="06" />
            <SP ID="P148_SP00130" WIDTH="0" HPOS="0" VPOS="0" />
            <String ID="P148_S00147" HPOS="1123" VPOS="1974" WIDTH="153" HEIGHT="49" STYLEREFS="StyleId-0" CONTENT="exhort" WC="0.7916667" CC="406010" />
            <SP ID="P148_SP00131" WIDTH="0" HPOS="0" VPOS="0" />
            <String ID="P148_S00148" HPOS="1294" VPOS="1976" WIDTH="83" HEIGHT="47" STYLEREFS="StyleId-0" CONTENT="and" WC="0.923333347" CC="020" />
            <SP ID="P148_SP00132" WIDTH="0" HPOS="0" VPOS="0" />
            <String ID="P148_S00149" HPOS="1395" VPOS="1982" WIDTH="46" HEIGHT="41" STYLEREFS="StyleId-0" CONTENT="to" WC="0.645" CC="07" />
            <SP ID="P148_SP00133" WIDTH="0" HPOS="0" VPOS="0" />
            <String ID="P148_S00150" HPOS="1457" VPOS="1979" WIDTH="153" HEIGHT="49" STYLEREFS="StyleId-0" CONTENT="preach" WC="0.8983333" CC="000006" />
          </TextLine>
          <TextLine ID="P148_TL00018" HPOS="288" VPOS="2033" WIDTH="1323" HEIGHT="63">
            <String ID="P148_S00151" HPOS="288" VPOS="2035" WIDTH="56" HEIGHT="52" STYLEREFS="StyleId-0" CONTENT="by" WC="0.67" CC="33" />
            <SP ID="P148_SP00134" WIDTH="0" HPOS="0" VPOS="0" />
            <String ID="P148_S00152" HPOS="375" VPOS="2034" WIDTH="71" HEIGHT="53" STYLEREFS="StyleId-0" CONTENT="W." WC="0.755" CC="22" />
            <SP ID="P148_SP00135" WIDTH="0" HPOS="0" VPOS="0" />
            <String ID="P148_S00153" HPOS="481" VPOS="2035" WIDTH="57" HEIGHT="52" STYLEREFS="StyleId-0" CONTENT="H." WC="0.755" CC="40" />
            <SP ID="P148_SP00136" WIDTH="0" HPOS="0" VPOS="0" />
            <String ID="P148_S00154" HPOS="575" VPOS="2037" WIDTH="169" HEIGHT="50" STYLEREFS="StyleId-0" CONTENT="Mixon," WC="0.7133333" CC="080017" />
            <SP ID="P148_SP00137" WIDTH="0" HPOS="0" VPOS="0" />
            <String ID="P148_S00155" HPOS="781" VPOS="2037" WIDTH="225" HEIGHT="54" STYLEREFS="StyleId-0" CONTENT="Presiding" WC="0.807777762" CC="700030600" />
            <SP ID="P148_SP00138" WIDTH="0" HPOS="0" VPOS="0" />
            <String ID="P148_S00156" HPOS="1039" VPOS="2038" WIDTH="142" HEIGHT="53" STYLEREFS="StyleId-0" CONTENT="Elder," WC="0.8833333" CC="030003" />
            <SP ID="P148_SP00139" WIDTH="0" HPOS="0" VPOS="0" />
            <String ID="P148_S00157" HPOS="1216" VPOS="2042" WIDTH="84" HEIGHT="49" STYLEREFS="StyleId-0" CONTENT="and" WC="0.5966667" CC="750" />
            <SP ID="P148_SP00140" WIDTH="0" HPOS="0" VPOS="0" />
            <String ID="P148_S00158" HPOS="1332" VPOS="2042" WIDTH="104" HEIGHT="49" STYLEREFS="StyleId-0" CONTENT="Rev." WC="0.9575" CC="0001" />
            <SP ID="P148_SP00141" WIDTH="0" HPOS="0" VPOS="0" />
            <String ID="P148_S00159" HPOS="1473" VPOS="2042" WIDTH="48" HEIGHT="49" STYLEREFS="StyleId-0" CONTENT="G." WC="0.965" CC="00" />
            <SP ID="P148_SP00142" WIDTH="0" HPOS="0" VPOS="0" />
            <String ID="P148_S00160" HPOS="1557" VPOS="2044" WIDTH="54" HEIGHT="47" STYLEREFS="StyleId-0" CONTENT="D." WC="0.915" CC="10" />
          </TextLine>
          <TextLine ID="P148_TL00019" HPOS="287" VPOS="2099" WIDTH="1325" HEIGHT="62">
            <String ID="P148_S00161" HPOS="287" VPOS="2102" WIDTH="237" HEIGHT="50" STYLEREFS="StyleId-0" CONTENT="Hamilton," WC="0.8477778" CC="400210004" />
            <SP ID="P148_SP00143" WIDTH="0" HPOS="0" VPOS="0" />
            <String ID="P148_S00162" HPOS="546" VPOS="2109" WIDTH="145" HEIGHT="45" STYLEREFS="StyleId-0" CONTENT="pastor" WC="0.913333356" CC="000022" />
            <SP ID="P148_SP00144" WIDTH="0" HPOS="0" VPOS="0" />
            <String ID="P148_S00163" HPOS="712" VPOS="2104" WIDTH="47" HEIGHT="50" STYLEREFS="StyleId-0" CONTENT="of" WC="0.885" CC="02" />
            <SP ID="P148_SP00145" WIDTH="0" HPOS="0" VPOS="0" />
            <String ID="P148_S00164" HPOS="781" VPOS="2103" WIDTH="161" HEIGHT="52" STYLEREFS="StyleId-0" CONTENT="Bryant" WC="0.6716667" CC="509040" />
            <SP ID="P148_SP00146" WIDTH="0" HPOS="0" VPOS="0" />
            <String ID="P148_S00165" HPOS="965" VPOS="2105" WIDTH="171" HEIGHT="52" STYLEREFS="StyleId-0" CONTENT="Chapel," WC="0.764285743" CC="3500052" />
            <SP ID="P148_SP00147" WIDTH="0" HPOS="0" VPOS="0" />
            <String ID="P148_S00166" HPOS="1159" VPOS="2105" WIDTH="211" HEIGHT="52" STYLEREFS="StyleId-0" CONTENT="Redding." WC="0.8" CC="000030102" />
            <SP ID="P148_SP00148" WIDTH="0" HPOS="0" VPOS="0" />
            <String ID="P148_S00167" HPOS="1432" VPOS="2108" WIDTH="50" HEIGHT="49" STYLEREFS="StyleId-0" CONTENT="In" WC="0.765" CC="13" />
            <SP ID="P148_SP00149" WIDTH="0" HPOS="0" VPOS="0" />
            <String ID="P148_S00168" HPOS="1509" VPOS="2109" WIDTH="103" HEIGHT="52" STYLEREFS="StyleId-0" CONTENT="1890" WC="0.8675" CC="0301" />
          </TextLine>
          <TextLine ID="P148_TL00020" HPOS="285" VPOS="2164" WIDTH="1327" HEIGHT="64">
            <String ID="P148_S00169" HPOS="285" VPOS="2168" WIDTH="54" HEIGHT="40" STYLEREFS="StyleId-0" CONTENT="he" WC="0.73" CC="50" />
            <SP ID="P148_SP00150" WIDTH="0" HPOS="0" VPOS="0" />
            <String ID="P148_S00170" HPOS="363" VPOS="2169" WIDTH="229" HEIGHT="51" STYLEREFS="StyleId-0" CONTENT="organized" WC="0.802222252" CC="2010005000" />
            <SP ID="P148_SP00151" WIDTH="0" HPOS="0" VPOS="0" />
            <String ID="P148_S00171" HPOS="615" VPOS="2183" WIDTH="23" HEIGHT="37" STYLEREFS="StyleId-0" CONTENT="a" WC="1" CC="0" />
            <SP ID="P148_SP00152" WIDTH="0" HPOS="0" VPOS="0" />
            <String ID="P148_S00172" HPOS="662" VPOS="2169" WIDTH="104" HEIGHT="51" STYLEREFS="StyleId-0" CONTENT="little" WC="0.8516667" CC="320030" />
            <SP ID="P148_SP00153" WIDTH="0" HPOS="0" VPOS="0" />
            <String ID="P148_S00173" HPOS="788" VPOS="2170" WIDTH="187" HEIGHT="50" STYLEREFS="StyleId-0" CONTENT="mission," WC="0.70125" CC="070032100" />
            <SP ID="P148_SP00154" WIDTH="0" HPOS="0" VPOS="0" />
            <String ID="P148_S00174" HPOS="1001" VPOS="2172" WIDTH="102" HEIGHT="48" STYLEREFS="StyleId-0" CONTENT="with" WC="0.8" CC="0205" />
            <SP ID="P148_SP00155" WIDTH="0" HPOS="0" VPOS="0" />
            <String ID="P148_S00175" HPOS="1126" VPOS="2170" WIDTH="71" HEIGHT="50" STYLEREFS="StyleId-0" CONTENT="the" WC="0.75" CC="070" />
            <SP ID="P148_SP00156" WIDTH="0" HPOS="0" VPOS="0" />
            <String ID="P148_S00176" HPOS="1220" VPOS="2173" WIDTH="230" HEIGHT="47" STYLEREFS="StyleId-0" CONTENT="assistance" WC="0.645" CC="7004409900" />
            <SP ID="P148_SP00157" WIDTH="0" HPOS="0" VPOS="0" />
            <String ID="P148_S00177" HPOS="1472" VPOS="2176" WIDTH="45" HEIGHT="44" STYLEREFS="StyleId-0" CONTENT="of" WC="0.585" CC="07" />
            <SP ID="P148_SP00158" WIDTH="0" HPOS="0" VPOS="0" />
            <String ID="P148_S00178" HPOS="1542" VPOS="2175" WIDTH="70" HEIGHT="45" STYLEREFS="StyleId-0" CONTENT="the" WC="0.7033333" CC="062" />
          </TextLine>
          <TextLine ID="P148_TL00021" HPOS="284" VPOS="2231" WIDTH="1325" HEIGHT="59">
            <String ID="P148_S00179" HPOS="284" VPOS="2241" WIDTH="157" HEIGHT="38" STYLEREFS="StyleId-0" CONTENT="pas'tor," WC="0.82625" CC="74000200" />
            <SP ID="P148_SP00159" WIDTH="0" HPOS="0" VPOS="0" />
            <String ID="P148_S00180" HPOS="462" VPOS="2241" WIDTH="42" HEIGHT="38" STYLEREFS="StyleId-0" CONTENT="at" WC="0.885" CC="02" />
            <SP ID="P148_SP00160" WIDTH="0" HPOS="0" VPOS="0" />
            <String ID="P148_S00181" HPOS="524" VPOS="2235" WIDTH="264" HEIGHT="44" STYLEREFS="StyleId-0" CONTENT="Woodward" WC="0.92" CC="00000410" />
            <SP ID="P148_SP00161" WIDTH="0" HPOS="0" VPOS="0" />
            <String ID="P148_S00182" HPOS="808" VPOS="2236" WIDTH="89" HEIGHT="43" STYLEREFS="StyleId-0" CONTENT="Ore" WC="0.886666656" CC="030" />
            <SP ID="P148_SP00162" WIDTH="0" HPOS="0" VPOS="0" />
            <String ID="P148_S00183" HPOS="916" VPOS="2236" WIDTH="152" HEIGHT="43" STYLEREFS="StyleId-0" CONTENT="Mines." WC="0.901666641" CC="050000" />
            <SP ID="P148_SP00163" WIDTH="0" HPOS="0" VPOS="0" />
            <String ID="P148_S00184" HPOS="1131" VPOS="2238" WIDTH="50" HEIGHT="41" STYLEREFS="StyleId-0" CONTENT="In" WC="0.76" CC="04" />
            <SP ID="P148_SP00164" WIDTH="0" HPOS="0" VPOS="0" />
            <String ID="P148_S00185" HPOS="1206" VPOS="2237" WIDTH="115" HEIGHT="50" STYLEREFS="StyleId-0" CONTENT="1891," WC="0.642" CC="04904" />
            <SP ID="P148_SP00165" WIDTH="0" HPOS="0" VPOS="0" />
            <String ID="P148_S00186" HPOS="1342" VPOS="2241" WIDTH="54" HEIGHT="46" STYLEREFS="StyleId-0" CONTENT="he" WC="0.665" CC="60" />
            <SP ID="P148_SP00166" WIDTH="0" HPOS="0" VPOS="0" />
            <String ID="P148_S00187" HPOS="1414" VPOS="2243" WIDTH="195" HEIGHT="46" STYLEREFS="StyleId-0" CONTENT="reported" WC="0.7125" CC="10904008" />
          </TextLine>
          <TextLine ID="P148_TL00022" HPOS="287" VPOS="2296" WIDTH="1319" HEIGHT="59">
            <String ID="P148_S00188" HPOS="287" VPOS="2301" WIDTH="84" HEIGHT="39" STYLEREFS="StyleId-0" CONTENT="this" WC="0.745" CC="0630" />
            <SP ID="P148_SP00167" WIDTH="0" HPOS="0" VPOS="0" />
            <String ID="P148_S00189" HPOS="394" VPOS="2302" WIDTH="175" HEIGHT="39" STYLEREFS="StyleId-0" CONTENT="mission" WC="0.832857132" CC="0000470" />
            <SP ID="P148_SP00168" WIDTH="0" HPOS="0" VPOS="0" />
            <String ID="P148_S00190" HPOS="592" VPOS="2308" WIDTH="45" HEIGHT="33" STYLEREFS="StyleId-0" CONTENT="to" WC="0.835" CC="03" />
            <SP ID="P148_SP00169" WIDTH="0" HPOS="0" VPOS="0" />
            <String ID="P148_S00191" HPOS="658" VPOS="2302" WIDTH="71" HEIGHT="40" STYLEREFS="StyleId-0" CONTENT="the" WC="0.51" CC="760" />
            <SP ID="P148_SP00170" WIDTH="0" HPOS="0" VPOS="0" />
            <String ID="P148_S00192" HPOS="753" VPOS="2301" WIDTH="262" HEIGHT="42" STYLEREFS="StyleId-0" CONTENT="Conference" WC="0.718" CC="4005040860" />
            <SP ID="P148_SP00171" WIDTH="0" HPOS="0" VPOS="0" />
            <String ID="P148_S00193" HPOS="1037" VPOS="2309" WIDTH="41" HEIGHT="34" STYLEREFS="StyleId-0" CONTENT="at" WC="0.685" CC="60" />
            <SP ID="P148_SP00172" WIDTH="0" HPOS="0" VPOS="0" />
            <String ID="P148_S00194" HPOS="1105" VPOS="2302" WIDTH="152" HEIGHT="51" STYLEREFS="StyleId-0" CONTENT="Selma," WC="0.385" CC="895904" />
            <SP ID="P148_SP00173" WIDTH="0" HPOS="0" VPOS="0" />
            <String ID="P148_S00195" HPOS="1282" VPOS="2305" WIDTH="107" HEIGHT="49" STYLEREFS="StyleId-0" CONTENT="Ala.," WC="0.608" CC="051030" />
            <SP ID="P148_SP00174" WIDTH="0" HPOS="0" VPOS="0" />
            <String ID="P148_S00196" HPOS="1414" VPOS="2307" WIDTH="83" HEIGHT="47" STYLEREFS="StyleId-0" CONTENT="and" WC="0.766666651" CC="007" />
            <SP ID="P148_SP00175" WIDTH="0" HPOS="0" VPOS="0" />
            <String ID="P148_S00197" HPOS="1519" VPOS="2322" WIDTH="87" HEIGHT="32" STYLEREFS="StyleId-0" CONTENT="was" WC="0.793333352" CC="006" />
          </TextLine>
          <TextLine ID="P148_TL00023" HPOS="285" VPOS="2363" WIDTH="1323" HEIGHT="61">
            <String ID="P148_S00198" HPOS="285" VPOS="2367" WIDTH="192" HEIGHT="40" STYLEREFS="StyleId-0" CONTENT="received" WC="0.90625" CC="00003030" />
            <SP ID="P148_SP00176" WIDTH="0" HPOS="0" VPOS="0" />
            <String ID="P148_S00199" HPOS="507" VPOS="2368" WIDTH="91" HEIGHT="39" STYLEREFS="StyleId-0" CONTENT="into" WC="0.8375" CC="0500" />
            <SP ID="P148_SP00177" WIDTH="0" HPOS="0" VPOS="0" />
            <String ID="P148_S00200" HPOS="624" VPOS="2368" WIDTH="72" HEIGHT="39" STYLEREFS="StyleId-0" CONTENT="the" WC="0.8" CC="060" />
            <SP ID="P148_SP00178" WIDTH="0" HPOS="0" VPOS="0" />
            <String ID="P148_S00201" HPOS="724" VPOS="2368" WIDTH="173" HEIGHT="42" STYLEREFS="StyleId-0" CONTENT="Annual" WC="0.67" CC="0910000" />
            <SP ID="P148_SP00179" WIDTH="0" HPOS="0" VPOS="0" />
            <String ID="P148_S00202" HPOS="929" VPOS="2367" WIDTH="263" HEIGHT="43" STYLEREFS="StyleId-0" CONTENT="Conference" WC="0.794" CC="12100010050" />
            <SP ID="P148_SP00180" WIDTH="0" HPOS="0" VPOS="0" />
            <String ID="P148_S00203" HPOS="1220" VPOS="2383" WIDTH="55" HEIGHT="27" STYLEREFS="StyleId-0" CONTENT="on" WC="0.77" CC="40" />
            <SP ID="P148_SP00181" WIDTH="0" HPOS="0" VPOS="0" />
            <String ID="P148_S00204" HPOS="1304" VPOS="2373" WIDTH="220" HEIGHT="46" STYLEREFS="StyleId-0" CONTENT="probation" WC="0.6911111" CC="512700307" />
            <SP ID="P148_SP00182" WIDTH="0" HPOS="0" VPOS="0" />
            <String ID="P148_S00205" HPOS="1553" VPOS="2376" WIDTH="55" HEIGHT="48" STYLEREFS="StyleId-0" CONTENT="by" WC="0.56" CC="44" />
          </TextLine>
          <TextLine ID="P148_TL00024" HPOS="286" VPOS="2429" WIDTH="1322" HEIGHT="63">
            <String ID="P148_S00206" HPOS="286" VPOS="2433" WIDTH="161" HEIGHT="51" STYLEREFS="StyleId-0" CONTENT="Bishop" WC="0.805" CC="420500" />
            <SP ID="P148_SP00183" WIDTH="0" HPOS="0" VPOS="0" />
            <String ID="P148_S00207" HPOS="470" VPOS="2432" WIDTH="69" HEIGHT="52" STYLEREFS="StyleId-0" CONTENT="W." WC="0.985" CC="00" />
            <SP ID="P148_SP00184" WIDTH="0" HPOS="0" VPOS="0" />
            <String ID="P148_S00208" HPOS="563" VPOS="2434" WIDTH="36" HEIGHT="50" STYLEREFS="StyleId-0" CONTENT="J." WC="0.65" CC="42" />
            <SP ID="P148_SP00185" WIDTH="0" HPOS="0" VPOS="0" />
            <String ID="P148_S00209" HPOS="626" VPOS="2433" WIDTH="168" HEIGHT="51" STYLEREFS="StyleId-0" CONTENT="Gaines," WC="0.8357143" CC="0044003" />
            <SP ID="P148_SP00186" WIDTH="0" HPOS="0" VPOS="0" />
            <String ID="P148_S00210" HPOS="818" VPOS="2435" WIDTH="83" HEIGHT="49" STYLEREFS="StyleId-0" CONTENT="and" WC="0.6666667" CC="1000" />
            <SP ID="P148_SP00187" WIDTH="0" HPOS="0" VPOS="0" />
            <String ID="P148_S00211" HPOS="924" VPOS="2434" WIDTH="228" HEIGHT="51" STYLEREFS="StyleId-0" CONTENT="appointed" WC="0.8611111" CC="400520000" />
            <SP ID="P148_SP00188" WIDTH="0" HPOS="0" VPOS="0" />
            <String ID="P148_S00212" HPOS="1174" VPOS="2442" WIDTH="46" HEIGHT="43" STYLEREFS="StyleId-0" CONTENT="to'" WC="0.826666653" CC="220" />
            <SP ID="P148_SP00189" WIDTH="0" HPOS="0" VPOS="0" />
            <String ID="P148_S00213" HPOS="1241" VPOS="2436" WIDTH="146" HEIGHT="49" STYLEREFS="StyleId-0" CONTENT="Bethel" WC="0.738333344" CC="600602" />
            <SP ID="P148_SP00190" WIDTH="0" HPOS="0" VPOS="0" />
            <String ID="P148_S00214" HPOS="1414" VPOS="2439" WIDTH="194" HEIGHT="52" STYLEREFS="StyleId-0" CONTENT="Mission," WC="0.795" CC="07003401" />
          </TextLine>
          <TextLine ID="P148_TL00025" HPOS="283" VPOS="2494" WIDTH="1324" HEIGHT="61">
            <String ID="P148_S00215" HPOS="283" VPOS="2499" WIDTH="229" HEIGHT="48" STYLEREFS="StyleId-0" CONTENT="Dolomite," WC="0.77" CC="235005003" />
            <SP ID="P148_SP00191" WIDTH="0" HPOS="0" VPOS="0" />
            <String ID="P148_S00216" HPOS="533" VPOS="2499" WIDTH="108" HEIGHT="48" STYLEREFS="StyleId-0" CONTENT="Ala.," WC="0.908" CC="03001" />
            <SP ID="P148_SP00192" WIDTH="0" HPOS="0" VPOS="0" />
            <String ID="P148_S00217" HPOS="662" VPOS="2498" WIDTH="142" HEIGHT="49" STYLEREFS="StyleId-0" CONTENT="where" WC="0.83" CC="06020" />
            <SP ID="P148_SP00193" WIDTH="0" HPOS="0" VPOS="0" />
            <String ID="P148_S00218" HPOS="820" VPOS="2498" WIDTH="53" HEIGHT="49" STYLEREFS="StyleId-0" CONTENT="he" WC="0.65" CC="70" />
            <SP ID="P148_SP00194" WIDTH="0" HPOS="0" VPOS="0" />
            <String ID="P148_S00219" HPOS="893" VPOS="2507" WIDTH="121" HEIGHT="41" STYLEREFS="StyleId-0" CONTENT="spent" WC="1" CC="00000" />
            <SP ID="P148_SP00195" WIDTH="0" HPOS="0" VPOS="0" />
            <String ID="P148_S00220" HPOS="1032" VPOS="2500" WIDTH="116" HEIGHT="48" STYLEREFS="StyleId-0" CONTENT="three" WC="0.852" CC="06100" />
            <SP ID="P148_SP00196" WIDTH="0" HPOS="0" VPOS="0" />
            <String ID="P148_S00221" HPOS="1167" VPOS="2515" WIDTH="120" HEIGHT="35" STYLEREFS="StyleId-0" CONTENT="years" WC="0.75" CC="70400" />
            <SP ID="P148_SP00197" WIDTH="0" HPOS="0" VPOS="0" />
            <String ID="P148_S00222" HPOS="1307" VPOS="2503" WIDTH="83" HEIGHT="47" STYLEREFS="StyleId-0" CONTENT="and" WC="0.93" CC="020" />
            <SP ID="P148_SP00198" WIDTH="0" HPOS="0" VPOS="0" />
            <String ID="P148_S00223" HPOS="1410" VPOS="2519" WIDTH="108" HEIGHT="35" STYLEREFS="StyleId-0" CONTENT="gave" WC="0.535" CC="10206" />
            <SP ID="P148_SP00199" WIDTH="0" HPOS="0" VPOS="0" />
            <String ID="P148_S00224" HPOS="1535" VPOS="2506" WIDTH="72" HEIGHT="48" STYLEREFS="StyleId-0" CONTENT="the" WC="1" CC="000" />
          </TextLine>
          <TextLine ID="P148_TL00026" HPOS="285" VPOS="2560" WIDTH="1317" HEIGHT="63">
            <String ID="P148_S00225" HPOS="285" VPOS="2565" WIDTH="252" HEIGHT="40" STYLEREFS="StyleId-0" CONTENT="connection" WC="0.82" CC="00070000010" />
            <SP ID="P148_SP00200" WIDTH="0" HPOS="0" VPOS="0" />
            <String ID="P148_S00226" HPOS="566" VPOS="2579" WIDTH="24" HEIGHT="26" STYLEREFS="StyleId-0" CONTENT="a" WC="1" CC="0" />
            <SP ID="P148_SP00201" WIDTH="0" HPOS="0" VPOS="0" />
            <String ID="P148_S00227" HPOS="617" VPOS="2566" WIDTH="114" HEIGHT="50" STYLEREFS="StyleId-0" CONTENT="good" WC="0.75" CC="01000" />
            <SP ID="P148_SP00202" WIDTH="0" HPOS="0" VPOS="0" />
            <String ID="P148_S00228" HPOS="758" VPOS="2564" WIDTH="170" HEIGHT="52" STYLEREFS="StyleId-0" CONTENT="church," WC="0.8142857" CC="0500070" />
            <SP ID="P148_SP00203" WIDTH="0" HPOS="0" VPOS="0" />
            <String ID="P148_S00229" HPOS="959" VPOS="2567" WIDTH="83" HEIGHT="49" STYLEREFS="StyleId-0" CONTENT="and" WC="0.92" CC="020" />
            <SP ID="P148_SP00204" WIDTH="0" HPOS="0" VPOS="0" />
            <String ID="P148_S00230" HPOS="1069" VPOS="2568" WIDTH="101" HEIGHT="48" STYLEREFS="StyleId-0" CONTENT="took" WC="0.75" CC="0270" />
            <SP ID="P148_SP00205" WIDTH="0" HPOS="0" VPOS="0" />
            <String ID="P148_S00231" HPOS="1198" VPOS="2569" WIDTH="39" HEIGHT="47" STYLEREFS="StyleId-0" CONTENT="in" WC="0.51" CC="44" />
            <SP ID="P148_SP00206" WIDTH="0" HPOS="0" VPOS="0" />
            <String ID="P148_S00232" HPOS="1265" VPOS="2568" WIDTH="120" HEIGHT="48" STYLEREFS="StyleId-0" CONTENT="three" WC="0.612" CC="05580" />
            <SP ID="P148_SP00207" WIDTH="0" HPOS="0" VPOS="0" />
            <String ID="P148_S00233" HPOS="1408" VPOS="2571" WIDTH="194" HEIGHT="45" STYLEREFS="StyleId-0" CONTENT="hundred" WC="0.6742857" CC="7605300" />
          </TextLine>
          <TextLine ID="P148_TL00027" HPOS="916" VPOS="2629" WIDTH="71" HEIGHT="32">
            <String ID="P148_S00234" HPOS="916" VPOS="2629" WIDTH="71" HEIGHT="32" STYLEREFS="StyleId-1" CONTENT="147" WC="0.47" CC="1104" />
          </TextLine>
        </TextBlock>
      </PrintSpace>
    </Page>
  </Layout>
</alto>