1899 2798
264 310 91 51 186
599 316 242 45 AFRICAN
863 305 326 56 METHODISM

263 387 11 21 «

265 452 106 35 unto
389 444 82 43 fine
490 442 133 46 brass,
646 453 45 35 as
712 437 36 51 if
767 434 102 54 they
888 428 164 60 burned
1072 426 44 62 in
1139 439 25 49 a
1183 422 202 66 furnace;
1407 411 86 77 and
1512 407 68 81 his

267 513 119 41 voice
414 524 45 30 as
488 509 72 45 the
589 505 137 49 sound
755 502 48 52 of
831 512 128 42 many
987 499 164 55 waters.
1208 485 103 69 And
1338 483 58 71 he
1422 476 87 78 had
1538 476 45 78 in

269 580 65 39 his
374 575 114 52 right
522 572 118 55 hand
677 582 125 45 seven
842 572 132 55 stars;
1011 560 86 67 and
1133 561 75 66 out
1245 552 47 75 of
1328 548 69 79 his
1434 538 151 89 mouth

271 650 111 35 went
411 658 25 27 a
465 642 128 46 sharp
621 632 244 56 two-edged
896 627 163 61 sword;
1089 623 84 65 and
1198 620 69 68 his
1298 619 288 69 countenance

273 724 88 26 was
389 723 46 27 as
461 707 71 43 the
558 718 79 32 sun
665 697 167 53 shineth
857 697 43 53 in
927 693 66 57 his
1022 685 205 65 strength.
1285 680 103 70 And
1415 676 126 74 when
1568 672 21 78 I

278 792 86 26 saw
390 774 89 44 him
506 772 20 46 I
554 768 74 50 fell
654 774 42 44 at
721 766 66 52 his
816 763 85 55 feet
927 771 48 47 as'
1000 755 119 63 dead.
1177 749 104 69 And
1305 748 55 70 he
1399 742 86 76 laid
1523 738 70 80 his

278 842 115 51 right
418 838 114 55 hand
557 848 115 45 upon
698 843 78 50 me,
805 826 152 67 saying
981 828 107 65 unto
1111 832 79 61 me,
1219 815 109 78 Fear
1352 809 98 84 not!
1477 807 22 86 I
1526 818 68 75 am

279 911 73 39 the
369 910 90 40 first
478 904 84 46 and
580 902 72 48 the
668 899 104 51 last;
793 897 19 53 I
833 909 68 41 am
921 893 54 57 he
992 889 91 61 that
1102 883 131 67 liveth
1253 882 84 68 and
1357 892 87 58 was
1466 872 130 78 dead;

282 976 97 45 and,
408 969 168 52 behold,
609 967 19 54 I
660 978 68 43 am
760 962 107 59 alive
898 960 70 61 for
1001 963 226 58 evermore.
1286 946 152 75 Amen.
1496 939 103 82 And

284 1041 108 39 have
416 1038 73 42 the
513 1036 101 47 keys
640 1032 47 51 of
711 1029 83 54 hell
820 1026 84 57 and
931 1022 136 61 death.
1126 1016 94 67 The
1244 1019 188 64 mystery
1456 1008 48 75 of
1530 1006 71 77 the

289 1120 124 28 seven
453 1110 107 38 stars
598 1100 104 48 thou
740 1099 152 49 sawest
930 1091 42 57 in
1010 1103 72 45 my
1120 1084 115 64 right
1270 1079 116 69 hand
1423 1089 73 59 are
1532 1072 73 76 the

289 1186 126 28 seven
440 1167 216 47 churches',
682 1164 84 50 and
789 1162 71 52 the
883 1170 126 44 seven
1035 1148 277 66 candlesticks
1337 1143 139 71 which
1499 1140 105 74 thou

294 1244 152 36 sawest
477 1249 71 31 are
578 1233 71 47 the
680 1242 123 38 seven
837 1223 215 57 churches.
1112 1219 40 61 It
1181 1217 35 63 is
1248 1213 92 67 well
1371 1212 92 68 that
1492 1208 114 72 John

294 1304 165 42 defined
485 1302 71 44 the
583 1303 185 44 mystery
797 1294 47 53 of
870 1291 72 56 the
970 1300 126 47 seven
1123 1282 163 65 Asiatic
1312 1276 218 71 churches,
1559 1284 49 63 or

295 1372 203 40 darkness
531 1366 141 46 would
703 1362 83 50 this
817 1362 188 50 moment
1035 1354 52 58 be
1117 1363 79 49 our
1226 1344 245 68 habitation.

406 1453 95 33 THE:
525 1450 108 36 LAST
657 1447 148 39 WORDS
827 1443 56 43 OF
907 1439 164 47 CHRIST
1093 1437 122 49 FROM
1242 1431 93 55 THE
1362 1429 137 57 CROSS.

356 1537 71 39 He
460 1534 128 48 s'poke
621 1542 125 40 seven
776 1526 135 56 times.
970 1519 142 63 Every
1142 1515 120 67 word
1292 1512 36 70 is
1359 1526 26 56 a
1415 1513 198 69 mystery.

304 1605 118 39 Hear
446 1600 88 44 him
561 1612 45 32 as
631 1597 53 47 he
709 1592 162 52 speaks,
937 1586 73 58 (i)
1044 1580 196 64 "Father,
1269 1577 169 67 forgive
1461 1568 154 76 them."

312 1670 72 51 (2)
418 1665 195 56 "To-day
637 1660 110 61 shalt
771 1657 104 64 thou
899 1656 51 65 be
974 1650 102 71 with
1102 1663 68 58 me
1195 1648 41 73 in
1265 1639 240 82 Paradise."
1539 1636 73 85 (3)

309 1738 224 43 "Wbman,
562 1729 152 52 behold
743 1726 74 55 thy
847 1721 115 60 son."
1028 1716 73 65 (4)
1136 1715 108 66 "My
1273 1710 110 71 God,
1412 1721 71 60 my
1512 1705 109 76 God,

308 1801 117 50 Why
451 1799 96 52 hast
574 1794 104 57 thou
708 1789 199 62 forsaken
937 1784 120 67 me?"
1123 1779 73 72 (5)
1233 1778 48 73 "I
1310 1773 166 78 thirst."
1541 1769 73 82 (6)

311 1870 68 38 "It
405 1868 35 40 is
467 1860 219 48 finished."
751 1857 72 51 (7)
858 1851 195 57 "Father,
1082 1850 90 58 into
1198 1847 75 61 thy
1298 1841 137 67 hands
1464 1840 19 68 I
1512 1850 113 58 com¬

314 1935 127 40 mend
472 1945 71 35 my
574 1926 159 54 spirit."

503 2006 84 29 "He
624 2000 99 35 dies!
780 1997 83 38 The
898 1992 129 43 friend
1065 1990 41 45 of
1142 1988 155 47 sinners
1335 1982 100 53 dies!

503 2049 70 32 Lo!
630 2043 163 38 Salem's
824 2039 214 42 daughters
1067 2041 109 40 weep
1205 2029 184 52 around."

819 2115 279 43 JERUSALEM.

377 2197 92 41 The
498 2195 117 48 Holy
643 2191 97 52 City
768 2189 48 54 of
845 2187 95 56 God
969 2184 33 59 is
1030 2198 27 45 a
1084 2180 185 63 wonder.
1329 2176 41 67 It
1398 2172 146 71 stands
1572 2176 63 67 to¬

325 2268 81 46 day
430 2277 113 37 upon
569 2260 150 54 twelve
745 2253 274 61 foundations
1043 2248 124 66 made
1192 2247 47 67 of
1264 2242 193 72 precious
1483 2245 153 69 stones.

327 2329 93 41 The
446 2329 92 41 first
565 2327 37 43 is1
628 2325 166 49 jasper;
821 2320 72 54 the
921 2315 154 59 second
1101 2313 36 61 is
1167 2308 219 66 sapphire;
1413 2306 72 68 the
1510 2302 128 72 third,

329 2396 278 45 chalcedony;
635 2389 72 52 the
736 2385 159 56 fourth,
926 2378 206 63 emerald;
1161 2376 72 65 the
1261 2373 110 68 fifth,
1402 2371 239 70 sardonyx;

329 2464 71 39 the
426 2458 127 46 sixth,
581 2456 189 48 sardius;
797 2451 72 53 the
894 2446 186 58 seventh,
1108 2440 248 64 chrysolite;
1384 2437 72 67 the
1483 2434 159 70 eighth,
