1900 2800
705 310 432 36 INTRODUCTION.

1572 292 27 43 9

278 438 253 49 ployments,
552 434 66 53 his
640 446 145 41 power
804 439 45 48 to
869 430 260 57 manipulate
1149 430 84 57 and
1254 431 293 56 consummate
1567 423 34 64 is

277 503 94 41 well
405 502 170 42 known.
634 499 64 45 As
732 514 27 30 a
790 498 188 50 military
1012 497 139 51 factor
1184 494 43 54 in
1261 493 242 55 protecting
1533 490 74 58 the

276 572 89 50 flag
399 569 48 53 of
481 582 24 40 a
539 568 158 54 nation,
735 567 84 55 and
855 563 240 59 sustaining
1128 563 53 59 its
1215 563 149 59 honor,
1400 573 65 49 we
1498 560 107 62 have

278 637 219 41 abundant
525 635 212 43 evidence.
800 633 87 45 Pen
916 631 215 52 wielding,
1159 628 185 55 thought
1372 635 234 48 construct¬

280 707 86 49 ing,
387 705 102 51 with
509 709 159 47 system
688 702 85 54 and
792 699 313 57 mathematical
1124 698 223 58 precision,
1367 698 36 58 is
1421 709 98 47 now
1534 694 72 62 the

280 777 114 35 want
415 771 47 41 of
481 769 72 43 the
574 769 150 51 Negro
744 781 105 39 race.
910 766 101 54 And
1032 778 125 42 every
1176 778 99 42 man
1296 763 110 57 who,
1427 762 85 58 like
1530 761 76 59 Dr.

282 839 169 46 Mixon,
478 837 259 48 contributes
763 833 209 54 anything
995 835 42 52 in
1061 831 92 56 that
1179 831 215 56 direction,
1422 830 37 57 is'
1482 828 126 59 grad¬

282 906 115 51 ually
423 903 199 54 showing
645 904 72 53 the
741 901 145 56 ability
911 902 47 55 of
983 901 73 56 the
1080 900 148 57 Negro
1253 904 46 53 to
1322 909 195 48 measure
1540 896 57 61 lit¬

283 986 122 38 erary
431 985 127 39 arena
583 970 103 54 with
711 969 71 55 the
808 976 84 48 rest
917 970 48 54 of
990 965 216 59 mankind.

344 1051 177 39 Human
548 1049 152 45 action,
729 1048 55 46 let
810 1047 31 47 it
865 1048 51 46 be
941 1046 114 48 good
1081 1059 48 35 or
1154 1044 92 50 evil,
1274 1043 34 51 is
1333 1049 75 45 not
1433 1040 175 54 limited,

283 1120 87 40 but,
398 1123 44 37 to
468 1115 71 45 the
566 1121 211 44 contrary,
805 1114 34 51 is
867 1112 169 53 eternal.
1098 1111 42 54 If
1166 1108 100 57 they
1292 1123 72 42 are
1389 1106 220 59 presented

287 1186 69 38 for
385 1184 142 40 others
555 1190 45 34 to
629 1181 161 43 imitate
818 1181 85 43 and
933 1179 204 48 emulate;
1164 1179 76 48 but
1267 1178 87 49 this
1381 1181 154 46 cannot
1561 1175 51 52 be

287 1252 120 46 done,
433 1250 143 48 unless
601 1262 118 36 some
742 1262 81 36 one
846 1247 91 51 lifts
960 1244 116 54 them
1101 1245 114 53 from
1238 1244 72 54 the
1333 1243 208 55 precincts
1566 1241 47 57 of

286 1317 228 52 obscurity,
540 1317 84 52 and
647 1315 161 54 throws
833 1328 115 41 upon
972 1313 115 56 them
1111 1312 72 57 the
1206 1309 242 60 flashlights'
1471 1308 47 61 of
1540 1309 74 60 ob¬

286 1384 227 42 servation.

343 1462 162 52 Bishop
533 1460 249 54 Alexander
809 1459 226 55 Wayman,
1064 1458 47 56 of
1137 1457 72 57 the
1235 1456 182 58 African
1447 1452 168 62 Metho¬

292 1531 84 40 dist
397 1528 230 51 Episcopal
651 1526 184 53 Church,
859 1541 87 38 was
967 1532 75 47 not
1064 1524 205 55 educated
1289 1538 43 41 m
1353 1521 72 58 the
1445 1521 169 58 school;

288 1611 88 26 was
399 1604 75 33 not
496 1595 194 53 polished
712 1595 43 53 in
778 1608 25 40 a
825 1593 274 55 class-room;
1123 1591 73 57 did
1217 1597 75 51 not
1314 1590 109 58 have
1443 1603 84 45 any
1548 1602 68 46 ac¬

273 1664 282 60 quaintance,
591 1676 103 48 even
729 1661 102 63 with
864 1657 183 67 English
1080 1671 229 53 grammar.
1370 1657 71 67 He
1472 1663 90 61 was'
1593 1670 25 54 a

279 1730 238 46 F?elf-made
544 1743 100 33 man
672 1735 46 41 to
743 1726 71 50 the
841 1740 103 36 verv
972 1725 161 51 limited
1162 1731 144 45 extent
1332 1724 91 52 that
1448 1722 56 54 he
1530 1736 86 40 was

288 1799 139 47 made,
465 1804 70 45 yet
572 1796 66 53 his
680 1796 115 53 forty
830 1795 135 54 years'
1006 1793 278 56 recollection,
1325 1793 84 56 and
1446 1804 172 45 meagre

289 1864 146 41 sketch
457 1865 47 40 of
524 1878 25 27 a
567 1864 181 41 number
768 1863 47 42 of
834 1861 213 44 ministers
1069 1860 96 45 who
1186 1859 166 52 figured
1373 1858 41 53 in
1435 1858 65 53 his
1524 1858 93 53 day,

292 1933 84 40 will
397 1933 98 49 give
512 1931 91 51 him
623 1945 24 37 a
666 1931 105 51 rank
790 1942 101 40 over
911 1929 103 53 such
1033 1926 213 56 ministers
1264 1939 45 43 as
1329 1926 104 56 Rev.
1454 1925 75 57 Dr.
1553 1925 66 57 M..

290 2001 64 39 M.
386 1999 142 48 Clark,
558 1998 105 49 Rev.
696 1997 73 50 Dr.
802 1995 116 52 Bius,
950 1993 47 54 of
1027 1991 305 56 Philadelphia,
1364 1992 103 55 Rev.
1502 1989 116 58 Stro-

289 2068 106 45 ther,
420 2067 76 46 Dr.
520 2063 114 53 John
658 2062 49 54 G.
732 2061 206 55 Mitchell,
963 2058 160 58 Bishop
1143 2058 113 58 John
1281 2059 62 57 M.
1367 2059 172 57 Brown,
1562 2056 53 60 D.

293 2134 45 42 C.
364 2135 62 47 L.,
451 2132 162 51 Bishop
636 2128 150 55 Ward,
809 2141 80 42 one
911 2128 47 55 of
979 2124 71 59 the
1072 2126 121 57 finest
1216 2130 164 53 orators
1403 2125 42 58 in
1468 2123 152 60 Amer¬

290 2203 65 38 ica
371 2215 7 33 ;
408 2198 162 51 Bishop
600 2193 230 56 Campbell,
859 2193 70 56 the
957 2189 255 60 intellectual
1240 2190 128 59 giant,
1398 2190 91 59 that
1515 2188 105 61 hon¬

291 2268 104 41 ored
426 2280 128 36 every
581 2262 138 54 pulpit
747 2260 84 56 and
860 2259 204 57 platform
1093 2258 56 58 he
1176 2257 182 59 entered,
1388 2257 84 59 and
1500 2257 121 59 other

294 2329 317 54 distinguished
647 2326 252 57 characters,
936 2322 100 61 who
1070 2336 111 47 were
1218 2328 401 55 contemperaneous

294 2400 85 40 and
409 2398 68 42 far
505 2409 119 31 more
652 2392 211 51 scholarly
890 2390 101 53 than
1021 2390 161 53 Bishop
1211 2390 224 53 Wayman,
1466 2390 152 53 simply

293 2466 181 39 because
494 2460 54 45 he
568 2465 134 40 wrote
723 2459 68 46 for
810 2470 198 35 common
1029 2455 216 53 posterity,
1267 2456 83 52 and
1370 2457 100 51 they
1492 2455 128 53 failed
