1900 2800
769 312 58 39 iN
860 310 285 44 AtABAMA.

279 448 141 52 beryl;
454 448 73 52 the
557 448 135 52 ninth,
726 454 148 46 topaz;
906 446 72 54 the
1009 444 131 56 tenth,
1174 446 328 54 chrysoprasus1;
1534 443 72 57 the

282 517 193 40 eleventh
507 515 176 51 jacinth,
716 516 85 50 and
832 514 73 52 the
934 514 181 52 twelfth,
1148 528 54 38 an
1234 513 222 53 amethyst.
1514 509 94 57 The

281 583 85 51 city
387 584 35 50 is
444 583 217 51 protected
682 581 103 53 with
807 588 120 46 great
949 583 84 51 and
1053 581 105 53 high
1179 580 130 54 walls.
1370 579 40 55 It
1430 579 35 55 is
1488 579 119 55 four-

282 650 196 50 squared,
513 649 248 51 measuring
799 660 146 40 12,000
980 647 209 53 furlongs.
1248 643 94 57 The
1375 651 148 49 streets
1558 644 48 56 of

282 718 72 40 the
385 717 85 44 city
500 717 85 44 and
615 729 106 37 pure
752 715 114 51 gold.
928 715 39 51 It
996 715 77 51 has
1103 714 151 52 twelve
1285 719 132 47 gates,
1449 712 84 54 and
1564 717 42 49 at

284 798 126 36 every
438 790 97 44 gate
563 798 53 36 an
645 782 138 52 angel.
844 782 160 52 Names
1033 795 73 39 are
1131 780 166 54 written
1324 778 118 56 there
1469 791 139 43 repre¬

285 853 170 50 senting
492 850 72 53 the
601 851 153 52 twelve
789 849 129 54 tribes
957 849 47 54 of
1041 848 71 55 the
1150 846 189 57 children
1378 846 47 57 of
1464 844 143 59 Israel.

285 918 145 42 Those
462 919 44 41 in
540 918 71 42 the
646 916 286 50 snow-tipped
966 915 170 51 regions
1172 915 46 51 of
1251 913 72 53 the
1357 912 140 54 North
1532 924 76 42 can

287 1001 120 26 come
427 1000 57 35 up
509 985 112 50 from
643 983 91 52 that
756 983 100 52 side.
917 980 142 55 Those
1080 982 43 53 in
1144 981 71 54 the
1236 980 155 55 golden
1414 978 127 57 sands
1564 978 47 57 of

287 1053 70 42 the
380 1052 123 43 West
526 1066 77 29 can
627 1064 120 31 come
769 1064 56 36 up
850 1049 114 51 from
985 1048 93 52 that
1100 1048 100 52 side,
1225 1048 84 52 and
1329 1045 123 55 those
1473 1045 44 55 in
1539 1044 73 56 the

287 1120 187 49 burning
498 1119 127 50 sands
650 1118 47 51 of
720 1118 84 51 this
829 1116 158 53 Arabic
1013 1115 135 54 South
1173 1127 77 42 can
1274 1127 119 42 come
1416 1126 57 43 up
1498 1112 113 57 from

287 1188 84 41 this
400 1201 105 34 way.
565 1183 155 52 Thank
746 1184 119 51 God!
924 1183 96 52 Our
1046 1182 266 53 uneducated
1338 1179 162 56 fathers
1527 1180 84 55 and

291 1254 200 46 mothers,
532 1252 100 48 who
670 1257 215 43 represent
925 1251 165 49 slavery
1129 1247 127 53 while
1294 1262 65 38 we
1398 1251 215 49 represent

291 1320 215 47 freedom;
541 1317 99 50 who
671 1323 215 45 represent
916 1315 73 53 the
1019 1321 95 47 past
1146 1313 125 55 while
1301 1328 66 40 we
1398 1318 215 50 represent

290 1387 70 40 the
384 1392 192 44 present;
602 1383 98 53 who
724 1390 215 46 represent
963 1381 71 55 old
1058 1396 81 40 age
1162 1381 126 55 while
1310 1394 64 42 we
1399 1386 215 50 represent

289 1454 146 51 youth,
456 1453 109 52 have
583 1466 25 39 a
626 1451 158 54 chance
802 1450 188 55 through
1008 1449 73 56 the
1100 1447 253 58 foolishness
1372 1447 48 58 of
1438 1445 173 60 preach¬

292 1522 75 48 ing
419 1527 46 43 to
490 1520 53 50 be
569 1518 142 52 saved.

551 1605 106 31 "The
688 1604 133 37 happy
853 1604 112 37 gates
996 1602 41 39 of
1067 1600 144 41 Gospel
1243 1608 118 33 grace

554 1650 123 32 Stand
703 1657 101 28 open
828 1648 113 38 night
965 1648 77 38 and
1068 1646 109 40 day."

351 1731 203 49 "Behold,
591 1731 20 49 I
647 1729 114 51 shew
795 1743 85 37 you
914 1743 25 37 a
969 1733 211 47 mystery;
1214 1740 65 40 we
1311 1724 108 56 shall
1450 1730 75 50 not
1558 1724 55 56 all

295 1802 124 47 sleep,
444 1801 75 48 but
542 1814 65 35 we
631 1797 106 52 shall
761 1797 53 52 all
837 1797 51 52 be
912 1794 205 55 changed,
1143 1794 41 55 in
1208 1808 25 41 a
1255 1798 199 51 moment,
1480 1792 42 57 in
1545 1791 70 58 the

292 1868 228 48 twinkling
542 1867 48 49 of
613 1880 55 36 an
690 1879 86 37 eye,
799 1870 42 46 at
862 1865 73 51 the
956 1862 79 54 last
1056 1869 167 47 trump:
1248 1860 69 56 for
1338 1859 70 57 the
1430 1864 186 52 trumpet

296 1934 105 40 shall
429 1933 138 41 sound
593 1931 85 43 and
703 1931 71 43 the
800 1929 106 45 dead
933 1928 105 46 shall
1063 1928 52 46 be
1139 1925 138 49 raised
1302 1923 313 51 incorruptible,

294 2002 85 39 and
408 2015 64 26 we
500 1998 108 43 shall
637 1999 51 42 be
715 1995 234 50 changed."
1009 1991 372 54 Transformation
1409 1988 85 57 will
1522 1989 98 56 take

296 2070 119 46 place
436 2068 41 48 in
499 2081 23 35 a
543 2064 224 52 moment's
788 2063 111 53 time.
959 2061 72 55 All
1052 2058 166 58 nations
1240 2058 84 58 will
1345 2057 51 59 be
1416 2054 204 62 gathered

297 2133 208 51 together.
567 2130 122 54 Good
713 2130 84 54 and
822 2126 81 58 evil
928 2126 84 58 will
1037 2126 53 58 be
1111 2125 129 59 there.
1298 2119 94 65 The
1413 2121 137 63 judge
1574 2120 47 64 of

300 2201 54 39 all
377 2199 71 41 the
472 2198 117 42 earth
613 2197 43 43 in
678 2196 92 44 that
791 2200 121 40 court
935 2193 84 47 will
1043 2192 56 48 do
1120 2189 127 51 right.
1305 2185 94 55 The
1420 2185 200 55 prophets

300 2267 87 38 will
414 2266 53 39 be
493 2263 130 42 there.
683 2259 95 46 The
801 2260 184 50 apostles
1013 2258 85 52 will
1125 2257 55 53 be
1204 2254 129 56 there.
1391 2250 95 60 The
1511 2265 110 45 mar¬

303 2340 101 42 tyrs,
439 2331 144 51 whose
615 2336 114 46 tears'
761 2326 183 56 watered
976 2325 72 57 the
1079 2324 140 58 plants
1253 2322 47 60 of
1335 2320 286 62 Christianity,

302 2398 86 41 and
409 2396 147 43 whose
574 2394 128 45 blood
723 2393 209 46 fertilized
953 2390 110 49 their
1083 2396 128 43 roots,
1233 2387 87 52 will
1340 2388 52 51 be
1410 2388 129 51 there.

360 2466 19 38 I
401 2478 68 26 see
488 2463 71 41 the
578 2461 228 52 judgment
825 2458 153 55 throne
996 2471 109 42 now.
1164 2455 121 58 Look
1305 2461 43 52 at
1366 2454 71 59 the
1458 2466 166 47 separa-
