1930 2820
661 298 249 39 AFRICAN
933 302 343 38 METHODISM.

1541 297 86 46 197

358 413 104 43 Rev.
488 414 45 43 C.
559 414 42 43 S.
627 415 149 52 Smith,
801 418 52 49 D.
877 418 67 50 D.,
968 421 209 47 reviewed
1196 422 66 46 his
1285 425 76 43 life
1381 427 83 41 and
1486 427 141 41 works

302 482 40 39 in
371 482 157 40 Brown
557 483 158 51 Chapel
742 485 51 49 A.
823 486 61 48 M.
912 486 49 48 E.
990 486 184 53 Church,
1205 490 152 50 Selma,
1385 493 108 49 Ala.,
1521 492 106 50 Feb¬

300 560 128 38 ruary
459 559 60 39 17,
552 550 115 51 1891.
729 552 70 49 He
824 568 87 33 was
937 555 232 46 afterward
1195 558 84 43 laid
1303 565 47 36 to
1374 567 83 34 rest
1481 562 53 49 by
1559 560 66 51 his

301 614 163 42 friends
488 616 41 40 in
555 616 105 43 Live
684 618 98 41 Oak
807 618 220 57 Cemetery
1051 624 47 51 of
1120 625 71 50 the
1215 626 95 53 city.

355 691 72 40 No
459 692 343 44 mathematician
837 711 78 27 can
949 700 203 42 calculate
1183 702 70 41 the
1287 711 231 45 greatness,
1551 706 70 50 the

294 758 139 40 worth
467 761 46 39 of
549 761 228 43 Mansfield
810 761 189 46 Edward
1033 767 172 51 Bryant.
1268 770 76 50 My
1378 773 141 47 words
1553 787 70 33 are

295 825 254 51 inadequate
579 835 46 41 to
658 830 138 49 depict
828 832 71 47 the
931 834 122 45 value
1086 836 47 43 of
1165 837 103 42 such
1301 852 24 27 a
1358 839 120 40 man!
1538 841 83 40 His

294 893 255 42 foundation
570 909 87 28 was
678 896 84 41 laid
782 899 103 40 with
905 901 191 40 material
1116 916 118 28 more
1254 905 158 50 lasting-
1429 905 101 50 than
1550 907 71 48 the

293 961 122 39 rocks
447 962 46 39 of
528 960 223 45 Gibraltar.
841 966 82 41 His
955 966 188 53 identity,
1176 969 326 55 ethnologically
1532 989 87 35 was

292 1027 230 49 equalized.
612 1029 83 47 Yet
724 1030 65 46 his
820 1034 201 42 mother's
1054 1035 161 43 friends
1245 1052 110 28 were
1384 1039 77 41 his.
1549 1041 69 41 He

292 1093 123 41 loved
444 1094 116 42 them
589 1104 123 33 most.
775 1098 188 52 Slavery,
994 1104 260 50 oppression,
1285 1108 219 46 ostracism
1534 1110 83 44 and

292 1160 232 51 ignorance
553 1164 125 47 made
706 1164 88 47 him
825 1167 238 44 ambitious.
1123 1167 92 44 The
1245 1172 107 52 light
1381 1172 90 52 that
1502 1188 111 36 ema¬

290 1230 128 39 nated
447 1229 112 41 from
584 1231 65 40 his
676 1247 94 37 pen,
797 1234 65 50 his
890 1235 266 55 electrifying
1182 1242 130 48 voice,
1340 1241 145 49 united
1511 1242 100 48 with

290 1294 72 41 the
394 1294 314 44 characteristic
741 1301 47 38 of
821 1315 24 26 a
879 1301 252 52 Bonaparte,
1166 1304 306 53 L/Ouverture,
1508 1323 49 34 or
1588 1324 24 33 a

289 1359 261 44 churchman
571 1364 42 39 in
634 1365 70 40 the
724 1379 82 27 van
828 1367 47 39 of
895 1381 23 28 a
941 1366 384 52 Christianization,
1349 1371 261 47 "bedimmed

288 1425 66 41 l.is
382 1440 151 38 errors,
561 1431 181 49 eclipsed
767 1433 65 47 his
859 1433 198 47 mistakes
1084 1437 83 43 and
1193 1439 183 41 rectified
1402 1439 65 41 his
1491 1441 119 40 blun¬

289 1494 137 40 ders."

344 1569 91 45 The
468 1573 171 49 episode
671 1574 138 48 which
842 1578 66 44 led
940 1585 45 37 to
1014 1579 65 43 his
1112 1582 321 49 imprisonment
1466 1583 41 48 in
1539 1585 69 46 the

286 1639 139 50 be?fry
448 1641 47 48 of
516 1641 69 48 the
608 1640 52 49 A.
686 1643 60 46 M.
771 1641 49 48 E.
846 1643 170 46 Church
1038 1647 42 42 in
1101 1648 71 41 the
1194 1647 197 44 "Central
1416 1650 122 50 City"
1562 1652 45 48 of

286 1705 210 41 Alabama
526 1707 54 42 bv
612 1707 66 42 his
712 1709 160 41 friends
904 1726 78 26 nor
1012 1711 66 42 his
1111 1715 320 49 imprisonment
1464 1717 40 47 in
1538 1718 69 46 the

284 1771 233 41 habitation
547 1775 48 38 of
623 1775 225 42 evil-doers
876 1778 43 40 in
948 1776 261 46 Tuscaloosa
1234 1783 53 48 by
1315 1781 65 50 his
1410 1785 193 46 enemies,

285 1837 202 51 "neither,
515 1840 203 49 neither,"
745 1843 181 46 crushed
950 1846 65 43 his
1042 1846 225 43 manhood.
1328 1849 70 41 He
1422 1849 85 43 had
1532 1851 70 42 the

282 1911 111 34 most
416 1906 213 51 enduring
651 1909 415 48 protection—"God
1090 1915 83 42 and
1195 1913 71 44 the
1288 1915 187 50 people."
1534 1916 71 49 He

282 1971 252 50 recognized
558 1973 70 48 the
655 1981 183 42 greatest
862 1978 84 45 and
970 1977 69 46 the
1064 1979 146 44 lowest
1235 1994 45 29 as
1303 1980 67 43 his
1395 1983 205 43 kinsmen.

285 2036 69 39 He
379 2036 116 41 knelt
521 2038 42 40 in
589 2039 279 51 supplication
894 2042 54 50 by
973 2043 72 49 the
1070 2045 88 47 side
1184 2047 47 45 of
1255 2044 73 48 the
1352 2048 89 44 sick
1467 2049 136 48 form;

284 2102 64 41 his
376 2116 91 28 arm
495 2104 47 40 of
569 2105 97 50 help
694 2121 85 34 was
807 2109 178 46 beneath
1013 2111 71 44 the
1112 2112 133 51 dying
1271 2115 84 48 and
1384 2116 71 47 the
1483 2117 118 46 dead.

284 2169 84 40 His
401 2171 142 40 words
578 2172 50 40 of
659 2172 121 41 cheer
815 2176 82 39 and
932 2177 185 41 comfort
1151 2193 111 28 were
1298 2181 73 41 felt
1406 2182 109 41 alike
1545 2185 54 47 by

281 2234 71 42 the
379 2235 105 51 high
514 2239 84 47 and
626 2237 71 49 the
726 2240 120 51 lofty,
876 2241 70 50 the
975 2256 105 38 poor
1110 2244 83 50 and
1221 2247 70 47 the
1320 2247 137 51 lowly.
1518 2250 83 48 His

276 2301 250 43 benevolent
560 2309 88 36 acts
683 2305 122 43 knew
838 2320 58 28 no
927 2308 180 50 bounds,
1142 2311 74 47 but
1249 2315 245 47 penetrated
1527 2315 73 47 the

275 2367 147 42 hovels
451 2370 47 40 of
525 2370 70 41 the
623 2384 104 36 poor
755 2374 84 46 and
866 2373 127 51 lowly
1018 2388 47 36 as
1094 2377 99 47 does
1220 2378 72 46 the
1316 2380 108 51 light
1450 2383 47 48 of
1523 2384 73 47 the

275 2447 81 34 sun
379 2448 121 44 creep
524 2436 91 56 into
635 2438 73 54 the
730 2440 119 52 earth
873 2454 54 38 on
950 2455 26 37 a
998 2441 154 53 cloudy
1176 2443 92 52 day.
1328 2445 85 50 His
1435 2455 87 42 acts
1546 2450 48 49 of
