1900 2800
644 269 244 36 AFRICAN
921 273 344 34 METHODISM.
1520 261 87 46 105

286 377 171 41 Church
488 376 236 44 Extension
1534 391 73 29 icx-

284 434 241 41 Education
1557 435 49 41 8c

285 489 265 40 Publication
583 490 278 48 Department

284 545 205 40 Missions
1558 557 49 35 3c

287 600 161 50 Salary,
477 601 112 49 Nine
614 600 180 50 General
821 600 178 50 Officers
1554 613 52 37 qz

285 656 149 50 Salary
462 656 194 50 fourteen
684 657 181 49 Bishops
1528 666 77 40 25c

284 711 354 50 Superannuated
664 710 230 51 Preachers
1528 723 78 38 22c

280 768 179 39 Wdows
480 768 84 40 and
585 767 202 50 Orphans
1532 766 73 51 18c

1480 877 125 48 $1.00

338 935 70 40 He
433 949 111 38 gave
568 935 71 52 the
665 935 158 52 figures
852 934 68 53 for
945 934 71 53 the
1042 933 310 54 quadrennium
1380 933 134 54 under
1539 933 66 54 his

280 1002 341 40 administration
646 1002 68 40 for
736 1001 70 42 the
831 1001 126 43 Sixth
979 1000 227 53 Episcopal
1229 1000 189 53 District,
1443 999 162 54 includ¬

280 1070 75 51 ing
379 1069 187 52 Georgia
588 1071 83 50 and
695 1069 219 52 Alabama.

335 1134 92 42 The
450 1137 178 40 District
651 1138 180 48 granted
852 1135 90 51 him
966 1151 25 35 a
1011 1137 208 49 vacation,
1243 1137 84 49 and
1349 1134 65 52 he,
1438 1149 161 37 accom¬

278 1204 154 52 panied
451 1204 55 52 by
527 1203 118 53 Prof.
669 1201 206 55 Councill,
896 1203 152 53 visited
1067 1216 128 40 many
1214 1203 230 53 important
1463 1202 141 54 points

280 1271 41 39 in
344 1269 202 53 England
568 1270 158 52 during
745 1270 71 52 the
837 1283 187 39 summer
1045 1270 47 52 of
1117 1269 116 53 1895.
1293 1266 93 56 The
1406 1268 197 54 Bishop's

278 1336 144 41 health
442 1338 85 39 had
547 1337 105 40 been
673 1337 206 50 impaired
899 1337 156 50 caused
1075 1337 55 52 by
1149 1336 72 53 the
1241 1336 212 53 laborious
1476 1336 127 53 effort

279 1405 85 39 and
392 1405 211 39 incessant
629 1405 134 39 travel
790 1404 186 40 incident
1001 1410 47 34 to
1071 1404 72 40 the
1170 1404 247 51 epis'copacy
1444 1403 47 52 of
1516 1401 84 54 this

277 1471 71 40 the
380 1470 160 52 largest
573 1470 163 52 district
767 1471 43 51 in
840 1470 74 52 the
943 1470 261 52 connection.
1263 1466 104 56 This
1399 1470 83 52 trip
1514 1483 88 39 was

278 1544 47 34 to
353 1536 90 42 him
477 1551 26 27 a
534 1543 121 46 great
686 1536 201 53 blessing,
922 1536 70 53 for
1023 1534 54 55 he
1108 1536 200 53 returned
1339 1542 46 47 to
1416 1549 50 40 us
1498 1535 103 54 with

277 1605 179 40 bundles
478 1605 47 40 of
546 1604 278 41 information
846 1604 84 41 and
951 1615 24 30 a
997 1603 189 42 restored
1205 1602 154 43 health.

334 1671 210 41 Visitors:
579 1671 75 41 Dr.
690 1671 58 41 H.
782 1668 50 44 T.
866 1670 206 52 Johnson,
1106 1671 135 51 editor
1274 1670 47 52 of
1353 1669 72 53 the
1458 1669 142 53 Chris¬

277 1740 87 40 tian
394 1739 239 48 Recorder;
663 1739 75 48 Dr.
768 1739 47 48 L,.
843 1738 37 52 J.
913 1737 176 53 Coppin,
1121 1738 135 52 editor
1282 1738 47 52 of
1355 1738 73 52 the
1453 1737 53 53 A.
1537 1737 62 53 M.

277 1807 186 48 Review,
499 1807 84 48 and
615 1806 77 49 Dr.
727 1806 112 49 Wm.
875 1805 166 50 Decker
1072 1805 205 52 Johnson,
1311 1811 210 46 secretary
1553 1803 48 54 of

278 1874 236 40 education.

336 1941 226 40 Memorial
601 1941 181 40 services
820 1954 112 27 were
967 1940 98 41 held
1102 1940 43 41 in
1181 1939 139 42 honor
1355 1939 49 42 of
1440 1939 159 53 Bishop

277 2010 228 51 Wayman.
565 2007 162 54 Bishop
761 2007 134 54 Grant
926 2007 68 54 led
1025 2007 43 54 in
1100 2006 185 55 singing,
1319 2006 129 55 "And
1479 2020 68 41 am
1579 2006 20 55 I

278 2077 107 40 born
425 2082 47 35 to
511 2075 122 42 die?"
721 2075 75 42 Dr.
840 2073 168 52 Coppin
1047 2074 101 51 read
1186 2073 72 52 the
1296 2072 103 53 90th
1441 2073 156 52 Psalm.

277 2144 149 51 Hymn
458 2154 82 41 492
570 2155 87 40 was
689 2154 123 41 sung.
872 2137 94 58 The
994 2140 152 55 throne
1175 2141 48 54 of
1253 2153 126 42 grace
1409 2154 87 41 was
1528 2154 71 41 ap¬

277 2211 215 52 proached
511 2211 44 52 in
575 2224 27 39 a
620 2216 112 47 most
752 2207 278 56 sympathetic
1049 2221 178 42 manner
1245 2208 55 55 by
1322 2208 46 55 P.
1391 2206 49 57 E.
1465 2207 135 56 Gard¬

278 2292 110 27 ener.
410 2275 95 44 The
524 2277 118 42 choir
664 2290 108 39 sang
790 2289 102 40 very
913 2275 143 54 softly,
1078 2274 158 55 "Some
1257 2281 127 48 sweet
1405 2275 93 54 day,
1518 2277 79 52 bye

276 2345 85 41 and
381 2344 120 52 bye,"
523 2343 68 53 led
611 2344 55 52 by
688 2343 106 53 Mrs.
818 2343 50 53 R.
894 2342 61 54 M.
980 2341 176 55 Cheeks.
1216 2341 75 55 Dr.
1314 2341 58 55 H.
1395 2339 48 57 T.
1467 2339 132 57 John¬

276 2426 77 27 son
387 2412 101 41 read
522 2426 27 27 a
579 2417 112 36 most
725 2410 205 43 excellent
963 2415 142 45 report
1138 2421 55 39 on
1225 2409 236 51 memories.
1521 2410 75 50 Dr.

274 2479 116 41 Wm.
418 2478 170 42 Decker
612 2477 194 52 Johnson
825 2475 132 54 made
983 2475 193 54 remarks'
1199 2475 159 54 setting
1384 2475 116 54 forth
1525 2477 73 52 the
