<?xml version="1.0" encoding="utf-8"?>
<alto xmlns:xlink="http://www.w3.org/1999/xlink" xmlns:xsi="http://www.w3.org/2001/XMLSchema-instance" xsi:schemaLocation="http://www.loc.gov/standards/alto/ns-v2# http://www.loc.gov/standards/alto/alto-v2.0.xsd" xmlns="http://www.loc.gov/standards/alto/ns-v2#">
  <Description>
    <MeasurementUnit>pixel</MeasurementUnit>
    <sourceImageInformation>
      <fileName>0010.tif</fileName>
    </sourceImageInformation>
    <OCRProcessing ID="Processing">
      <ocrProcessingStep>
        <processingStepSettings>Image Resolution:400</processingStepSettings>
        <processingSoftware>
          <softwareCreator>I2S Kirtas</softwareCreator>
          <softwareName>Limb</softwareName>
          <softwareVersion>1.0</softwareVersion>
          <applicationDescription>Abbyy10 OCR Engine</applicationDescription>
        </processingSoftware>
      </ocrProcessingStep>
    </OCRProcessing>
  </Description>
  <Styles>
    <TextStyle ID="StyleId-0" FONTSIZE="11" FONTFAMILY="Times New Roman" />
    <TextStyle ID="StyleId-1" FONTSIZE="8" FONTFAMILY="Times New Roman" />
    <TextStyle ID="StyleId-2" FONTSIZE="9" FONTFAMILY="Times New Roman" />
  </Styles>
  <Layout>
    <Page ID="P9" PHYSICAL_IMG_NR="9" HEIGHT="2808" WIDTH="1912" ACCURACY="0.7553191" QUALITY_DETAIL="271 words, 1328 chars, 1000 with recognition greater than 50% (75.30%)">
      <TopMargin ID="P9_TM00001" HPOS="0" VPOS="0" WIDTH="1912" HEIGHT="276" />
      <LeftMargin ID="P9_LM00001" HPOS="0" VPOS="276" WIDTH="279" HEIGHT="2254" />
      <RightMargin ID="P9_RM00001" HPOS="1624" VPOS="276" WIDTH="288" HEIGHT="2254" />
      <BottomMargin ID="P9_BM00001" HPOS="0" VPOS="2530" WIDTH="1912" HEIGHT="278" />
      <PrintSpace ID="P9_PS00001" HPOS="279" VPOS="276" WIDTH="1345" HEIGHT="2254">
        <TextBlock ID="P9_TB00001" HPOS="292" VPOS="276" WIDTH="45" HEIGHT="60">
          <TextLine ID="P9_TL00001" HPOS="300" VPOS="284" WIDTH="29" HEIGHT="44">
            <String ID="P9_S00001" HPOS="300" VPOS="284" WIDTH="29" HEIGHT="44" STYLEREFS="StyleId-0" CONTENT="8" WC="0.44" CC="5" />
          </TextLine>
        </TextBlock>
        <TextBlock ID="P9_TB00002" HPOS="722" VPOS="290" WIDTH="453" HEIGHT="52">
          <TextLine ID="P9_TL00002" HPOS="730" VPOS="298" WIDTH="437" HEIGHT="36">
            <String ID="P9_S00002" HPOS="730" VPOS="299" WIDTH="437" HEIGHT="35" STYLEREFS="StyleId-1" CONTENT="INTRODUCTION." WC="0.536923051" CC="6975450353350" />
          </TextLine>
        </TextBlock>
        <TextBlock ID="P9_TB00003" HPOS="278" VPOS="406" WIDTH="1346" HEIGHT="2124">
          <TextLine ID="P9_TL00003" HPOS="301" VPOS="414" WIDTH="1322" HEIGHT="57">
            <String ID="P9_S00003" HPOS="301" VPOS="417" WIDTH="161" HEIGHT="40" STYLEREFS="StyleId-2" CONTENT="fathers" WC="0.8371429" CC="6400000" />
            <SP ID="P9_SP00001" WIDTH="0" HPOS="0" VPOS="0" />
            <String ID="P9_S00004" HPOS="487" VPOS="418" WIDTH="47" HEIGHT="39" STYLEREFS="StyleId-2" CONTENT="of" WC="1" CC="00" />
            <SP ID="P9_SP00002" WIDTH="0" HPOS="0" VPOS="0" />
            <String ID="P9_S00005" HPOS="559" VPOS="430" WIDTH="79" HEIGHT="27" STYLEREFS="StyleId-2" CONTENT="our" WC="0.74666667" CC="052" />
            <SP ID="P9_SP00003" WIDTH="0" HPOS="0" VPOS="0" />
            <String ID="P9_S00006" HPOS="660" VPOS="417" WIDTH="160" HEIGHT="42" STYLEREFS="StyleId-2" CONTENT="church" WC="0.766666651" CC="060105" />
            <SP ID="P9_SP00004" WIDTH="0" HPOS="0" VPOS="0" />
            <String ID="P9_S00007" HPOS="845" VPOS="419" WIDTH="42" HEIGHT="40" STYLEREFS="StyleId-2" CONTENT="in" WC="0.67" CC="50" />
            <SP ID="P9_SP00005" WIDTH="0" HPOS="0" VPOS="0" />
            <String ID="P9_S00008" HPOS="911" VPOS="417" WIDTH="91" HEIGHT="42" STYLEREFS="StyleId-2" CONTENT="that" WC="0.61" CC="01005" />
            <SP ID="P9_SP00006" WIDTH="0" HPOS="0" VPOS="0" />
            <String ID="P9_S00009" HPOS="1028" VPOS="418" WIDTH="129" HEIGHT="46" STYLEREFS="StyleId-2" CONTENT="State," WC="0.8616667" CC="500002" />
            <SP ID="P9_SP00007" WIDTH="0" HPOS="0" VPOS="0" />
            <String ID="P9_S00010" HPOS="1184" VPOS="433" WIDTH="45" HEIGHT="31" STYLEREFS="StyleId-2" CONTENT="as" WC="1" CC="00" />
            <SP ID="P9_SP00008" WIDTH="0" HPOS="0" VPOS="0" />
            <String ID="P9_S00011" HPOS="1255" VPOS="420" WIDTH="93" HEIGHT="44" STYLEREFS="StyleId-2" CONTENT="well" WC="1" CC="0000" />
            <SP ID="P9_SP00009" WIDTH="0" HPOS="0" VPOS="0" />
            <String ID="P9_S00012" HPOS="1372" VPOS="434" WIDTH="46" HEIGHT="30" STYLEREFS="StyleId-2" CONTENT="as" WC="1" CC="00" />
            <SP ID="P9_SP00010" WIDTH="0" HPOS="0" VPOS="0" />
            <String ID="P9_S00013" HPOS="1443" VPOS="419" WIDTH="55" HEIGHT="51" STYLEREFS="StyleId-2" CONTENT="by" WC="0.88" CC="02" />
            <SP ID="P9_SP00011" WIDTH="0" HPOS="0" VPOS="0" />
            <String ID="P9_S00014" HPOS="1524" VPOS="429" WIDTH="99" HEIGHT="41" STYLEREFS="StyleId-2" CONTENT="con-" WC="0.61" CC="0563" />
          </TextLine>
          <TextLine ID="P9_TL00004" HPOS="298" VPOS="476" WIDTH="1325" HEIGHT="64">
            <String ID="P9_S00015" HPOS="298" VPOS="483" WIDTH="208" HEIGHT="40" STYLEREFS="StyleId-2" CONTENT="nectional" WC="0.776666641" CC="500000256" />
            <SP ID="P9_SP00012" WIDTH="0" HPOS="0" VPOS="0" />
            <String ID="P9_S00016" HPOS="531" VPOS="482" WIDTH="239" HEIGHT="42" STYLEREFS="StyleId-2" CONTENT="historians." WC="0.7927273" CC="05006230400" />
            <SP ID="P9_SP00013" WIDTH="0" HPOS="0" VPOS="0" />
            <String ID="P9_S00017" HPOS="830" VPOS="483" WIDTH="71" HEIGHT="42" STYLEREFS="StyleId-2" CONTENT="He" WC="0.795" CC="40" />
            <SP ID="P9_SP00014" WIDTH="0" HPOS="0" VPOS="0" />
            <String ID="P9_S00018" HPOS="923" VPOS="484" WIDTH="77" HEIGHT="41" STYLEREFS="StyleId-2" CONTENT="has" WC="1" CC="000" />
            <SP ID="P9_SP00015" WIDTH="0" HPOS="0" VPOS="0" />
            <String ID="P9_S00019" HPOS="1025" VPOS="485" WIDTH="199" HEIGHT="53" STYLEREFS="StyleId-2" CONTENT="virtually" WC="0.7455556" CC="221000752" />
            <SP ID="P9_SP00016" WIDTH="0" HPOS="0" VPOS="0" />
            <String ID="P9_S00020" HPOS="1249" VPOS="484" WIDTH="264" HEIGHT="54" STYLEREFS="StyleId-2" CONTENT="resurrected" WC="0.9109091" CC="00000300006" />
            <SP ID="P9_SP00017" WIDTH="0" HPOS="0" VPOS="0" />
            <String ID="P9_S00021" HPOS="1538" VPOS="482" WIDTH="85" HEIGHT="56" STYLEREFS="StyleId-2" CONTENT="and" WC="0.13" CC="9106" />
          </TextLine>
          <TextLine ID="P9_TL00005" HPOS="299" VPOS="545" WIDTH="1324" HEIGHT="62">
            <String ID="P9_S00022" HPOS="298" VPOS="550" WIDTH="127" HEIGHT="51" STYLEREFS="StyleId-2" CONTENT="given" WC="0.758" CC="73000" />
            <SP ID="P9_SP00018" WIDTH="0" HPOS="0" VPOS="0" />
            <String ID="P9_S00023" HPOS="444" VPOS="556" WIDTH="45" HEIGHT="45" STYLEREFS="StyleId-2" CONTENT="to" WC="0.255" CC="95" />
            <SP ID="P9_SP00019" WIDTH="0" HPOS="0" VPOS="0" />
            <String ID="P9_S00024" HPOS="508" VPOS="550" WIDTH="71" HEIGHT="51" STYLEREFS="StyleId-2" CONTENT="the" WC="1" CC="000" />
            <SP ID="P9_SP00020" WIDTH="0" HPOS="0" VPOS="0" />
            <String ID="P9_S00025" HPOS="597" VPOS="557" WIDTH="170" HEIGHT="45" STYLEREFS="StyleId-2" CONTENT="present" WC="0.79" CC="5000090" />
            <SP ID="P9_SP00021" WIDTH="0" HPOS="0" VPOS="0" />
            <String ID="P9_S00026" HPOS="786" VPOS="551" WIDTH="260" HEIGHT="52" STYLEREFS="StyleId-2" CONTENT="generation," WC="0.75636363" CC="100060000603" />
            <SP ID="P9_SP00022" WIDTH="0" HPOS="0" VPOS="0" />
            <String ID="P9_S00027" HPOS="1067" VPOS="549" WIDTH="72" HEIGHT="54" STYLEREFS="StyleId-2" CONTENT="the" WC="1" CC="000" />
            <SP ID="P9_SP00023" WIDTH="0" HPOS="0" VPOS="0" />
            <String ID="P9_S00028" HPOS="1157" VPOS="564" WIDTH="148" HEIGHT="39" STYLEREFS="StyleId-2" CONTENT="names" WC="1" CC="00000" />
            <SP ID="P9_SP00024" WIDTH="0" HPOS="0" VPOS="0" />
            <String ID="P9_S00029" HPOS="1325" VPOS="552" WIDTH="85" HEIGHT="51" STYLEREFS="StyleId-2" CONTENT="and" WC="0.88" CC="300" />
            <SP ID="P9_SP00025" WIDTH="0" HPOS="0" VPOS="0" />
            <String ID="P9_S00030" HPOS="1430" VPOS="550" WIDTH="193" HEIGHT="53" STYLEREFS="StyleId-2" CONTENT="achieve¬" WC="0.79875" CC="10010723" />
          </TextLine>
          <TextLine ID="P9_TL00006" HPOS="299" VPOS="610" WIDTH="1325" HEIGHT="62">
            <String ID="P9_S00031" HPOS="299" VPOS="622" WIDTH="137" HEIGHT="34" STYLEREFS="StyleId-2" CONTENT="ments" WC="0.982" CC="00000" />
            <SP ID="P9_SP00026" WIDTH="0" HPOS="0" VPOS="0" />
            <String ID="P9_S00032" HPOS="460" VPOS="616" WIDTH="48" HEIGHT="40" STYLEREFS="StyleId-2" CONTENT="of" WC="0.785" CC="04" />
            <SP ID="P9_SP00027" WIDTH="0" HPOS="0" VPOS="0" />
            <String ID="P9_S00033" HPOS="530" VPOS="616" WIDTH="193" HEIGHT="51" STYLEREFS="StyleId-2" CONTENT="pioneers" WC="0.835" CC="13700000" />
            <SP ID="P9_SP00028" WIDTH="0" HPOS="0" VPOS="0" />
            <String ID="P9_S00034" HPOS="747" VPOS="617" WIDTH="99" HEIGHT="50" STYLEREFS="StyleId-2" CONTENT="who" WC="0.76" CC="007" />
            <SP ID="P9_SP00029" WIDTH="0" HPOS="0" VPOS="0" />
            <String ID="P9_S00035" HPOS="868" VPOS="617" WIDTH="144" HEIGHT="50" STYLEREFS="StyleId-2" CONTENT="would" WC="0.91" CC="04000" />
            <SP ID="P9_SP00030" WIDTH="0" HPOS="0" VPOS="0" />
            <String ID="P9_S00036" HPOS="1035" VPOS="617" WIDTH="108" HEIGHT="50" STYLEREFS="StyleId-2" CONTENT="have" WC="0.6525" CC="0490" />
            <SP ID="P9_SP00031" WIDTH="0" HPOS="0" VPOS="0" />
            <String ID="P9_S00037" HPOS="1166" VPOS="618" WIDTH="104" HEIGHT="49" STYLEREFS="StyleId-2" CONTENT="been" WC="1" CC="0000" />
            <SP ID="P9_SP00032" WIDTH="0" HPOS="0" VPOS="0" />
            <String ID="P9_S00038" HPOS="1297" VPOS="618" WIDTH="218" HEIGHT="52" STYLEREFS="StyleId-2" CONTENT="forgotten" WC="0.8322222" CC="3101000000" />
            <SP ID="P9_SP00033" WIDTH="0" HPOS="0" VPOS="0" />
            <String ID="P9_S00039" HPOS="1540" VPOS="616" WIDTH="84" HEIGHT="54" STYLEREFS="StyleId-2" CONTENT="and" WC="0.82" CC="500" />
          </TextLine>
          <TextLine ID="P9_TL00007" HPOS="297" VPOS="680" WIDTH="747" HEIGHT="54">
            <String ID="P9_S00040" HPOS="297" VPOS="682" WIDTH="148" HEIGHT="40" STYLEREFS="StyleId-2" CONTENT="buried" WC="0.855" CC="070100" />
            <SP ID="P9_SP00034" WIDTH="0" HPOS="0" VPOS="0" />
            <String ID="P9_S00041" HPOS="468" VPOS="682" WIDTH="42" HEIGHT="40" STYLEREFS="StyleId-2" CONTENT="in" WC="0.32" CC="39" />
            <SP ID="P9_SP00035" WIDTH="0" HPOS="0" VPOS="0" />
            <String ID="P9_S00042" HPOS="534" VPOS="683" WIDTH="70" HEIGHT="40" STYLEREFS="StyleId-2" CONTENT="the" WC="0.81" CC="050" />
            <SP ID="P9_SP00036" WIDTH="0" HPOS="0" VPOS="0" />
            <String ID="P9_S00043" HPOS="625" VPOS="695" WIDTH="133" HEIGHT="38" STYLEREFS="StyleId-2" CONTENT="grave" WC="0.522" CC="1030100" />
            <SP ID="P9_SP00037" WIDTH="0" HPOS="0" VPOS="0" />
            <String ID="P9_S00044" HPOS="778" VPOS="684" WIDTH="47" HEIGHT="49" STYLEREFS="StyleId-2" CONTENT="of" WC="0.885" CC="02" />
            <SP ID="P9_SP00038" WIDTH="0" HPOS="0" VPOS="0" />
            <String ID="P9_S00045" HPOS="847" VPOS="683" WIDTH="197" HEIGHT="50" STYLEREFS="StyleId-2" CONTENT="oblivion." WC="0.99222225" CC="000000000" />
          </TextLine>
          <TextLine ID="P9_TL00008" HPOS="353" VPOS="754" WIDTH="1269" HEIGHT="59">
            <String ID="P9_S00046" HPOS="353" VPOS="756" WIDTH="92" HEIGHT="43" STYLEREFS="StyleId-2" CONTENT="The" WC="0.56" CC="760" />
            <SP ID="P9_SP00039" WIDTH="0" HPOS="0" VPOS="0" />
            <String ID="P9_S00047" HPOS="477" VPOS="758" WIDTH="169" HEIGHT="41" STYLEREFS="StyleId-2" CONTENT="colored" WC="0.9457143" CC="0030000" />
            <SP ID="P9_SP00040" WIDTH="0" HPOS="0" VPOS="0" />
            <String ID="P9_S00048" HPOS="679" VPOS="771" WIDTH="107" HEIGHT="37" STYLEREFS="StyleId-2" CONTENT="race," WC="0.86" CC="20004" />
            <SP ID="P9_SP00041" WIDTH="0" HPOS="0" VPOS="0" />
            <String ID="P9_S00049" HPOS="819" VPOS="760" WIDTH="236" HEIGHT="50" STYLEREFS="StyleId-2" CONTENT="regardless" WC="0.863" CC="30100000000" />
            <SP ID="P9_SP00042" WIDTH="0" HPOS="0" VPOS="0" />
            <String ID="P9_S00050" HPOS="1088" VPOS="760" WIDTH="46" HEIGHT="50" STYLEREFS="StyleId-2" CONTENT="of" WC="1" CC="00" />
            <SP ID="P9_SP00043" WIDTH="0" HPOS="0" VPOS="0" />
            <String ID="P9_S00051" HPOS="1168" VPOS="759" WIDTH="338" HEIGHT="51" STYLEREFS="StyleId-2" CONTENT="denominations" WC="0.928461552" CC="0008000001000" />
            <SP ID="P9_SP00044" WIDTH="0" HPOS="0" VPOS="0" />
            <String ID="P9_S00052" HPOS="1539" VPOS="759" WIDTH="84" HEIGHT="51" STYLEREFS="StyleId-2" CONTENT="and" WC="1" CC="000" />
          </TextLine>
          <TextLine ID="P9_TL00009" HPOS="297" VPOS="821" WIDTH="1325" HEIGHT="61">
            <String ID="P9_S00053" HPOS="297" VPOS="825" WIDTH="186" HEIGHT="51" STYLEREFS="StyleId-2" CONTENT="political" WC="0.7788889" CC="0104302000" />
            <SP ID="P9_SP00045" WIDTH="0" HPOS="0" VPOS="0" />
            <String ID="P9_S00054" HPOS="508" VPOS="825" WIDTH="269" HEIGHT="52" STYLEREFS="StyleId-2" CONTENT="predictions," WC="0.88166666" CC="500010030004" />
            <SP ID="P9_SP00046" WIDTH="0" HPOS="0" VPOS="0" />
            <String ID="P9_S00055" HPOS="802" VPOS="825" WIDTH="78" HEIGHT="52" STYLEREFS="StyleId-2" CONTENT="has" WC="0.75" CC="700" />
            <SP ID="P9_SP00047" WIDTH="0" HPOS="0" VPOS="0" />
            <String ID="P9_S00056" HPOS="906" VPOS="827" WIDTH="70" HEIGHT="50" STYLEREFS="StyleId-2" CONTENT="the" WC="0.82" CC="050" />
            <SP ID="P9_SP00048" WIDTH="0" HPOS="0" VPOS="0" />
            <String ID="P9_S00057" HPOS="1001" VPOS="833" WIDTH="120" HEIGHT="45" STYLEREFS="StyleId-2" CONTENT="great" WC="0.614" CC="103060" />
            <SP ID="P9_SP00049" WIDTH="0" HPOS="0" VPOS="0" />
            <String ID="P9_S00058" HPOS="1150" VPOS="827" WIDTH="108" HEIGHT="51" STYLEREFS="StyleId-2" CONTENT="fault" WC="0.8" CC="001000" />
            <SP ID="P9_SP00050" WIDTH="0" HPOS="0" VPOS="0" />
            <String ID="P9_S00059" HPOS="1283" VPOS="827" WIDTH="47" HEIGHT="51" STYLEREFS="StyleId-2" CONTENT="of" WC="0.735" CC="50" />
            <SP ID="P9_SP00051" WIDTH="0" HPOS="0" VPOS="0" />
            <String ID="P9_S00060" HPOS="1354" VPOS="833" WIDTH="77" HEIGHT="45" STYLEREFS="StyleId-2" CONTENT="not" WC="1" CC="000" />
            <SP ID="P9_SP00052" WIDTH="0" HPOS="0" VPOS="0" />
            <String ID="P9_S00061" HPOS="1456" VPOS="827" WIDTH="166" HEIGHT="51" STYLEREFS="StyleId-2" CONTENT="record¬" WC="0.742857158" CC="0509003" />
          </TextLine>
          <TextLine ID="P9_TL00010" HPOS="297" VPOS="888" WIDTH="1325" HEIGHT="60">
            <String ID="P9_S00062" HPOS="297" VPOS="892" WIDTH="76" HEIGHT="51" STYLEREFS="StyleId-2" CONTENT="ing" WC="0.7866667" CC="600" />
            <SP ID="P9_SP00053" WIDTH="0" HPOS="0" VPOS="0" />
            <String ID="P9_S00063" HPOS="400" VPOS="899" WIDTH="143" HEIGHT="44" STYLEREFS="StyleId-2" CONTENT="events" WC="1" CC="000000" />
            <SP ID="P9_SP00054" WIDTH="0" HPOS="0" VPOS="0" />
            <String ID="P9_S00064" HPOS="569" VPOS="890" WIDTH="92" HEIGHT="53" STYLEREFS="StyleId-2" CONTENT="that" WC="0.5825" CC="0726" />
            <SP ID="P9_SP00055" WIDTH="0" HPOS="0" VPOS="0" />
            <String ID="P9_S00065" HPOS="687" VPOS="892" WIDTH="153" HEIGHT="51" STYLEREFS="StyleId-2" CONTENT="should" WC="0.905" CC="020020" />
            <SP ID="P9_SP00056" WIDTH="0" HPOS="0" VPOS="0" />
            <String ID="P9_S00066" HPOS="866" VPOS="894" WIDTH="51" HEIGHT="49" STYLEREFS="StyleId-2" CONTENT="be" WC="0.88" CC="20" />
            <SP ID="P9_SP00057" WIDTH="0" HPOS="0" VPOS="0" />
            <String ID="P9_S00067" HPOS="941" VPOS="893" WIDTH="269" HEIGHT="50" STYLEREFS="StyleId-2" CONTENT="memorable," WC="0.704" CC="0007070553" />
            <SP ID="P9_SP00058" WIDTH="0" HPOS="0" VPOS="0" />
            <String ID="P9_S00068" HPOS="1239" VPOS="892" WIDTH="84" HEIGHT="51" STYLEREFS="StyleId-2" CONTENT="and" WC="1" CC="000" />
            <SP ID="P9_SP00059" WIDTH="0" HPOS="0" VPOS="0" />
            <String ID="P9_S00069" HPOS="1349" VPOS="906" WIDTH="121" HEIGHT="37" STYLEREFS="StyleId-2" CONTENT="serve" WC="0.954" CC="00200" />
            <SP ID="P9_SP00060" WIDTH="0" HPOS="0" VPOS="0" />
            <String ID="P9_S00070" HPOS="1496" VPOS="907" WIDTH="45" HEIGHT="36" STYLEREFS="StyleId-2" CONTENT="as" WC="1" CC="00" />
            <SP ID="P9_SP00061" WIDTH="0" HPOS="0" VPOS="0" />
            <String ID="P9_S00071" HPOS="1568" VPOS="908" WIDTH="54" HEIGHT="35" STYLEREFS="StyleId-2" CONTENT="an" WC="1" CC="00" />
          </TextLine>
          <TextLine ID="P9_TL00011" HPOS="297" VPOS="955" WIDTH="1325" HEIGHT="61">
            <String ID="P9_S00072" HPOS="297" VPOS="959" WIDTH="251" HEIGHT="52" STYLEREFS="StyleId-2" CONTENT="inspiration" WC="0.858181834" CC="09002000300" />
            <SP ID="P9_SP00062" WIDTH="0" HPOS="0" VPOS="0" />
            <String ID="P9_S00073" HPOS="571" VPOS="966" WIDTH="46" HEIGHT="45" STYLEREFS="StyleId-2" CONTENT="to" WC="0.61" CC="07" />
            <SP ID="P9_SP00063" WIDTH="0" HPOS="0" VPOS="0" />
            <String ID="P9_S00074" HPOS="639" VPOS="958" WIDTH="72" HEIGHT="53" STYLEREFS="StyleId-2" CONTENT="the" WC="0.803333342" CC="050" />
            <SP ID="P9_SP00064" WIDTH="0" HPOS="0" VPOS="0" />
            <String ID="P9_S00075" HPOS="734" VPOS="960" WIDTH="146" HEIGHT="52" STYLEREFS="StyleId-2" CONTENT="junior" WC="0.74333334" CC="062600" />
            <SP ID="P9_SP00065" WIDTH="0" HPOS="0" VPOS="0" />
            <String ID="P9_S00076" HPOS="904" VPOS="961" WIDTH="208" HEIGHT="51" STYLEREFS="StyleId-2" CONTENT="members" WC="1" CC="0000000" />
            <SP ID="P9_SP00066" WIDTH="0" HPOS="0" VPOS="0" />
            <String ID="P9_S00077" HPOS="1138" VPOS="961" WIDTH="47" HEIGHT="51" STYLEREFS="StyleId-2" CONTENT="of" WC="0.7" CC="06" />
            <SP ID="P9_SP00067" WIDTH="0" HPOS="0" VPOS="0" />
            <String ID="P9_S00078" HPOS="1209" VPOS="959" WIDTH="72" HEIGHT="53" STYLEREFS="StyleId-2" CONTENT="the" WC="0.776666641" CC="060" />
            <SP ID="P9_SP00068" WIDTH="0" HPOS="0" VPOS="0" />
            <String ID="P9_S00079" HPOS="1305" VPOS="973" WIDTH="107" HEIGHT="39" STYLEREFS="StyleId-2" CONTENT="race." WC="0.986" CC="00000" />
            <SP ID="P9_SP00069" WIDTH="0" HPOS="0" VPOS="0" />
            <String ID="P9_S00080" HPOS="1472" VPOS="961" WIDTH="102" HEIGHT="51" STYLEREFS="StyleId-2" CONTENT="Had" WC="0.8333333" CC="500" />
            <SP ID="P9_SP00070" WIDTH="0" HPOS="0" VPOS="0" />
            <String ID="P9_S00081" HPOS="1599" VPOS="976" WIDTH="23" HEIGHT="36" STYLEREFS="StyleId-2" CONTENT="a" WC="0.25" CC="7" />
          </TextLine>
          <TextLine ID="P9_TL00012" HPOS="297" VPOS="1021" WIDTH="1323" HEIGHT="62">
            <String ID="P9_S00082" HPOS="296" VPOS="1038" WIDTH="155" HEIGHT="39" STYLEREFS="StyleId-2" CONTENT="proper" WC="0.9266667" CC="004000" />
            <SP ID="P9_SP00071" WIDTH="0" HPOS="0" VPOS="0" />
            <String ID="P9_S00083" HPOS="476" VPOS="1026" WIDTH="148" HEIGHT="51" STYLEREFS="StyleId-2" CONTENT="record" WC="0.938333333" CC="010200" />
            <SP ID="P9_SP00072" WIDTH="0" HPOS="0" VPOS="0" />
            <String ID="P9_S00084" HPOS="648" VPOS="1026" WIDTH="104" HEIGHT="51" STYLEREFS="StyleId-2" CONTENT="been" WC="0.82" CC="7000" />
            <SP ID="P9_SP00073" WIDTH="0" HPOS="0" VPOS="0" />
            <String ID="P9_S00085" HPOS="776" VPOS="1027" WIDTH="99" HEIGHT="51" STYLEREFS="StyleId-2" CONTENT="kept" WC="1" CC="0000" />
            <SP ID="P9_SP00074" WIDTH="0" HPOS="0" VPOS="0" />
            <String ID="P9_S00086" HPOS="900" VPOS="1028" WIDTH="46" HEIGHT="50" STYLEREFS="StyleId-2" CONTENT="of" WC="0.985" CC="00" />
            <SP ID="P9_SP00075" WIDTH="0" HPOS="0" VPOS="0" />
            <String ID="P9_S00087" HPOS="971" VPOS="1027" WIDTH="72" HEIGHT="51" STYLEREFS="StyleId-2" CONTENT="the" WC="1" CC="000" />
            <SP ID="P9_SP00076" WIDTH="0" HPOS="0" VPOS="0" />
            <String ID="P9_S00088" HPOS="1066" VPOS="1026" WIDTH="250" HEIGHT="52" STYLEREFS="StyleId-2" CONTENT="inventions," WC="0.91" CC="20000030004" />
            <SP ID="P9_SP00077" WIDTH="0" HPOS="0" VPOS="0" />
            <String ID="P9_S00089" HPOS="1344" VPOS="1027" WIDTH="276" HEIGHT="54" STYLEREFS="StyleId-2" CONTENT="accomplish¬" WC="0.737272739" CC="00350063072" />
          </TextLine>
          <TextLine ID="P9_TL00013" HPOS="297" VPOS="1090" WIDTH="1325" HEIGHT="59">
            <String ID="P9_S00090" HPOS="297" VPOS="1099" WIDTH="135" HEIGHT="34" STYLEREFS="StyleId-2" CONTENT="ments" WC="0.978" CC="00100" />
            <SP ID="P9_SP00078" WIDTH="0" HPOS="0" VPOS="0" />
            <String ID="P9_S00091" HPOS="457" VPOS="1093" WIDTH="83" HEIGHT="40" STYLEREFS="StyleId-2" CONTENT="and" WC="0.5933333" CC="560" />
            <SP ID="P9_SP00079" WIDTH="0" HPOS="0" VPOS="0" />
            <String ID="P9_S00092" HPOS="564" VPOS="1106" WIDTH="212" HEIGHT="28" STYLEREFS="StyleId-2" CONTENT="successes" WC="0.914444447" CC="070000000" />
            <SP ID="P9_SP00080" WIDTH="0" HPOS="0" VPOS="0" />
            <String ID="P9_S00093" HPOS="800" VPOS="1094" WIDTH="42" HEIGHT="41" STYLEREFS="StyleId-2" CONTENT="in" WC="1" CC="00" />
            <SP ID="P9_SP00081" WIDTH="0" HPOS="0" VPOS="0" />
            <String ID="P9_S00094" HPOS="866" VPOS="1095" WIDTH="171" HEIGHT="49" STYLEREFS="StyleId-2" CONTENT="church," WC="0.818571448" CC="0503004" />
            <SP ID="P9_SP00082" WIDTH="0" HPOS="0" VPOS="0" />
            <String ID="P9_S00095" HPOS="1061" VPOS="1095" WIDTH="175" HEIGHT="49" STYLEREFS="StyleId-2" CONTENT="science," WC="0.905" CC="00003004" />
            <SP ID="P9_SP00083" WIDTH="0" HPOS="0" VPOS="0" />
            <String ID="P9_S00096" HPOS="1260" VPOS="1095" WIDTH="254" HEIGHT="53" STYLEREFS="StyleId-2" CONTENT="philosophy" WC="0.791" CC="0652100060" />
            <SP ID="P9_SP00084" WIDTH="0" HPOS="0" VPOS="0" />
            <String ID="P9_S00097" HPOS="1537" VPOS="1097" WIDTH="85" HEIGHT="51" STYLEREFS="StyleId-2" CONTENT="and" WC="0.75333333" CC="007" />
          </TextLine>
          <TextLine ID="P9_TL00014" HPOS="296" VPOS="1157" WIDTH="1322" HEIGHT="59">
            <String ID="P9_S00098" HPOS="296" VPOS="1159" WIDTH="226" HEIGHT="48" STYLEREFS="StyleId-2" CONTENT="literature," WC="0.75" CC="31002906004" />
            <SP ID="P9_SP00085" WIDTH="0" HPOS="0" VPOS="0" />
            <String ID="P9_S00099" HPOS="552" VPOS="1159" WIDTH="72" HEIGHT="48" STYLEREFS="StyleId-2" CONTENT="the" WC="0.76" CC="070" />
            <SP ID="P9_SP00086" WIDTH="0" HPOS="0" VPOS="0" />
            <String ID="P9_S00100" HPOS="651" VPOS="1160" WIDTH="149" HEIGHT="52" STYLEREFS="StyleId-2" CONTENT="Negro" WC="0.918" CC="30000" />
            <SP ID="P9_SP00087" WIDTH="0" HPOS="0" VPOS="0" />
            <String ID="P9_S00101" HPOS="826" VPOS="1161" WIDTH="144" HEIGHT="51" STYLEREFS="StyleId-2" CONTENT="would" WC="0.808" CC="36000" />
            <SP ID="P9_SP00088" WIDTH="0" HPOS="0" VPOS="0" />
            <String ID="P9_S00102" HPOS="996" VPOS="1161" WIDTH="110" HEIGHT="51" STYLEREFS="StyleId-2" CONTENT="have" WC="0.6925" CC="2090" />
            <SP ID="P9_SP00089" WIDTH="0" HPOS="0" VPOS="0" />
            <String ID="P9_S00103" HPOS="1132" VPOS="1162" WIDTH="202" HEIGHT="52" STYLEREFS="StyleId-2" CONTENT="occupied" WC="1" CC="00000000" />
            <SP ID="P9_SP00090" WIDTH="0" HPOS="0" VPOS="0" />
            <String ID="P9_S00104" HPOS="1362" VPOS="1178" WIDTH="24" HEIGHT="36" STYLEREFS="StyleId-2" CONTENT="a" WC="1" CC="0" />
            <SP ID="P9_SP00091" WIDTH="0" HPOS="0" VPOS="0" />
            <String ID="P9_S00105" HPOS="1414" VPOS="1170" WIDTH="134" HEIGHT="44" STYLEREFS="StyleId-2" CONTENT="status" WC="1" CC="000000" />
            <SP ID="P9_SP00092" WIDTH="0" HPOS="0" VPOS="0" />
            <String ID="P9_S00106" HPOS="1576" VPOS="1163" WIDTH="42" HEIGHT="51" STYLEREFS="StyleId-2" CONTENT="in" WC="0.27" CC="77" />
          </TextLine>
          <TextLine ID="P9_TL00015" HPOS="295" VPOS="1223" WIDTH="1323" HEIGHT="60">
            <String ID="P9_S00107" HPOS="295" VPOS="1225" WIDTH="71" HEIGHT="42" STYLEREFS="StyleId-2" CONTENT="the" WC="0.75" CC="070" />
            <SP ID="P9_SP00093" WIDTH="0" HPOS="0" VPOS="0" />
            <String ID="P9_S00108" HPOS="394" VPOS="1226" WIDTH="192" HEIGHT="41" STYLEREFS="StyleId-2" CONTENT="civilized" WC="0.816666663" CC="010326300" />
            <SP ID="P9_SP00094" WIDTH="0" HPOS="0" VPOS="0" />
            <String ID="P9_S00109" HPOS="615" VPOS="1227" WIDTH="134" HEIGHT="41" STYLEREFS="StyleId-2" CONTENT="world" WC="0.872" CC="05000" />
            <SP ID="P9_SP00095" WIDTH="0" HPOS="0" VPOS="0" />
            <String ID="P9_S00110" HPOS="777" VPOS="1227" WIDTH="91" HEIGHT="41" STYLEREFS="StyleId-2" CONTENT="that" WC="0.655" CC="03100" />
            <SP ID="P9_SP00096" WIDTH="0" HPOS="0" VPOS="0" />
            <String ID="P9_S00111" HPOS="898" VPOS="1229" WIDTH="142" HEIGHT="40" STYLEREFS="StyleId-2" CONTENT="would" WC="0.912" CC="00040" />
            <SP ID="P9_SP00097" WIDTH="0" HPOS="0" VPOS="0" />
            <String ID="P9_S00112" HPOS="1069" VPOS="1226" WIDTH="107" HEIGHT="44" STYLEREFS="StyleId-2" CONTENT="have" WC="0.595" CC="6900" />
            <SP ID="P9_SP00098" WIDTH="0" HPOS="0" VPOS="0" />
            <String ID="P9_S00113" HPOS="1206" VPOS="1229" WIDTH="228" HEIGHT="53" STYLEREFS="StyleId-2" CONTENT="eminently" WC="0.9411111" CC="005000000" />
            <SP ID="P9_SP00099" WIDTH="0" HPOS="0" VPOS="0" />
            <String ID="P9_S00114" HPOS="1464" VPOS="1231" WIDTH="155" HEIGHT="51" STYLEREFS="StyleId-2" CONTENT="contri¬" WC="0.7342857" CC="00100403" />
          </TextLine>
          <TextLine ID="P9_TL00016" HPOS="295" VPOS="1291" WIDTH="1324" HEIGHT="60">
            <String ID="P9_S00115" HPOS="295" VPOS="1293" WIDTH="128" HEIGHT="41" STYLEREFS="StyleId-2" CONTENT="buted" WC="0.882" CC="05000" />
            <SP ID="P9_SP00100" WIDTH="0" HPOS="0" VPOS="0" />
            <String ID="P9_S00116" HPOS="448" VPOS="1300" WIDTH="46" HEIGHT="34" STYLEREFS="StyleId-2" CONTENT="to" WC="0.71" CC="05" />
            <SP ID="P9_SP00101" WIDTH="0" HPOS="0" VPOS="0" />
            <String ID="P9_S00117" HPOS="517" VPOS="1308" WIDTH="24" HEIGHT="26" STYLEREFS="StyleId-2" CONTENT="a" WC="1" CC="0" />
            <SP ID="P9_SP00102" WIDTH="0" HPOS="0" VPOS="0" />
            <String ID="P9_S00118" HPOS="567" VPOS="1294" WIDTH="262" HEIGHT="51" STYLEREFS="StyleId-2" CONTENT="recognition" WC="0.725454569" CC="10060820045" />
            <SP ID="P9_SP00103" WIDTH="0" HPOS="0" VPOS="0" />
            <String ID="P9_S00119" HPOS="856" VPOS="1296" WIDTH="46" HEIGHT="49" STYLEREFS="StyleId-2" CONTENT="of" WC="0.85" CC="03" />
            <SP ID="P9_SP00104" WIDTH="0" HPOS="0" VPOS="0" />
            <String ID="P9_S00120" HPOS="927" VPOS="1294" WIDTH="65" HEIGHT="51" STYLEREFS="StyleId-2" CONTENT="his" WC="0.65" CC="630" />
            <SP ID="P9_SP00105" WIDTH="0" HPOS="0" VPOS="0" />
            <String ID="P9_S00121" HPOS="1019" VPOS="1296" WIDTH="148" HEIGHT="49" STYLEREFS="StyleId-2" CONTENT="worth." WC="0.706666648" CC="057050" />
            <SP ID="P9_SP00106" WIDTH="0" HPOS="0" VPOS="0" />
            <String ID="P9_S00122" HPOS="1229" VPOS="1297" WIDTH="84" HEIGHT="48" STYLEREFS="StyleId-2" CONTENT="But" WC="0.61" CC="650" />
            <SP ID="P9_SP00107" WIDTH="0" HPOS="0" VPOS="0" />
            <String ID="P9_S00123" HPOS="1338" VPOS="1299" WIDTH="43" HEIGHT="46" STYLEREFS="StyleId-2" CONTENT="in" WC="0.84" CC="30" />
            <SP ID="P9_SP00108" WIDTH="0" HPOS="0" VPOS="0" />
            <String ID="P9_S00124" HPOS="1406" VPOS="1296" WIDTH="92" HEIGHT="49" STYLEREFS="StyleId-2" CONTENT="that" WC="0.74" CC="7300" />
            <SP ID="P9_SP00109" WIDTH="0" HPOS="0" VPOS="0" />
            <String ID="P9_S00125" HPOS="1523" VPOS="1311" WIDTH="96" HEIGHT="39" STYLEREFS="StyleId-2" CONTENT="par¬" WC="0.6775" CC="9030" />
          </TextLine>
          <TextLine ID="P9_TL00017" HPOS="295" VPOS="1359" WIDTH="1323" HEIGHT="57">
            <String ID="P9_S00126" HPOS="295" VPOS="1361" WIDTH="151" HEIGHT="40" STYLEREFS="StyleId-2" CONTENT="ticular" WC="0.7385714" CC="0308070" />
            <SP ID="P9_SP00110" WIDTH="0" HPOS="0" VPOS="0" />
            <String ID="P9_S00127" HPOS="471" VPOS="1360" WIDTH="53" HEIGHT="41" STYLEREFS="StyleId-2" CONTENT="he" WC="0.89" CC="20" />
            <SP ID="P9_SP00111" WIDTH="0" HPOS="0" VPOS="0" />
            <String ID="P9_S00128" HPOS="551" VPOS="1361" WIDTH="75" HEIGHT="41" STYLEREFS="StyleId-2" CONTENT="has" WC="0.67" CC="090" />
            <SP ID="P9_SP00112" WIDTH="0" HPOS="0" VPOS="0" />
            <String ID="P9_S00129" HPOS="654" VPOS="1361" WIDTH="103" HEIGHT="41" STYLEREFS="StyleId-2" CONTENT="been" WC="1" CC="0000" />
            <SP ID="P9_SP00113" WIDTH="0" HPOS="0" VPOS="0" />
            <String ID="P9_S00130" HPOS="786" VPOS="1362" WIDTH="184" HEIGHT="51" STYLEREFS="StyleId-2" CONTENT="derelict," WC="0.854444444" CC="000035004" />
            <SP ID="P9_SP00114" WIDTH="0" HPOS="0" VPOS="0" />
            <String ID="P9_S00131" HPOS="998" VPOS="1363" WIDTH="83" HEIGHT="50" STYLEREFS="StyleId-2" CONTENT="and" WC="0.78" CC="600" />
            <SP ID="P9_SP00115" WIDTH="0" HPOS="0" VPOS="0" />
            <String ID="P9_S00132" HPOS="1108" VPOS="1378" WIDTH="63" HEIGHT="35" STYLEREFS="StyleId-2" CONTENT="we" WC="1" CC="00" />
            <SP ID="P9_SP00116" WIDTH="0" HPOS="0" VPOS="0" />
            <String ID="P9_S00133" HPOS="1198" VPOS="1364" WIDTH="108" HEIGHT="49" STYLEREFS="StyleId-2" CONTENT="have" WC="0.6275" CC="6800" />
            <SP ID="P9_SP00117" WIDTH="0" HPOS="0" VPOS="0" />
            <String ID="P9_S00134" HPOS="1334" VPOS="1365" WIDTH="189" HEIGHT="48" STYLEREFS="StyleId-2" CONTENT="suffered" WC="0.89375" CC="00220110" />
            <SP ID="P9_SP00118" WIDTH="0" HPOS="0" VPOS="0" />
            <String ID="P9_S00135" HPOS="1538" VPOS="1378" WIDTH="80" HEIGHT="35" STYLEREFS="StyleId-2" CONTENT="'ac¬" WC="0.7925" CC="2014" />
          </TextLine>
          <TextLine ID="P9_TL00018" HPOS="294" VPOS="1426" WIDTH="234" HEIGHT="54">
            <String ID="P9_S00136" HPOS="294" VPOS="1427" WIDTH="234" HEIGHT="53" STYLEREFS="StyleId-2" CONTENT="cordingly." WC="0.839" CC="0320200304" />
          </TextLine>
          <TextLine ID="P9_TL00019" HPOS="351" VPOS="1511" WIDTH="1266" HEIGHT="63">
            <String ID="P9_S00137" HPOS="351" VPOS="1511" WIDTH="91" HEIGHT="44" STYLEREFS="StyleId-2" CONTENT="The" WC="0.53" CC="760" />
            <SP ID="P9_SP00119" WIDTH="0" HPOS="0" VPOS="0" />
            <String ID="P9_S00138" HPOS="470" VPOS="1516" WIDTH="248" HEIGHT="51" STYLEREFS="StyleId-2" CONTENT="impression" WC="0.853" CC="6000000340" />
            <SP ID="P9_SP00120" WIDTH="0" HPOS="0" VPOS="0" />
            <String ID="P9_S00139" HPOS="745" VPOS="1517" WIDTH="181" HEIGHT="50" STYLEREFS="StyleId-2" CONTENT="prevails" WC="0.73125" CC="94001050" />
            <SP ID="P9_SP00121" WIDTH="0" HPOS="0" VPOS="0" />
            <String ID="P9_S00140" HPOS="955" VPOS="1516" WIDTH="161" HEIGHT="55" STYLEREFS="StyleId-2" CONTENT="largely" WC="0.802857161" CC="0850000" />
            <SP ID="P9_SP00122" WIDTH="0" HPOS="0" VPOS="0" />
            <String ID="P9_S00141" HPOS="1143" VPOS="1519" WIDTH="40" HEIGHT="52" STYLEREFS="StyleId-2" CONTENT="in" WC="0.745" CC="50" />
            <SP ID="P9_SP00123" WIDTH="0" HPOS="0" VPOS="0" />
            <String ID="P9_S00142" HPOS="1210" VPOS="1519" WIDTH="83" HEIGHT="52" STYLEREFS="StyleId-2" CONTENT="this" WC="0.9225" CC="0110" />
            <SP ID="P9_SP00124" WIDTH="0" HPOS="0" VPOS="0" />
            <String ID="P9_S00143" HPOS="1321" VPOS="1526" WIDTH="179" HEIGHT="47" STYLEREFS="StyleId-2" CONTENT="country" WC="0.9142857" CC="0006000" />
            <SP ID="P9_SP00125" WIDTH="0" HPOS="0" VPOS="0" />
            <String ID="P9_S00144" HPOS="1526" VPOS="1520" WIDTH="91" HEIGHT="53" STYLEREFS="StyleId-2" CONTENT="that" WC="0.735" CC="0460" />
          </TextLine>
          <TextLine ID="P9_TL00020" HPOS="294" VPOS="1581" WIDTH="1322" HEIGHT="59">
            <String ID="P9_S00145" HPOS="294" VPOS="1582" WIDTH="70" HEIGHT="41" STYLEREFS="StyleId-2" CONTENT="the" WC="0.76" CC="070" />
            <SP ID="P9_SP00126" WIDTH="0" HPOS="0" VPOS="0" />
            <String ID="P9_S00146" HPOS="387" VPOS="1583" WIDTH="121" HEIGHT="40" STYLEREFS="StyleId-2" CONTENT="black" WC="0.736" CC="04900" />
            <SP ID="P9_SP00127" WIDTH="0" HPOS="0" VPOS="0" />
            <String ID="P9_S00147" HPOS="532" VPOS="1596" WIDTH="96" HEIGHT="28" STYLEREFS="StyleId-2" CONTENT="man" WC="0.75333333" CC="070" />
            <SP ID="P9_SP00128" WIDTH="0" HPOS="0" VPOS="0" />
            <String ID="P9_S00148" HPOS="654" VPOS="1584" WIDTH="33" HEIGHT="40" STYLEREFS="StyleId-2" CONTENT="is" WC="0.8" CC="40" />
            <SP ID="P9_SP00129" WIDTH="0" HPOS="0" VPOS="0" />
            <String ID="P9_S00149" HPOS="711" VPOS="1597" WIDTH="25" HEIGHT="27" STYLEREFS="StyleId-2" CONTENT="a" WC="0.53" CC="4" />
            <SP ID="P9_SP00130" WIDTH="0" HPOS="0" VPOS="0" />
            <String ID="P9_S00150" HPOS="757" VPOS="1583" WIDTH="159" HEIGHT="41" STYLEREFS="StyleId-2" CONTENT="human" WC="0.534" CC="76090" />
            <SP ID="P9_SP00131" WIDTH="0" HPOS="0" VPOS="0" />
            <String ID="P9_S00151" HPOS="941" VPOS="1586" WIDTH="231" HEIGHT="52" STYLEREFS="StyleId-2" CONTENT="nonentity," WC="0.754" CC="7070410003" />
            <SP ID="P9_SP00132" WIDTH="0" HPOS="0" VPOS="0" />
            <String ID="P9_S00152" HPOS="1198" VPOS="1587" WIDTH="84" HEIGHT="51" STYLEREFS="StyleId-2" CONTENT="and" WC="0.933333337" CC="020" />
            <SP ID="P9_SP00133" WIDTH="0" HPOS="0" VPOS="0" />
            <String ID="P9_S00153" HPOS="1305" VPOS="1588" WIDTH="92" HEIGHT="50" STYLEREFS="StyleId-2" CONTENT="that" WC="0.8775" CC="0400" />
            <SP ID="P9_SP00134" WIDTH="0" HPOS="0" VPOS="0" />
            <String ID="P9_S00154" HPOS="1418" VPOS="1587" WIDTH="55" HEIGHT="51" STYLEREFS="StyleId-2" CONTENT="he" WC="0.65" CC="70" />
            <SP ID="P9_SP00135" WIDTH="0" HPOS="0" VPOS="0" />
            <String ID="P9_S00155" HPOS="1495" VPOS="1589" WIDTH="121" HEIGHT="49" STYLEREFS="StyleId-2" CONTENT="bears" WC="0.496" CC="40667" />
          </TextLine>
          <TextLine ID="P9_TL00021" HPOS="293" VPOS="1648" WIDTH="1323" HEIGHT="59">
            <String ID="P9_S00156" HPOS="293" VPOS="1649" WIDTH="71" HEIGHT="41" STYLEREFS="StyleId-2" CONTENT="the" WC="0.74666667" CC="070" />
            <SP ID="P9_SP00136" WIDTH="0" HPOS="0" VPOS="0" />
            <String ID="P9_S00157" HPOS="402" VPOS="1656" WIDTH="136" HEIGHT="45" STYLEREFS="StyleId-2" CONTENT="stamp" WC="0.744" CC="01704" />
            <SP ID="P9_SP00137" WIDTH="0" HPOS="0" VPOS="0" />
            <String ID="P9_S00158" HPOS="576" VPOS="1650" WIDTH="46" HEIGHT="51" STYLEREFS="StyleId-2" CONTENT="of" WC="0.515" CC="45" />
            <SP ID="P9_SP00138" WIDTH="0" HPOS="0" VPOS="0" />
            <String ID="P9_S00159" HPOS="659" VPOS="1650" WIDTH="240" HEIGHT="54" STYLEREFS="StyleId-2" CONTENT="inferiority" WC="0.6781818" CC="23424730430" />
            <SP ID="P9_SP00139" WIDTH="0" HPOS="0" VPOS="0" />
            <String ID="P9_S00160" HPOS="936" VPOS="1653" WIDTH="112" HEIGHT="51" STYLEREFS="StyleId-2" CONTENT="from" WC="0.9325" CC="0200" />
            <SP ID="P9_SP00140" WIDTH="0" HPOS="0" VPOS="0" />
            <String ID="P9_S00161" HPOS="1085" VPOS="1652" WIDTH="66" HEIGHT="52" STYLEREFS="StyleId-2" CONTENT="his" WC="0.576666653" CC="750" />
            <SP ID="P9_SP00141" WIDTH="0" HPOS="0" VPOS="0" />
            <String ID="P9_S00162" HPOS="1192" VPOS="1653" WIDTH="186" HEIGHT="51" STYLEREFS="StyleId-2" CONTENT="Creator," WC="0.73625" CC="020040103" />
            <SP ID="P9_SP00142" WIDTH="0" HPOS="0" VPOS="0" />
            <String ID="P9_S00163" HPOS="1417" VPOS="1655" WIDTH="199" HEIGHT="49" STYLEREFS="StyleId-2" CONTENT="notwith¬" WC="0.78875" CC="00005073" />
          </TextLine>
          <TextLine ID="P9_TL00022" HPOS="295" VPOS="1714" WIDTH="1316" HEIGHT="59">
            <String ID="P9_S00164" HPOS="295" VPOS="1717" WIDTH="200" HEIGHT="51" STYLEREFS="StyleId-2" CONTENT="standing" WC="0.5025" CC="006860810" />
            <SP ID="P9_SP00143" WIDTH="0" HPOS="0" VPOS="0" />
            <String ID="P9_S00165" HPOS="522" VPOS="1717" WIDTH="51" HEIGHT="51" STYLEREFS="StyleId-2" CONTENT="he" WC="0.48" CC="64" />
            <SP ID="P9_SP00144" WIDTH="0" HPOS="0" VPOS="0" />
            <String ID="P9_S00166" HPOS="600" VPOS="1716" WIDTH="74" HEIGHT="52" STYLEREFS="StyleId-2" CONTENT="has" WC="0.59" CC="750" />
            <SP ID="P9_SP00145" WIDTH="0" HPOS="0" VPOS="0" />
            <String ID="P9_S00167" HPOS="704" VPOS="1725" WIDTH="48" HEIGHT="43" STYLEREFS="StyleId-2" CONTENT="as'" WC="0.646666646" CC="604" />
            <SP ID="P9_SP00146" WIDTH="0" HPOS="0" VPOS="0" />
            <String ID="P9_S00168" HPOS="776" VPOS="1731" WIDTH="126" HEIGHT="39" STYLEREFS="StyleId-2" CONTENT="many" WC="0.705" CC="0740" />
            <SP ID="P9_SP00147" WIDTH="0" HPOS="0" VPOS="0" />
            <String ID="P9_S00169" HPOS="929" VPOS="1719" WIDTH="141" HEIGHT="51" STYLEREFS="StyleId-2" CONTENT="bones," WC="0.783333361" CC="560001" />
            <SP ID="P9_SP00148" WIDTH="0" HPOS="0" VPOS="0" />
            <String ID="P9_S00170" HPOS="1100" VPOS="1721" WIDTH="193" HEIGHT="49" STYLEREFS="StyleId-2" CONTENT="muscles," WC="0.85625" CC="08001002" />
            <SP ID="P9_SP00149" WIDTH="0" HPOS="0" VPOS="0" />
            <String ID="P9_S00171" HPOS="1323" VPOS="1735" WIDTH="162" HEIGHT="36" STYLEREFS="StyleId-2" CONTENT="nerves," WC="0.7442857" CC="7600003" />
            <SP ID="P9_SP00150" WIDTH="0" HPOS="0" VPOS="0" />
            <String ID="P9_S00172" HPOS="1514" VPOS="1723" WIDTH="98" HEIGHT="48" STYLEREFS="StyleId-2" CONTENT="and." WC="0.95" CC="0200" />
          </TextLine>
          <TextLine ID="P9_TL00023" HPOS="293" VPOS="1781" WIDTH="1321" HEIGHT="62">
            <String ID="P9_S00173" HPOS="293" VPOS="1782" WIDTH="163" HEIGHT="50" STYLEREFS="StyleId-2" CONTENT="indeed," WC="0.7614286" CC="7040004" />
            <SP ID="P9_SP00151" WIDTH="0" HPOS="0" VPOS="0" />
            <String ID="P9_S00174" HPOS="485" VPOS="1797" WIDTH="156" HEIGHT="38" STYLEREFS="StyleId-2" CONTENT="organs" WC="0.678333342" CC="1110060" />
            <SP ID="P9_SP00152" WIDTH="0" HPOS="0" VPOS="0" />
            <String ID="P9_S00175" HPOS="670" VPOS="1784" WIDTH="82" HEIGHT="51" STYLEREFS="StyleId-2" CONTENT="and" WC="1" CC="000" />
            <SP ID="P9_SP00153" WIDTH="0" HPOS="0" VPOS="0" />
            <String ID="P9_S00176" HPOS="781" VPOS="1784" WIDTH="194" HEIGHT="51" STYLEREFS="StyleId-2" CONTENT="faculties" WC="0.7677778" CC="100550701" />
            <SP ID="P9_SP00154" WIDTH="0" HPOS="0" VPOS="0" />
            <String ID="P9_S00177" HPOS="1002" VPOS="1786" WIDTH="91" HEIGHT="49" STYLEREFS="StyleId-2" CONTENT="that" WC="1" CC="0000" />
            <SP ID="P9_SP00155" WIDTH="0" HPOS="0" VPOS="0" />
            <String ID="P9_S00178" HPOS="1119" VPOS="1799" WIDTH="82" HEIGHT="40" STYLEREFS="StyleId-2" CONTENT="any" WC="0.82" CC="050" />
            <SP ID="P9_SP00156" WIDTH="0" HPOS="0" VPOS="0" />
            <String ID="P9_S00179" HPOS="1229" VPOS="1787" WIDTH="120" HEIGHT="52" STYLEREFS="StyleId-2" CONTENT="other" WC="0.556" CC="47702" />
            <SP ID="P9_SP00157" WIDTH="0" HPOS="0" VPOS="0" />
            <String ID="P9_S00180" HPOS="1377" VPOS="1802" WIDTH="97" HEIGHT="37" STYLEREFS="StyleId-2" CONTENT="race" WC="0.8175" CC="0700" />
            <SP ID="P9_SP00158" WIDTH="0" HPOS="0" VPOS="0" />
            <String ID="P9_S00181" HPOS="1499" VPOS="1802" WIDTH="115" HEIGHT="41" STYLEREFS="StyleId-2" CONTENT="upon" WC="0.495" CC="6805" />
          </TextLine>
          <TextLine ID="P9_TL00024" HPOS="292" VPOS="1846" WIDTH="1321" HEIGHT="62">
            <String ID="P9_S00182" HPOS="292" VPOS="1849" WIDTH="72" HEIGHT="41" STYLEREFS="StyleId-2" CONTENT="the" WC="0.826666653" CC="041" />
            <SP ID="P9_SP00159" WIDTH="0" HPOS="0" VPOS="0" />
            <String ID="P9_S00183" HPOS="399" VPOS="1849" WIDTH="95" HEIGHT="41" STYLEREFS="StyleId-2" CONTENT="face" WC="0.8625" CC="0005" />
            <SP ID="P9_SP00160" WIDTH="0" HPOS="0" VPOS="0" />
            <String ID="P9_S00184" HPOS="527" VPOS="1850" WIDTH="48" HEIGHT="41" STYLEREFS="StyleId-2" CONTENT="of" WC="0.905" CC="01" />
            <SP ID="P9_SP00161" WIDTH="0" HPOS="0" VPOS="0" />
            <String ID="P9_S00185" HPOS="608" VPOS="1849" WIDTH="72" HEIGHT="42" STYLEREFS="StyleId-2" CONTENT="the" WC="0.566666663" CC="570" />
            <SP ID="P9_SP00162" WIDTH="0" HPOS="0" VPOS="0" />
            <String ID="P9_S00186" HPOS="714" VPOS="1848" WIDTH="117" HEIGHT="43" STYLEREFS="StyleId-2" CONTENT="earth" WC="0.8" CC="000010" />
            <SP ID="P9_SP00163" WIDTH="0" HPOS="0" VPOS="0" />
            <String ID="P9_S00187" HPOS="867" VPOS="1864" WIDTH="78" HEIGHT="28" STYLEREFS="StyleId-2" CONTENT="can" WC="0.91" CC="200" />
            <SP ID="P9_SP00164" WIDTH="0" HPOS="0" VPOS="0" />
            <String ID="P9_S00188" HPOS="980" VPOS="1851" WIDTH="135" HEIGHT="41" STYLEREFS="StyleId-2" CONTENT="claim." WC="0.87" CC="030400" />
            <SP ID="P9_SP00165" WIDTH="0" HPOS="0" VPOS="0" />
            <String ID="P9_S00189" HPOS="1175" VPOS="1852" WIDTH="101" HEIGHT="41" STYLEREFS="StyleId-2" CONTENT="And" WC="1" CC="000" />
            <SP ID="P9_SP00166" WIDTH="0" HPOS="0" VPOS="0" />
            <String ID="P9_S00190" HPOS="1310" VPOS="1852" WIDTH="184" HEIGHT="55" STYLEREFS="StyleId-2" CONTENT="nothing" WC="0.7442857" CC="0006640" />
            <SP ID="P9_SP00167" WIDTH="0" HPOS="0" VPOS="0" />
            <String ID="P9_S00191" HPOS="1527" VPOS="1856" WIDTH="86" HEIGHT="51" STYLEREFS="StyleId-2" CONTENT="will" WC="0.3125" CC="8756" />
          </TextLine>
          <TextLine ID="P9_TL00025" HPOS="293" VPOS="1913" WIDTH="1319" HEIGHT="59">
            <String ID="P9_S00192" HPOS="293" VPOS="1916" WIDTH="171" HEIGHT="40" STYLEREFS="StyleId-2" CONTENT="subvert" WC="0.954285741" CC="0300000" />
            <SP ID="P9_SP00168" WIDTH="0" HPOS="0" VPOS="0" />
            <String ID="P9_S00193" HPOS="484" VPOS="1917" WIDTH="84" HEIGHT="39" STYLEREFS="StyleId-2" CONTENT="and" WC="0.72" CC="800" />
            <SP ID="P9_SP00169" WIDTH="0" HPOS="0" VPOS="0" />
            <String ID="P9_S00194" HPOS="589" VPOS="1916" WIDTH="64" HEIGHT="40" STYLEREFS="StyleId-2" CONTENT="rid" WC="0.47" CC="069" />
            <SP ID="P9_SP00170" WIDTH="0" HPOS="0" VPOS="0" />
            <String ID="P9_S00195" HPOS="673" VPOS="1915" WIDTH="70" HEIGHT="42" STYLEREFS="StyleId-2" CONTENT="the" WC="0.75" CC="070" />
            <SP ID="P9_SP00171" WIDTH="0" HPOS="0" VPOS="0" />
            <String ID="P9_S00196" HPOS="764" VPOS="1923" WIDTH="177" HEIGHT="46" STYLEREFS="StyleId-2" CONTENT="country" WC="0.71" CC="0189100" />
            <SP ID="P9_SP00172" WIDTH="0" HPOS="0" VPOS="0" />
            <String ID="P9_S00197" HPOS="963" VPOS="1919" WIDTH="47" HEIGHT="50" STYLEREFS="StyleId-2" CONTENT="of" WC="0.665" CC="50" />
            <SP ID="P9_SP00173" WIDTH="0" HPOS="0" VPOS="0" />
            <String ID="P9_S00198" HPOS="1029" VPOS="1917" WIDTH="83" HEIGHT="52" STYLEREFS="StyleId-2" CONTENT="this" WC="0.61" CC="2760" />
            <SP ID="P9_SP00174" WIDTH="0" HPOS="0" VPOS="0" />
            <String ID="P9_S00199" HPOS="1135" VPOS="1919" WIDTH="105" HEIGHT="50" STYLEREFS="StyleId-2" CONTENT="false" WC="0.624" CC="210600" />
            <SP ID="P9_SP00175" WIDTH="0" HPOS="0" VPOS="0" />
            <String ID="P9_S00200" HPOS="1262" VPOS="1920" WIDTH="191" HEIGHT="49" STYLEREFS="StyleId-2" CONTENT="estimate" WC="0.79125" CC="00069000" />
            <SP ID="P9_SP00176" WIDTH="0" HPOS="0" VPOS="0" />
            <String ID="P9_S00201" HPOS="1474" VPOS="1923" WIDTH="48" HEIGHT="46" STYLEREFS="StyleId-2" CONTENT="of" WC="0.755" CC="31" />
            <SP ID="P9_SP00177" WIDTH="0" HPOS="0" VPOS="0" />
            <String ID="P9_S00202" HPOS="1541" VPOS="1922" WIDTH="71" HEIGHT="47" STYLEREFS="StyleId-2" CONTENT="the" WC="0.6166667" CC="047" />
          </TextLine>
          <TextLine ID="P9_TL00026" HPOS="293" VPOS="1980" WIDTH="1319" HEIGHT="59">
            <String ID="P9_S00203" HPOS="293" VPOS="1983" WIDTH="232" HEIGHT="51" STYLEREFS="StyleId-2" CONTENT="incapacity" WC="0.339" CC="810455904109" />
            <SP ID="P9_SP00178" WIDTH="0" HPOS="0" VPOS="0" />
            <String ID="P9_S00204" HPOS="549" VPOS="1983" WIDTH="45" HEIGHT="51" STYLEREFS="StyleId-2" CONTENT="of" WC="0.665" CC="24" />
            <SP ID="P9_SP00179" WIDTH="0" HPOS="0" VPOS="0" />
            <String ID="P9_S00205" HPOS="616" VPOS="1982" WIDTH="71" HEIGHT="52" STYLEREFS="StyleId-2" CONTENT="the" WC="0.72" CC="070" />
            <SP ID="P9_SP00180" WIDTH="0" HPOS="0" VPOS="0" />
            <String ID="P9_S00206" HPOS="708" VPOS="1984" WIDTH="121" HEIGHT="50" STYLEREFS="StyleId-2" CONTENT="black" WC="0.678" CC="64400" />
            <SP ID="P9_SP00181" WIDTH="0" HPOS="0" VPOS="0" />
            <String ID="P9_S00207" HPOS="853" VPOS="1998" WIDTH="105" HEIGHT="36" STYLEREFS="StyleId-2" CONTENT="race," WC="0.708" CC="58000" />
            <SP ID="P9_SP00182" WIDTH="0" HPOS="0" VPOS="0" />
            <String ID="P9_S00208" HPOS="983" VPOS="1985" WIDTH="81" HEIGHT="49" STYLEREFS="StyleId-2" CONTENT="like" WC="0.67" CC="6600" />
            <SP ID="P9_SP00183" WIDTH="0" HPOS="0" VPOS="0" />
            <String ID="P9_S00209" HPOS="1087" VPOS="1986" WIDTH="149" HEIGHT="50" STYLEREFS="StyleId-2" CONTENT="noting" WC="0.483333319" CC="2567010" />
            <SP ID="P9_SP00184" WIDTH="0" HPOS="0" VPOS="0" />
            <String ID="P9_S00210" HPOS="1260" VPOS="1994" WIDTH="142" HEIGHT="42" STYLEREFS="StyleId-2" CONTENT="events" WC="0.936666667" CC="000300" />
            <SP ID="P9_SP00185" WIDTH="0" HPOS="0" VPOS="0" />
            <String ID="P9_S00211" HPOS="1426" VPOS="1990" WIDTH="83" HEIGHT="46" STYLEREFS="StyleId-2" CONTENT="and" WC="0.8233333" CC="050" />
            <SP ID="P9_SP00186" WIDTH="0" HPOS="0" VPOS="0" />
            <String ID="P9_S00212" HPOS="1534" VPOS="1990" WIDTH="78" HEIGHT="46" STYLEREFS="StyleId-2" CONTENT="cir¬" WC="0.5875" CC="0294" />
          </TextLine>
          <TextLine ID="P9_TL00027" HPOS="292" VPOS="2046" WIDTH="1318" HEIGHT="56">
            <String ID="P9_S00213" HPOS="292" VPOS="2054" WIDTH="262" HEIGHT="35" STYLEREFS="StyleId-2" CONTENT="cumstances" WC="0.797" CC="0700084000" />
            <SP ID="P9_SP00187" WIDTH="0" HPOS="0" VPOS="0" />
            <String ID="P9_S00214" HPOS="593" VPOS="2050" WIDTH="47" HEIGHT="39" STYLEREFS="StyleId-2" CONTENT="of" WC="0.62" CC="43" />
            <SP ID="P9_SP00188" WIDTH="0" HPOS="0" VPOS="0" />
            <String ID="P9_S00215" HPOS="676" VPOS="2057" WIDTH="123" HEIGHT="32" STYLEREFS="StyleId-2" CONTENT="merit" WC="0.908" CC="00040" />
            <SP ID="P9_SP00189" WIDTH="0" HPOS="0" VPOS="0" />
            <String ID="P9_S00216" HPOS="837" VPOS="2049" WIDTH="41" HEIGHT="40" STYLEREFS="StyleId-2" CONTENT="in" WC="0.715" CC="50" />
            <SP ID="P9_SP00190" WIDTH="0" HPOS="0" VPOS="0" />
            <String ID="P9_S00217" HPOS="916" VPOS="2051" WIDTH="65" HEIGHT="39" STYLEREFS="StyleId-2" CONTENT="his" WC="0.5966667" CC="650" />
            <SP ID="P9_SP00191" WIDTH="0" HPOS="0" VPOS="0" />
            <String ID="P9_S00218" HPOS="1020" VPOS="2065" WIDTH="151" HEIGHT="27" STYLEREFS="StyleId-2" CONTENT="career." WC="0.741428554" CC="01010060" />
            <SP ID="P9_SP00192" WIDTH="0" HPOS="0" VPOS="0" />
            <String ID="P9_S00219" HPOS="1234" VPOS="2053" WIDTH="171" HEIGHT="48" STYLEREFS="StyleId-2" CONTENT="Indeed," WC="0.86" CC="0900000" />
            <SP ID="P9_SP00193" WIDTH="0" HPOS="0" VPOS="0" />
            <String ID="P9_S00220" HPOS="1445" VPOS="2056" WIDTH="52" HEIGHT="45" STYLEREFS="StyleId-2" CONTENT="he" WC="0.82" CC="30" />
            <SP ID="P9_SP00194" WIDTH="0" HPOS="0" VPOS="0" />
            <String ID="P9_S00221" HPOS="1535" VPOS="2057" WIDTH="75" HEIGHT="44" STYLEREFS="StyleId-2" CONTENT="has" WC="0.74666667" CC="070" />
          </TextLine>
          <TextLine ID="P9_TL00028" HPOS="293" VPOS="2111" WIDTH="1317" HEIGHT="60">
            <String ID="P9_S00222" HPOS="293" VPOS="2115" WIDTH="177" HEIGHT="41" STYLEREFS="StyleId-2" CONTENT="reached" WC="0.8157143" CC="0060600" />
            <SP ID="P9_SP00195" WIDTH="0" HPOS="0" VPOS="0" />
            <String ID="P9_S00223" HPOS="491" VPOS="2129" WIDTH="24" HEIGHT="27" STYLEREFS="StyleId-2" CONTENT="a" WC="0.04" CC="9" />
            <SP ID="P9_SP00196" WIDTH="0" HPOS="0" VPOS="0" />
            <String ID="P9_S00224" HPOS="535" VPOS="2114" WIDTH="113" HEIGHT="52" STYLEREFS="StyleId-2" CONTENT="plain" WC="0.546" CC="04576" />
            <SP ID="P9_SP00197" WIDTH="0" HPOS="0" VPOS="0" />
            <String ID="P9_S00225" HPOS="669" VPOS="2114" WIDTH="141" HEIGHT="52" STYLEREFS="StyleId-2" CONTENT="where" WC="0.798" CC="05040" />
            <SP ID="P9_SP00198" WIDTH="0" HPOS="0" VPOS="0" />
            <String ID="P9_S00226" HPOS="829" VPOS="2114" WIDTH="70" HEIGHT="52" STYLEREFS="StyleId-2" CONTENT="the" WC="0.296666652" CC="677" />
            <SP ID="P9_SP00199" WIDTH="0" HPOS="0" VPOS="0" />
            <String ID="P9_S00227" HPOS="920" VPOS="2131" WIDTH="80" HEIGHT="37" STYLEREFS="StyleId-2" CONTENT="pen" WC="0.803333342" CC="005" />
            <SP ID="P9_SP00200" WIDTH="0" HPOS="0" VPOS="0" />
            <String ID="P9_S00228" HPOS="1021" VPOS="2117" WIDTH="84" HEIGHT="51" STYLEREFS="StyleId-2" CONTENT="will" WC="0.685" CC="0055" />
            <SP ID="P9_SP00201" WIDTH="0" HPOS="0" VPOS="0" />
            <String ID="P9_S00229" HPOS="1128" VPOS="2118" WIDTH="56" HEIGHT="50" STYLEREFS="StyleId-2" CONTENT="do" WC="0.5" CC="010" />
            <SP ID="P9_SP00202" WIDTH="0" HPOS="0" VPOS="0" />
            <String ID="P9_S00230" HPOS="1202" VPOS="2132" WIDTH="120" HEIGHT="36" STYLEREFS="StyleId-2" CONTENT="more" WC="0.7475" CC="0072" />
            <SP ID="P9_SP00203" WIDTH="0" HPOS="0" VPOS="0" />
            <String ID="P9_S00231" HPOS="1339" VPOS="2121" WIDTH="43" HEIGHT="47" STYLEREFS="StyleId-2" CONTENT="in" WC="0.37" CC="75" />
            <SP ID="P9_SP00204" WIDTH="0" HPOS="0" VPOS="0" />
            <String ID="P9_S00232" HPOS="1403" VPOS="2121" WIDTH="207" HEIGHT="47" STYLEREFS="StyleId-2" CONTENT="vindicat¬" WC="0.7644445" CC="062350003" />
          </TextLine>
          <TextLine ID="P9_TL00029" HPOS="292" VPOS="2179" WIDTH="1316" HEIGHT="62">
            <String ID="P9_S00233" HPOS="292" VPOS="2181" WIDTH="76" HEIGHT="52" STYLEREFS="StyleId-2" CONTENT="ing" WC="0.51" CC="4010" />
            <SP ID="P9_SP00205" WIDTH="0" HPOS="0" VPOS="0" />
            <String ID="P9_S00234" HPOS="400" VPOS="2182" WIDTH="65" HEIGHT="51" STYLEREFS="StyleId-2" CONTENT="his" WC="0.6666667" CC="630" />
            <SP ID="P9_SP00206" WIDTH="0" HPOS="0" VPOS="0" />
            <String ID="P9_S00235" HPOS="502" VPOS="2181" WIDTH="122" HEIGHT="52" STYLEREFS="StyleId-2" CONTENT="claim" WC="0.886" CC="00050" />
            <SP ID="P9_SP00207" WIDTH="0" HPOS="0" VPOS="0" />
            <String ID="P9_S00236" HPOS="659" VPOS="2187" WIDTH="45" HEIGHT="46" STYLEREFS="StyleId-2" CONTENT="to" WC="0.645" CC="07" />
            <SP ID="P9_SP00208" WIDTH="0" HPOS="0" VPOS="0" />
            <String ID="P9_S00237" HPOS="738" VPOS="2182" WIDTH="224" HEIGHT="51" STYLEREFS="StyleId-2" CONTENT="manhood," WC="0.73375" CC="00550405" />
            <SP ID="P9_SP00209" WIDTH="0" HPOS="0" VPOS="0" />
            <String ID="P9_S00238" HPOS="1000" VPOS="2183" WIDTH="82" HEIGHT="50" STYLEREFS="StyleId-2" CONTENT="and" WC="0.706666648" CC="053" />
            <SP ID="P9_SP00210" WIDTH="0" HPOS="0" VPOS="0" />
            <String ID="P9_S00239" HPOS="1118" VPOS="2183" WIDTH="54" HEIGHT="50" STYLEREFS="StyleId-2" CONTENT="all" WC="0.296666652" CC="876" />
            <SP ID="P9_SP00211" WIDTH="0" HPOS="0" VPOS="0" />
            <String ID="P9_S00240" HPOS="1207" VPOS="2187" WIDTH="215" HEIGHT="46" STYLEREFS="StyleId-2" CONTENT="manhood" WC="0.61" CC="5077600" />
            <SP ID="P9_SP00212" WIDTH="0" HPOS="0" VPOS="0" />
            <String ID="P9_S00241" HPOS="1458" VPOS="2187" WIDTH="150" HEIGHT="53" STYLEREFS="StyleId-2" CONTENT="rights," WC="0.4242857" CC="37106183" />
          </TextLine>
          <TextLine ID="P9_TL00030" HPOS="289" VPOS="2244" WIDTH="552" HEIGHT="57">
            <String ID="P9_S00242" HPOS="289" VPOS="2246" WIDTH="102" HEIGHT="41" STYLEREFS="StyleId-2" CONTENT="than" WC="0.6" CC="0708" />
            <SP ID="P9_SP00213" WIDTH="0" HPOS="0" VPOS="0" />
            <String ID="P9_S00243" HPOS="416" VPOS="2258" WIDTH="82" HEIGHT="41" STYLEREFS="StyleId-2" CONTENT="any" WC="0.75333333" CC="070" />
            <SP ID="P9_SP00214" WIDTH="0" HPOS="0" VPOS="0" />
            <String ID="P9_S00244" HPOS="522" VPOS="2245" WIDTH="119" HEIGHT="54" STYLEREFS="StyleId-2" CONTENT="other" WC="0.838" CC="00700" />
            <SP ID="P9_SP00215" WIDTH="0" HPOS="0" VPOS="0" />
            <String ID="P9_S00245" HPOS="664" VPOS="2248" WIDTH="177" HEIGHT="51" STYLEREFS="StyleId-2" CONTENT="pursuit." WC="0.81875" CC="07300400" />
          </TextLine>
          <TextLine ID="P9_TL00031" HPOS="345" VPOS="2334" WIDTH="1262" HEIGHT="59">
            <String ID="P9_S00246" HPOS="345" VPOS="2336" WIDTH="61" HEIGHT="40" STYLEREFS="StyleId-2" CONTENT="As" WC="1" CC="00" />
            <SP ID="P9_SP00216" WIDTH="0" HPOS="0" VPOS="0" />
            <String ID="P9_S00247" HPOS="432" VPOS="2350" WIDTH="25" HEIGHT="26" STYLEREFS="StyleId-2" CONTENT="a" WC="1" CC="0" />
            <SP ID="P9_SP00217" WIDTH="0" HPOS="0" VPOS="0" />
            <String ID="P9_S00248" HPOS="480" VPOS="2336" WIDTH="97" HEIGHT="41" STYLEREFS="StyleId-2" CONTENT="field" WC="0.894" CC="00050" />
            <SP ID="P9_SP00218" WIDTH="0" HPOS="0" VPOS="0" />
            <String ID="P9_S00249" HPOS="599" VPOS="2335" WIDTH="126" HEIGHT="51" STYLEREFS="StyleId-2" CONTENT="hand," WC="0.874" CC="00060" />
            <SP ID="P9_SP00219" WIDTH="0" HPOS="0" VPOS="0" />
            <String ID="P9_S00250" HPOS="749" VPOS="2335" WIDTH="67" HEIGHT="51" STYLEREFS="StyleId-2" CONTENT="his" WC="0.423333347" CC="1070" />
            <SP ID="P9_SP00220" WIDTH="0" HPOS="0" VPOS="0" />
            <String ID="P9_S00251" HPOS="840" VPOS="2338" WIDTH="239" HEIGHT="51" STYLEREFS="StyleId-2" CONTENT="reputation" WC="0.794" CC="5000000780" />
            <SP ID="P9_SP00221" WIDTH="0" HPOS="0" VPOS="0" />
            <String ID="P9_S00252" HPOS="1102" VPOS="2339" WIDTH="36" HEIGHT="50" STYLEREFS="StyleId-2" CONTENT="is" WC="0.705" CC="50" />
            <SP ID="P9_SP00222" WIDTH="0" HPOS="0" VPOS="0" />
            <String ID="P9_S00253" HPOS="1165" VPOS="2340" WIDTH="263" HEIGHT="52" STYLEREFS="StyleId-2" CONTENT="established," WC="0.8283333" CC="000060600303" />
            <SP ID="P9_SP00223" WIDTH="0" HPOS="0" VPOS="0" />
            <String ID="P9_S00254" HPOS="1456" VPOS="2345" WIDTH="84" HEIGHT="47" STYLEREFS="StyleId-2" CONTENT="and" WC="1" CC="000" />
            <SP ID="P9_SP00224" WIDTH="0" HPOS="0" VPOS="0" />
            <String ID="P9_S00255" HPOS="1564" VPOS="2346" WIDTH="43" HEIGHT="46" STYLEREFS="StyleId-2" CONTENT="in" WC="0.195" CC="78" />
          </TextLine>
          <TextLine ID="P9_TL00032" HPOS="288" VPOS="2400" WIDTH="1318" HEIGHT="62">
            <String ID="P9_S00256" HPOS="288" VPOS="2401" WIDTH="71" HEIGHT="41" STYLEREFS="StyleId-2" CONTENT="the" WC="0.74666667" CC="070" />
            <SP ID="P9_SP00225" WIDTH="0" HPOS="0" VPOS="0" />
            <String ID="P9_S00257" HPOS="386" VPOS="2416" WIDTH="126" HEIGHT="26" STYLEREFS="StyleId-2" CONTENT="arena" WC="0.686" CC="00087" />
            <SP ID="P9_SP00226" WIDTH="0" HPOS="0" VPOS="0" />
            <String ID="P9_S00258" HPOS="541" VPOS="2404" WIDTH="46" HEIGHT="39" STYLEREFS="StyleId-2" CONTENT="of" WC="0.87" CC="20" />
            <SP ID="P9_SP00227" WIDTH="0" HPOS="0" VPOS="0" />
            <String ID="P9_S00259" HPOS="616" VPOS="2409" WIDTH="234" HEIGHT="46" STYLEREFS="StyleId-2" CONTENT="carpentry," WC="0.603" CC="010000910081" />
            <SP ID="P9_SP00228" WIDTH="0" HPOS="0" VPOS="0" />
            <String ID="P9_S00260" HPOS="880" VPOS="2404" WIDTH="339" HEIGHT="53" STYLEREFS="StyleId-2" CONTENT="blacksmithing," WC="0.6957143" CC="060000050476103" />
            <SP ID="P9_SP00229" WIDTH="0" HPOS="0" VPOS="0" />
            <String ID="P9_S00261" HPOS="1249" VPOS="2407" WIDTH="205" HEIGHT="54" STYLEREFS="StyleId-2" CONTENT="painting," WC="0.816666663" CC="007001403" />
            <SP ID="P9_SP00230" WIDTH="0" HPOS="0" VPOS="0" />
            <String ID="P9_S00262" HPOS="1486" VPOS="2412" WIDTH="120" HEIGHT="49" STYLEREFS="StyleId-2" CONTENT="rock-" WC="0.744" CC="001002" />
          </TextLine>
          <TextLine ID="P9_TL00033" HPOS="292" VPOS="2467" WIDTH="1310" HEIGHT="55">
            <String ID="P9_S00263" HPOS="291" VPOS="2468" WIDTH="206" HEIGHT="49" STYLEREFS="StyleId-2" CONTENT="chiseling" WC="0.5233333" CC="0706045810" />
            <SP ID="P9_SP00231" WIDTH="0" HPOS="0" VPOS="0" />
            <String ID="P9_S00264" HPOS="519" VPOS="2468" WIDTH="82" HEIGHT="49" STYLEREFS="StyleId-2" CONTENT="and" WC="0.303333342" CC="758" />
            <SP ID="P9_SP00232" WIDTH="0" HPOS="0" VPOS="0" />
            <String ID="P9_S00265" HPOS="627" VPOS="2469" WIDTH="190" HEIGHT="48" STYLEREFS="StyleId-2" CONTENT="shaping," WC="0.46125" CC="069745100" />
            <SP ID="P9_SP00233" WIDTH="0" HPOS="0" VPOS="0" />
            <String ID="P9_S00266" HPOS="844" VPOS="2471" WIDTH="81" HEIGHT="46" STYLEREFS="StyleId-2" CONTENT="and" WC="0.733333349" CC="008" />
            <SP ID="P9_SP00234" WIDTH="0" HPOS="0" VPOS="0" />
            <String ID="P9_S00267" HPOS="950" VPOS="2470" WIDTH="38" HEIGHT="47" STYLEREFS="StyleId-2" CONTENT="in" WC="0.375" CC="74" />
            <SP ID="P9_SP00235" WIDTH="0" HPOS="0" VPOS="0" />
            <String ID="P9_S00268" HPOS="1015" VPOS="2471" WIDTH="52" HEIGHT="46" STYLEREFS="StyleId-2" CONTENT="all" WC="0.58" CC="066" />
            <SP ID="P9_SP00236" WIDTH="0" HPOS="0" VPOS="0" />
            <String ID="P9_S00269" HPOS="1092" VPOS="2471" WIDTH="120" HEIGHT="46" STYLEREFS="StyleId-2" CONTENT="other" WC="0.738" CC="05700" />
            <SP ID="P9_SP00237" WIDTH="0" HPOS="0" VPOS="0" />
            <String ID="P9_S00270" HPOS="1235" VPOS="2475" WIDTH="256" HEIGHT="42" STYLEREFS="StyleId-2" CONTENT="mechanical" WC="0.695" CC="0027065044" />
            <SP ID="P9_SP00238" WIDTH="0" HPOS="0" VPOS="0" />
            <String ID="P9_S00271" HPOS="1517" VPOS="2491" WIDTH="85" HEIGHT="27" STYLEREFS="StyleId-2" CONTENT="em-" WC="0.75666666" CC="070" />
          </TextLine>
        </TextBlock>
      </PrintSpace>
    </Page>
  </Layout>
</alto>