1900 2800
756 654 287 45 CHAPTER
1064 655 78 44 IX.

350 828 116 50 May,
502 826 116 52 1888,
649 826 68 52 Rt.
749 825 103 53 Rev.
883 824 70 54 W.
981 823 37 55 J.
1050 821 167 57 Gaines,
1248 821 52 57 D.
1330 821 52 57 D.
1427 833 87 45 was
1543 831 65 47 as¬

292 895 151 52 signed
469 901 46 46 to
538 894 72 53 the
637 892 126 55 Sixth
789 890 228 57 Episcopal
1042 888 190 59 District,
1259 886 222 61 including1
1504 885 103 62 Ala¬

293 962 122 39 bama
454 961 84 40 and
578 958 197 50 Georgia,
815 957 208 51 Alabama
1061 956 161 52 having
1258 955 104 53 been
1403 952 201 56 detached

293 1028 113 39 from
432 1026 71 41 the
528 1032 109 35 state
661 1025 49 42 of
735 1020 184 47 Florida.
979 1021 172 50 During
1175 1021 71 50 the
1270 1017 339 54 administration

294 1095 46 40 of
382 1094 160 49 Bishop
584 1091 154 52 Gaines
778 1104 110 39 were
928 1103 78 40 our
1044 1095 112 48 most
1193 1099 254 44 prosperous
1486 1085 121 58 times

295 1159 251 50 financially.
606 1159 84 50 His
712 1158 92 51 first
827 1157 250 52 conference
1099 1169 86 40 was
1208 1154 97 55 held
1329 1160 42 49 at
1396 1150 212 59 Florence,

297 1228 93 39 Ala.
450 1227 127 40 Revs.
610 1226 68 41 Wl
711 1225 57 42 H.
803 1224 153 43 Mixon
987 1223 83 44 and
1101 1220 46 47 F.
1180 1220 68 47 W.
1282 1220 188 47 Purvear
1499 1231 110 36 were

298 1293 156 40 elected
489 1290 254 43 secretaries.

352 1357 93 41 The
466 1358 155 40 second
642 1357 250 41 conference
911 1369 87 29 was
1019 1353 98 45 held
1139 1360 41 38 at
1203 1352 276 46 Greensboro,
1502 1350 106 48 Ala.,

298 1427 109 38 Nov.
445 1425 100 50 27th
580 1430 47 45 to
661 1423 100 52 Dec.
799 1421 96 54 2nd.
983 1420 127 55 After
1145 1418 71 57 the
1251 1418 122 57 usual
1409 1417 198 58 religious

295 1493 181 39 services
505 1489 236 43 conducted
769 1490 55 48 by
852 1488 73 50 the
952 1487 172 51 Bishop,
1155 1484 72 54 the
1253 1485 78 53 roll
1360 1496 88 42 was
1477 1484 131 54 called

297 1561 55 39 b^
377 1560 68 40 W.
473 1559 57 41 H.
559 1557 167 47 Mixon,
754 1556 159 48 former
939 1559 220 45 secretary,
1185 1554 83 50 and
1292 1551 72 53 the
1390 1549 221 55 following1

294 1623 292 50 organization
612 1632 89 41 was'
723 1620 239 53 perfected:
987 1619 51 54 R.
1065 1619 61 54 M.
1154 1616 154 57 Cheek,
1333 1616 53 57 A.
1412 1615 53 58 A.
1492 1613 114 60 God¬

299 1692 84 40 win
409 1690 84 42 and
516 1690 37 47 J.
585 1687 40 50 S.
656 1687 127 50 Shaw
809 1699 110 38 were
945 1685 157 52 elected
1127 1682 252 55 secretaries.
1439 1679 171 58 Annual

297 1771 168 27 sermon
493 1769 87 29 was
609 1752 213 46 delivered
846 1753 54 45 by
928 1751 102 47 Rev.
1061 1747 46 51 F.
1137 1748 57 50 H.
1225 1746 161 52 Smith;
1411 1752 102 46 text,
1544 1743 60 55 St.

299 1824 106 48 John
438 1822 97 50 19th
560 1819 184 53 chapter,
773 1818 98 54 30th
896 1830 131 42 verse.
1087 1812 171 60 Theme,
1287 1810 119 62 "The
1430 1812 105 60 Plan
1561 1811 47 61 of

298 1885 322 52 Redemption."

352 1953 91 42 The
464 1954 251 41 conference
748 1950 257 45 committees
1039 1946 161 49 having
1232 1946 102 49 been
1370 1942 239 53 appointed,

297 2022 71 40 the
401 2020 167 42 routine
599 2018 47 44 of
679 2016 189 46 business
902 2011 280 51 commenced.
1274 2007 336 55 Introductions:

297 2092 104 40 Rev.
426 2088 143 51 James
591 2085 54 54 A.
671 2083 171 56 Handy,
866 2082 52 57 D.
943 2081 67 58 D.,
1035 2078 192 61 financial
1252 2083 230 56 secretary;
1506 2075 105 64 Rev.

299 2156 46 42 L.
373 2155 30 47 T-
429 2151 178 53 Coppin,
629 2151 51 53 D.
704 2150 66 54 D.,
794 2148 133 56 editor
948 2147 46 57 of
1014 2145 71 59 the
1105 2145 51 59 A.
1182 2144 59 60 M.
1265 2140 48 64 E.
1339 2139 169 65 Church
1530 2140 82 64 Re^

300 2223 121 43 view,
447 2220 85 46 and
558 2219 103 47 Rev.
689 2216 68 50 W.
786 2216 48 50 B.
860 2214 191 52 Derrick,
1079 2212 51 54 D.
1159 2211 67 55 D.,
1254 2216 209 50 secretary
1487 2208 48 58 of
1561 2207 45 59 P.

303 2289 56 40 H.
393 2287 84 42 and
511 2284 45 45 F.
592 2285 60 44 M.
689 2283 178 50 Society.
926 2278 90 55 The
1048 2278 230 55 transfers:
1312 2276 124 57 Revs.
1471 2276 56 57 H.
1562 2275 45 58 C.

298 2354 162 51 Ashley
496 2352 83 53 and
616 2351 54 54 N.
707 2350 47 55 L.
793 2346 290 59 Edmonds'on,
1122 2346 112 59 from
1269 2343 71 62 the
1374 2339 239 66 Tennessee

299 2421 274 46 Conference,
605 2431 86 36 was
722 2412 261 55 announced.

980 2478 21 29 8
1012 2479 10 28 *
