1914 2810
637 296 244 36 AFRICAN
929 297 350 36 METHODISM.

1531 289 87 47 201

488 413 151 32 "Death
663 413 125 32 walks
813 413 97 33 with
934 422 51 24 an
1010 414 114 38 equal
1148 414 125 38 tread,

485 459 54 30 At
560 458 68 31 the
653 458 137 38 palace
815 459 90 37 gate
929 459 77 37 and
1029 458 68 38 the
1121 460 157 38 cottage
1302 459 133 39 shed."

353 526 180 51 Earthly
556 528 136 49 duties
714 542 97 36 may
834 535 190 43 separate
1046 542 72 36 us;
1141 543 63 35 we
1225 543 97 36 may
1343 531 51 48 be
1415 532 206 47 scattered

298 592 114 50 East,
440 593 135 49 West,
603 594 140 48 North
767 595 83 47 and
877 594 149 50 South,
1051 595 75 49 but
1150 611 64 33 we
1237 608 70 36 are
1330 596 165 48 blessed
1519 597 102 47 with

294 661 72 39 the
388 661 296 49 ever-abiding
703 659 111 51 hope
837 659 91 51 that
952 661 271 50 somewhere,
1247 671 42 40 at
1313 677 117 34 some
1451 664 102 47 time
1575 665 44 46 in

294 726 69 41 the
384 725 257 51 providence
659 728 47 48 of
726 726 107 50 God,
854 742 63 34 we
936 742 97 36 may
1053 735 108 43 meet
1180 730 138 49 again.
1352 726 86 53 For
1457 729 163 50 "some¬

294 791 110 50 how,
429 793 274 49 somewhere,
728 801 113 41 must
864 808 64 34 we
951 796 149 46 meet."
1160 795 150 47 Duties
1334 797 84 45 and
1442 796 177 46 circum¬

294 867 165 33 stances
485 860 41 40 in
551 861 71 40 the
646 860 148 42 affairs
820 861 47 41 of
891 875 108 36 men,
1025 875 127 37 many
1176 863 84 49 and
1285 862 183 50 various,
1495 877 125 35 cause

293 926 253 47 separation.
638 926 85 47 But
755 941 99 32 man
885 929 118 44 takes
1034 929 65 44 his
1132 930 145 48 flight;
1308 930 65 48 his
1406 931 212 47 immortal

291 992 133 47 spirit,
451 992 83 47 like
557 1000 106 39 unto
684 1007 53 32 an
762 996 194 48 uncaged
979 994 94 50 bird
1097 995 216 49 lightened
1336 996 47 48 of
1407 997 52 47 its
1482 997 135 51 heavy

293 1059 97 40 load
425 1059 48 41 of
506 1060 130 49 trials,
675 1061 238 48 difficulties
948 1063 84 46 and
1065 1063 266 49 besetments,
1369 1064 171 48 dressed
1574 1065 42 47 in

288 1126 272 41 habiliments
584 1127 46 40 of
653 1127 134 51 glory,
813 1141 103 37 goes
939 1135 45 43 to
1005 1128 72 50 the
1099 1126 191 52 Father's
1313 1128 163 50 throne,
1499 1137 48 41 to.
1566 1131 50 47 be

291 1193 200 40 crowned
529 1194 103 40 with
669 1194 259 50 everlasting
964 1194 189 50 diadems
1191 1197 83 47 and
1312 1196 157 48 eternal
1505 1197 108 50 joys,

290 1259 85 39 and
399 1259 92 40 into
514 1258 71 42 the
608 1259 208 41 beautiful
841 1262 124 40 home
991 1263 47 39 of
1062 1262 70 41 the
1157 1262 105 49 soul,
1289 1263 141 48 where
1454 1277 159 34 sorrow

290 1325 85 40 and
409 1325 175 51 sighing
615 1326 106 50 shall
754 1326 77 50 flee
863 1341 132 36 away.
1058 1326 187 51 Streams
1279 1330 47 47 of
1359 1329 255 51 everlasting

290 1391 73 51 joy
385 1405 71 37 are
476 1391 176 51 flowing
673 1393 115 49 forth
810 1393 112 49 from
942 1393 71 49 the
1031 1394 259 48 testimonies
1311 1397 47 45 of
1377 1394 121 48 those
1517 1396 97 46 who

292 1461 106 37 have
430 1458 112 40 lived
573 1459 82 40 and
689 1459 109 49 died,
829 1461 187 49 trusting
1046 1460 43 50 in
1118 1460 71 50 the
1219 1476 215 34 processes
1465 1464 47 46 of
1541 1461 71 49 the

291 1525 171 40 world's
497 1525 276 51 redemption.
835 1526 104 50 May
972 1528 72 48 the
1076 1528 119 48 work
1228 1528 138 48 which
1399 1528 76 48 has
1508 1530 103 46 been

289 1591 142 45 begun
459 1589 54 51 by
542 1604 79 36 our
647 1591 126 49 noble
799 1592 161 49 heroes,
990 1594 99 47 who
1114 1592 107 49 have
1249 1595 111 46 lived
1388 1596 84 45 and
1501 1596 108 49 died,

288 1670 128 27 never
441 1670 119 27 cease
583 1658 107 40 until
714 1658 118 41 there
853 1660 35 39 is
912 1659 139 49 wiped
1076 1662 112 46 from
1213 1675 79 33 our
1314 1661 99 47 land
1436 1663 70 45 the
1529 1665 79 43 last

289 1722 163 50 vestige
486 1723 47 49 of
566 1722 91 50 that
690 1724 209 49 dreadful,
935 1726 80 47 evil
1048 1726 219 50 prejudice
1300 1727 138 49 which
1471 1729 34 47 is
1538 1729 72 47 the

289 1788 211 51 daughter
529 1789 48 50 of
606 1789 239 50 ignorance,
874 1790 71 49 the
975 1791 266 48 foster-child
1269 1794 47 45 of
1345 1794 264 52 debauchery

287 1869 47 26 an
345 1856 23 39 d
393 1855 92 41 vice
506 1856 83 41 and
608 1856 71 41 the
699 1856 103 41 twin
824 1857 121 41 sister
967 1859 46 40 of
1036 1859 271 49 superstition
1329 1861 83 47 and
1434 1861 117 50 folly.

343 1921 176 50 Bryant,
542 1928 65 43 art
628 1922 104 49 thou
756 1922 136 49 dead?
923 1925 92 46 No!
1041 1924 92 47 No!
1164 1923 157 48 Thrice
1340 1941 139 30 comes
1501 1929 107 42 back

285 1987 72 40 the
378 2001 176 27 answer.
636 1988 90 41 No!
806 1990 335 50 Reverberating
1174 1992 187 50 through
1397 1993 84 49 this
1517 2009 88 33 ma¬

288 2053 134 50 jestic,
444 2052 175 51 historic
640 2055 83 48 and
743 2054 99 52 holy
863 2057 177 49 temple;
1062 2058 83 48 this
1169 2065 94 43 spot
1284 2072 56 36 on
1358 2060 139 48 which
1518 2076 87 32 was

286 2120 104 39 born
416 2119 180 42 African
623 2121 273 51 Methodism,
921 2124 71 48 the
1015 2125 164 51 symbol
1202 2126 48 50 of
1273 2131 96 45 true
1390 2127 213 49 manhood

284 2186 85 40 and
407 2185 283 52 independent
726 2188 195 51 thought.
981 2189 72 50 He
1074 2191 35 48 is
1133 2198 74 41 not
1231 2191 118 50 dead,
1374 2193 75 48 but
1471 2194 132 51 sleep-

286 2250 81 42 eth.
427 2251 84 42 We
534 2266 72 39 say
630 2260 45 45 to
697 2253 111 52 him:
864 2254 122 53 Sleep
1013 2268 66 39 on,
1106 2256 161 51 friend!
1321 2259 78 48 Let
1421 2261 183 54 nothing

285 2319 164 41 disturb
471 2319 76 53 thy
568 2321 194 51 peaceful
786 2322 196 50 slumber.
1044 2321 123 55 Sleep
1205 2325 76 51 on!
1364 2326 122 55 Sleep
1522 2331 78 50 on!

283 2384 80 42 Let
386 2383 74 43 the
482 2384 141 42 voices
649 2387 48 40 of
719 2385 73 42 the
816 2387 215 42 slanderer
1055 2389 84 41 and
1163 2390 218 52 hypocrite
1406 2394 99 52 ring
1528 2403 75 43 out

282 2450 110 46 their
418 2451 97 46 vain
545 2452 282 52 speculations
855 2454 168 55 against
1048 2469 25 40 a
1098 2458 157 53 people'
1272 2459 98 52 who
1394 2458 110 53 have
1530 2476 72 35 en-
