1900 2800
747 303 62 31 IN
843 300 282 35 ALABAMA.

1511 280 86 45 161

276 436 96 25 ness
395 424 84 37 and
502 422 137 40 worth
661 421 71 41 the
753 419 160 43 Alcorn
938 417 172 46 College
1131 414 224 49 conferred
1376 425 115 38 upon
1512 410 88 53 him

274 486 71 41 the
369 488 86 42 LL.
480 488 52 42 D.
558 489 164 46 degree.
784 482 314 53 Ex-Governor
1135 479 249 56 McLaurin,
1421 491 97 44 now
1539 475 58 60 U.

281 554 41 41 vS.
359 554 193 45 Senator,
584 566 87 33 was
701 567 26 32 a
756 550 189 49 member
974 549 48 50 of
1052 548 72 51 the
1152 547 133 52 board
1314 551 44 48 at
1386 544 74 55 the
1486 543 114 56 time.

278 621 76 39 Dr.
377 621 213 48 Lampton
611 620 35 49 is
667 633 54 36 an
742 617 94 52 able
854 614 201 55 preacher
1077 614 46 55 of
1144 618 120 51 great
1286 612 83 57 and
1390 608 210 61 powerful

279 688 238 44 command,
545 687 83 45 and
654 699 44 33 as
725 700 23 32 a
773 683 202 49 platform
1000 688 142 44 orator
1167 678 34 54 is
1229 676 187 56 forcible,
1443 676 161 56 sincere

279 756 84 40 and
387 753 267 48 convincing.
714 749 91 52 The
829 751 133 50 entire
983 745 158 56 church
1165 745 183 56 admires
1371 742 89 59 him
1483 754 45 47 as
1551 741 53 60 he

280 824 36 38 is
350 822 84 40 and
466 820 85 42 will
584 820 51 42 be
666 818 154 44 moved
851 823 45 39 to
927 814 73 48 the
1032 819 178 44 support
1242 811 47 52 of
1321 811 71 52 the
1423 807 182 56 broader

283 889 224 41 standards
524 888 92 42 that
633 887 110 43 have
758 886 105 44 been
881 882 148 48 placed
1047 883 40 47 in
1106 879 67 51 his
1192 892 107 38 care.
1360 878 52 52 In
1430 877 89 53 him
1537 874 67 56 his

283 956 225 41 associates
537 954 85 43 will
650 953 87 44 find
764 966 24 31 a
815 963 132 34 warm
974 947 173 50 hearted
1173 945 185 52 brother,
1386 955 26 42 a
1438 954 168 43 sympa¬

283 1024 162 48 thizing
469 1020 152 52 friend.
683 1018 82 54 His
788 1016 142 56 health
954 1017 46 55 of
1020 1015 113 57 body
1155 1012 84 60 and
1261 1008 131 64 youth
1416 1009 47 63 of
1485 1021 121 51 years

286 1091 84 39 will
401 1088 156 49 doubly
587 1086 154 51 fortify
769 1084 88 53 him
887 1083 70 54 for
984 1081 71 56 the
1084 1080 96 57 task
1207 1078 55 59 he
1290 1090 201 47 assumes,
1522 1074 85 63 and

286 1158 102 39 with
415 1156 71 41 the
511 1153 290 51 co-operation
828 1152 48 52 of
902 1166 24 38 a
953 1149 111 55 loyal
1090 1149 85 55 and
1204 1145 174 59 faithful
1406 1143 201 61 constitu¬

288 1239 115 35 ency,
428 1224 103 50 such
554 1236 45 38 as
622 1222 53 52 he
694 1221 76 53 has
793 1227 42 47 at
857 1218 68 56 his1
945 1217 171 57 service,
1140 1229 64 45 we
1225 1213 182 61 bespeak
1431 1212 69 62 for
1519 1209 90 65 him

287 1294 41 37 in
353 1292 186 39 advance
562 1290 70 41 the
653 1287 170 48 highest
846 1285 194 50 financial
1063 1283 122 52 mark
1209 1295 95 40 ever
1328 1279 178 56 reached
1530 1291 76 44 un¬

289 1360 75 38 der
393 1372 81 34 any
503 1363 94 43 past
626 1353 352 53 administration.

345 1426 75 39 Dr.
440 1425 211 48 Lampton
668 1421 78 52 has
765 1422 157 51 always
940 1420 104 53 been
1062 1429 25 44 a
1105 1425 190 48 success';
1314 1412 53 61 he
1385 1413 85 60 will
1488 1412 53 61 be
1553 1425 59 48 no

290 1496 80 37 less
393 1505 109 28 now.
564 1490 74 43 Dr.
663 1488 216 48 Lamptom
899 1487 34 49 is
956 1499 59 37 no>
1035 1489 190 47 amateur
1249 1481 42 55 in
1313 1480 73 56 the
1407 1478 135 58 world
1565 1475 48 61 of

292 1562 173 38 finance.
527 1558 69 42 He
624 1557 147 48 brings
801 1561 46 44 to
874 1555 65 50 his
971 1552 264 53 department
1264 1548 46 57 of
1339 1548 71 57 the
1439 1545 120 60 work
1587 1559 25 46 a

295 1629 88 47 ripe
416 1627 83 49 and
532 1623 195 53 matured
761 1620 247 56 experience
1041 1618 113 58 from
1186 1615 86 61 like
1300 1619 131 57 trusts
1465 1611 47 65 of
1543 1608 72 68 the

294 1701 105 37 past.
462 1693 125 45 Since
613 1691 101 49 1895
738 1689 52 51 he
810 1688 77 52 has
909 1686 123 54 stood
1052 1692 43 48 at
1116 1684 70 56 the
1206 1681 109 59 head
1335 1680 49 60 of
1403 1677 72 63 the
1495 1682 121 58 great

298 1761 195 40 Masonic
518 1758 142 43 Order
686 1757 42 44 in
753 1756 71 45 the
851 1753 117 48 State
992 1752 46 49 of
1065 1747 272 54 Mississippi,
1363 1744 72 57 the
1459 1744 158 57 largest

297 1829 47 39 of
377 1827 71 41 the
480 1826 104 42 kind
618 1824 46 44 of
698 1836 79 32 our
810 1834 95 34 race
936 1818 162 50 variety
1131 1817 43 51 in
1206 1815 72 53 the
1309 1812 146 56 world.
1547 1810 70 58 In¬

297 1895 163 41 trusted
490 1901 42 35 to
563 1893 66 43 his
661 1904 95 32 care
786 1889 82 47 and
900 1885 262 51 supervision
1194 1882 34 54 is
1259 1898 24 38 a
1307 1892 172 44 'reserve
1511 1878 107 58 fund

298 1965 48 39 of
383 1976 118 28 some
535 1960 193 44 $20,000,
767 1955 124 49 while
928 1953 159 51 during
1121 1950 65 54 his
1223 1948 161 56 service
1419 1947 42 57 in
1498 1944 120 60 office

300 2044 102 26 over
437 2018 209 59 $300*000
679 2022 79 55 has
794 2020 151 57 passed
979 2014 187 63 through
1201 2014 64 63 his
1301 2012 136 65 hands
1473 2017 44 60 to
1549 2009 71 68 the

301 2098 177 39 widows
512 2092 83 45 and
628 2089 185 50 orphans
846 2087 45 52 of
922 2084 83 55 this
1038 2083 135 56 order.
1233 2081 103 58 Last
1367 2090 99 49 year
1497 2076 125 63 high-

302 2174 131 30 water
466 2161 122 43 mark
620 2170 86 34 wras
741 2152 188 52 reached.
990 2151 51 53 In
1072 2147 151 57 twelve
1254 2144 169 60 months
1456 2144 53 60 he
1540 2143 83 61 col¬

289 2229 148 44 lected
464 2227 84 46 and
575 2222 222 51 disbursed
822 2219 189 54 $82,000.
1072 2214 81 59 His
1179 2218 221 55 monetary
1424 2209 202 64 standing

305 2299 41 38 in
374 2297 65 40 his
466 2295 126 42 home
619 2289 84 50 city
728 2288 35 51 is
789 2301 26 38 a
840 2285 225 54 testimony
1091 2281 47 58 of
1164 2281 71 58 the
1262 2277 193 62 financial
1481 2275 145 64 ability

307 2379 44 26 Ol
377 2376 78 29 one
478 2360 108 45 who,
611 2353 293 52 commencing
926 2364 45 41 as
994 2363 25 42 a
1039 2345 131 60 youth
1191 2346 41 59 in
1255 2342 173 63 humble
1449 2343 177 62 circum¬

290 2409 195 75 stances,
513 2427 55 57 by
595 2421 193 63 untiring
815 2430 172 54 energy,
1011 2414 139 70 thrift,
1174 2412 219 72 frugality,
1423 2423 209 61 economy-

399 2494 38 29 11
