1900 2800
283 221 60 46 72

638 223 245 35 AFRICAN
917 212 340 46 METHODISM.

343 336 161 52 Bishop
527 335 210 53 Wayman
761 329 99 59 held
884 327 64 61 his
974 325 79 63 last
1079 318 262 70 Conference
1367 312 69 76 for
1462 307 142 81 North

290 404 219 45 Alabama,
547 400 100 49 Dec.
690 397 95 52 19th
822 401 46 48 to
901 390 113 59 24th,
1056 386 116 63 1883.
1231 380 205 69 Brothers
1473 376 34 73 I.
1544 374 59 75 H.

291 468 150 41 Welch
470 468 83 41 and
580 462 47 47 F.
658 463 68 46 W.
758 461 190 49 Puryear
974 455 85 55 and
1086 452 70 58 W.
1185 448 59 62 H.
1274 446 169 64 Mixon",
1472 454 134 56 secre¬

291 536 139 40 taries.
489 533 225 49 Delegates
753 535 46 47 to
836 525 71 57 the
948 520 180 62 General
1170 515 275 67 Conference,
1489 509 117 73 1884,

294 614 110 28 were
425 600 61 42 M.
508 596 188 46 Edward
717 595 173 47 Bryant,
912 590 33 52 I.
967 589 57 53 H.
1047 584 150 58 Welch
1217 583 84 59 and
1321 580 37 62 J.
1382 579 61 63 M.
1467 575 140 67 Good-

296 668 76 39 loe.
445 665 254 43 Alternates,
730 659 46 49 P.
807 656 206 52 Gardner,
1042 652 54 56 A.
1125 651 69 57 W.
1225 649 202 59 Atwater,
1456 641 50 67 T.
1536 644 68 64 W.

298 731 159 41 Coffee.

353 798 49 39 In
425 795 150 52 giving
592 793 70 54 the
682 796 162 51 reports
865 795 41 52 at
925 786 82 61 this
1029 783 171 64 session,
1223 782 102 65 Rev.
1348 780 63 67 M.
1432 775 49 72 E.
1504 777 105 70 Bry¬

301 869 72 33 ant
412 860 194 51 reported
646 857 69 54 for
752 856 70 55 the
863 852 142 59 Selma
1041 848 177 63 District
1256 847 133 64 alone,
1432 843 49 68 18
1518 855 90 56 new

301 928 203 41 churches
525 923 240 52 organized,
787 920 137 55 which
945 918 171 57 s'howed
1134 915 70 60 the
1223 920 119 55 great
1360 913 188 62 increase
1566 909 47 66 of

302 995 70 40 the
395 991 156 53 Gospel
572 991 47 53 of
642 989 141 55 Christ
805 988 42 56 in
867 987 70 57 the
958 990 130 54 waste
1108 983 137 61 places
1267 980 83 64 and
1371 977 71 67 the
1463 975 149 69 spread

305 1064 46 38 of
373 1073 78 29 our
470 1061 158 41 banner
650 1064 45 38 to
714 1055 70 47 the
804 1056 145 46 breeze
970 1052 45 50 of
1039 1050 122 52 "God
1183 1061 76 41 our
1281 1045 166 57 Father,
1472 1043 141 59 Christ

306 1143 78 26 our
405 1127 244 44 Redeemer,
673 1124 82 47 and
778 1135 97 36 man
898 1134 78 37 our
996 1116 209 55 brother."

361 1196 159 38 Doctor
553 1192 152 42 Arnett
745 1189 118 52 (now
896 1185 202 56 Bishop),
1132 1181 214 60 Financial
1382 1180 227 61 Secretar>,

309 1261 151 41 visited
494 1259 70 43 the
600 1256 273 46 Conference.
933 1253 103 49 Rev.
1074 1250 44 52 C.
1156 1250 54 52 N.
1247 1246 151 56 Harris
1433 1256 85 46 was
1554 1256 61 46 re¬

308 1328 149 53 ported
483 1341 44 40 as
555 1325 251 56 withdrawn
835 1322 111 59 from
973 1319 69 62 the
1069 1316 256 65 connection.
1385 1313 74 68 Dr.
1487 1313 36 68 J.
1554 1310 61 71 M.

310 1394 254 46 Townsend,
599 1391 219 49 Secretary
849 1388 46 52 of
927 1385 216 55 Missions,
1174 1378 150 62 visited
1354 1380 69 60 the
1454 1378 163 62 confer¬

311 1476 112 26 ence.
482 1460 102 42 Rev.
611 1458 69 44 W.
706 1457 52 45 D.
788 1457 172 45 Morton
987 1466 85 36 was
1098 1448 237 54 suspended
1360 1453 41 49 at
1425 1445 82 57 this
1533 1457 83 45 ses¬

311 1530 91 39 sion
422 1528 178 41 because
618 1524 46 45 of
682 1521 70 48 the
772 1518 396 53 misappropriation
1188 1516 46 55 of
1253 1515 149 56 $12.50
1422 1513 44 58 of
1488 1510 131 61 dollar

313 1607 162 37 money.
535 1589 199 55 Trustees
761 1594 44 50 to
831 1585 281 59 Wilberforce
1138 1579 260 65 University,
1425 1579 103 65 Rev.
1558 1576 60 68 M.

313 1659 48 43 E.
393 1660 172 49 Bryant,
594 1657 38 52 J.
665 1656 61 53 M.
759 1652 188 57 Goodloe
976 1652 83 57 and
1090 1650 150 59 Prince
1270 1646 202 63 Gardner.
1531 1640 91 69 The

313 1725 252 49 missionary
594 1734 167 40 sermon
791 1731 88 43 was
907 1716 207 58 preached
1143 1716 55 58 by
1227 1714 103 60 Rev.
1361 1713 53 61 A.
1445 1710 69 64 W.
1544 1709 78 65 At¬

315 1800 140 33 water.
515 1787 123 49 Text,
668 1787 110 51 John
810 1795 21 43 5
849 1784 76 54 .-36,
957 1782 118 56 "The
1104 1782 140 56 works
1273 1781 90 57 that
1393 1779 19 59 I
1443 1779 54 59 do
1525 1778 98 60 bear

315 1860 168 38 witness
505 1857 47 41 of
572 1854 105 44 me."
