1929 2820
302 307 62 45 88

689 321 239 36 AFRICAN
965 325 337 34 METHODISM.

303 427 288 49 appreciation
614 429 90 47 that
728 429 33 47 is
785 429 146 51 placed
954 444 112 39 upon
1091 444 77 39 our
1190 444 93 39 new
1308 430 144 53 school
1476 431 54 52 by
1554 429 70 54 the

305 493 147 50 people
474 493 46 50 of
543 493 152 50 Selma.

361 558 81 40 We
461 560 76 39 ask
555 558 70 43 the
643 567 178 36 trustees
842 562 96 41 who
958 576 71 27 are
1048 570 45 38 to
1110 564 51 44 be
1181 564 156 44 elected
1357 569 42 39 at
1419 563 84 45 this
1524 576 99 32 con¬

309 625 166 41 ference
500 633 45 33 to
569 628 194 41 consider
786 628 71 41 the
885 629 221 52 following
1131 631 433 50 recommendations:

359 691 80 40 We
464 694 268 40 recommend
753 694 91 41 that
869 695 117 41 Prof.
1011 696 69 40 W.
1105 696 48 41 B.
1177 696 206 53 Johnson,
1407 698 52 51 A.
1572 697 50 52 be

306 757 227 41 continued
555 772 44 26 as
625 758 212 53 Principal
859 761 47 50 of
928 762 71 49 the
1021 762 155 49 school,
1201 764 102 47 with
1325 778 52 33 an
1402 764 215 47 increases!

302 822 138 43 salary
462 824 164 53 worthy
647 823 71 54 the
737 826 195 51 position.

359 899 36 28 2.
428 886 109 43 That
565 890 97 43 they
691 898 74 44 put
795 906 22 36 a
846 892 205 50 sufficient
1078 895 177 47 number
1284 896 46 46 of
1358 895 190 47 teachers
1576 903 43 39 to

302 954 57 40 do
382 956 153 50 justice
560 963 43 43 to
628 958 69 48 the
724 957 187 49 children
937 960 83 46 and
1047 960 53 46 do
1125 962 132 44 credit
1281 969 46 37 to
1350 961 71 45 the
1447 964 170 42 denom¬

301 1019 171 42 ination.

357 1098 35 39 3.
424 1084 112 53 That
567 1100 64 37 we
662 1103 80 38 pay
774 1091 71 50 the
875 1092 188 49 teachers
1095 1093 109 48 their
1235 1104 168 43 present
1433 1098 183 49 month's

300 1154 139 43 salary
473 1155 83 42 and
592 1157 123 41 make
749 1157 54 41 all
839 1158 183 51 possible
1055 1170 318 44 arrangements
1411 1164 68 50 for
1514 1164 101 50 each

299 1219 146 41 month
471 1235 45 26 as
541 1222 31 39 it
597 1222 105 41 shall
729 1222 75 42 fall
830 1225 92 41 due.

352 1284 122 41 Your
502 1288 238 42 committee
765 1289 89 41 also
879 1290 131 43 offers
1037 1291 72 42 the
1136 1293 222 55 following
1384 1298 228 50 resolution

298 1351 70 40 for
397 1351 82 42 this
511 1354 272 43 conference:

359 1440 32 29 1.
423 1429 224 52 Resolved,
673 1429 112 52 That
810 1449 64 32 we
898 1433 178 57 heartily
1101 1438 180 52 endorse
1302 1441 71 49 the
1398 1441 139 49 action
1561 1442 49 48 of

294 1495 72 40 the
393 1498 171 50 general
592 1498 132 50 board
754 1501 41 47 in
826 1502 187 54 erecting
1040 1505 84 51 and
1152 1507 188 52 opening
1366 1508 71 51 the
1467 1508 145 54 Payne

296 1560 208 43 Institute.

348 1639 37 28 2.
418 1624 111 45 That
557 1643 63 28 we
648 1632 77 40 ask
751 1632 71 42 the
849 1639 179 38 trustees
1057 1637 123 41 when
1209 1639 157 42 elected
1393 1647 47 35 to
1465 1649 143 48 accept

291 1692 71 42 the
389 1696 202 49 grounds,
620 1696 194 55 building
838 1701 83 50 and
949 1701 53 50 all
1031 1703 253 53 obligations
1311 1721 46 35 as
1384 1706 72 50 the
1481 1722 126 40 prop¬

292 1767 89 45 erty
404 1761 45 51 of
471 1762 70 50 the
564 1763 51 49 A.
642 1764 60 48 M.
728 1763 48 49 E.
803 1764 181 48 Church.

346 1849 35 39 3.
413 1834 112 54 That
548 1840 82 48 this
656 1841 248 47 conference
930 1845 218 52 designate
1172 1863 26 34 a
1222 1849 382 53 "Quarto-centen¬

287 1902 86 41 nial
404 1904 121 52 Day"
560 1906 68 50 for
659 1921 23 35 a
713 1908 152 51 special
897 1911 219 48 collection
1146 1921 44 38 to
1221 1916 51 43 be
1303 1917 138 42 raised
1472 1919 42 42 in
1545 1924 55 38 ail

287 1966 47 41 of
361 1982 79 27 our
468 1969 203 43 churches
703 1971 67 42 for
796 1973 70 42 the
895 1975 155 43 school.

341 2056 37 38 4.
412 2042 109 52 That
548 2045 41 49 in
616 2049 122 45 order
763 2055 46 39 to
833 2052 196 42 establish
1055 2069 24 26 a
1103 2055 168 55 library,
1300 2072 124 40 every
1449 2075 80 37 one
1554 2064 47 48 of

285 2125 49 26 us
364 2113 151 51 pledge
545 2116 212 48 ourselves
787 2123 45 41 to
861 2119 152 45 donate
1041 2128 42 36 at
1113 2123 104 41 least
1246 2139 80 28 one
1353 2129 169 42 volume
1552 2145 48 28 or

286 2191 26 26 a
335 2184 62 33 set
420 2180 48 38 of
490 2180 190 41 volumes
703 2187 45 35 to
770 2182 70 41 the
865 2183 155 53 school,
1045 2189 84 47 and
1153 2190 131 46 invite
1306 2192 142 44 others
1471 2202 46 36 to
1542 2198 55 42 do

282 2243 69 40 the
376 2257 125 27 same.
561 2246 204 43 Volumes
788 2255 45 35 to
853 2250 51 42 be
926 2259 92 33 sent
1040 2259 45 35 to
1106 2255 70 41 the
1197 2258 218 53 principal.

341 2329 33 41 5.
408 2316 110 54 That
544 2323 70 47 the
642 2324 141 46 school
810 2327 159 43 remain
996 2330 134 41 under
1156 2333 70 41 the
1253 2339 265 49 supervision
1546 2343 47 45 of

279 2383 72 42 the
384 2383 280 46 Educational
699 2389 141 43 Board
874 2393 106 41 until
1012 2395 70 41 the
1116 2400 289 50 organization
1440 2405 49 45 of
1520 2407 71 43 the

281 2446 205 47 "Trustee
512 2451 182 44 Board."
