1900 2800
290 290 59 45 94

685 296 246 33 AFRICAN
961 290 322 39 METHODISM

296 422 108 26 were
434 406 204 42 admitted
667 419 53 29 on
750 402 118 46 trial:
899 401 52 47 A.
982 401 37 50 J.
1052 399 211 52 Houston,
1294 396 51 55 R.
1376 393 69 58 W.
1479 391 130 60 Scott,

294 476 35 51 J.
356 474 41 53 S.
424 474 237 53 Anderson,
686 471 60 56 M.
773 470 47 57 B.
845 469 174 58 Bryant,
1042 466 50 61 R.
1119 465 317 62 Montgomery,
1461 458 149 69 Alberc

298 541 135 48 Allen,
465 539 45 50 C.
543 539 52 50 A.
629 536 164 53 Clarke,
823 533 112 56 John
968 530 209 59 Sheffield,
1212 529 40 60 S.
1284 527 69 62 W.
1385 523 227 66 Williams,

300 608 51 39 A.
375 607 50 40 R.
449 605 299 50 Hunnington,
771 603 52 52 A.
845 602 52 53 D.
922 598 205 57 Mitchell,
1149 596 69 59 W.
1244 595 61 60 M.
1330 593 142 62 Craig,
1494 591 48 64 L.
1561 589 48 66 B.

298 674 173 43 Nelson,
498 670 49 47 E.
577 670 48 47 B.
653 666 250 51 Treadwell,
932 666 54 51 N.
1015 665 51 52 R.
1094 661 209 56 Fielding,
1328 660 38 57 J.
1394 656 50 61 T.
1473 656 140 61 Allen,

300 739 40 42 S.
382 740 60 41 M.
482 736 223 46 Hawkins,
743 735 52 47 D.
834 734 50 48 R.
924 730 150 52 Royal,
1116 730 32 52 J.
1186 729 37 53 J.
1262 726 184 56 Jeffries,
1486 724 48 58 B.
1573 723 38 59 J.

297 806 142 50 Craig,
462 803 111 53 John
599 800 219 56 Marshall,
843 800 57 56 H.
927 799 45 57 P.
996 796 234 60 Thurman,
1254 794 50 62 R.
1329 790 50 66 E.
1405 790 209 66 Maddox,

296 874 37 51 J.
366 873 59 52 M.
455 870 188 55 Weeden
672 868 82 57 and
781 868 69 57 W.
882 865 46 60 P.
956 863 166 62 Driver.

354 938 218 42 Ordained
605 936 134 44 elders
772 947 44 33 as
851 933 188 47 follows:
1074 931 56 49 H.
1164 926 49 54 T.
1250 927 191 53 Starkey,
1474 925 56 55 H.
1566 924 45 56 P.

299 1006 166 46 Patton,
490 1003 46 49 C.
562 1003 46 49 C.
632 1000 233 52 Thurman,
891 999 42 53 S.
958 996 49 56 E.
1032 995 223 57 Edwards,
1278 991 153 61 Daniel
1455 991 158 61 Brown

296 1074 83 39 and
404 1069 46 44 F.
476 1071 57 42 H.
562 1069 172 44 Martin.

355 1136 395 54 Supernumeraries
776 1147 111 43 were
909 1130 49 60 E.
986 1132 57 58 H.
1069 1129 238 61 Valentine,
1332 1125 51 65 E.
1408 1127 70 63 W.
1504 1124 107 66 Wil¬

297 1206 134 48 liams,
456 1204 119 50 Prof.
598 1203 70 51 W.
692 1201 58 53 H.
776 1198 204 56 Councill,
1005 1197 119 57 Prof.
1147 1196 70 58 W.
1242 1195 47 59 B.
1313 1194 192 60 Johnson
1529 1191 84 63 and

298 1273 36 50 J.
361 1272 56 51 H.
442 1267 288 56 Underwood.

345 1337 350 52 Superannuated
715 1332 221 57 preachers
952 1347 7 42 :
979 1332 125 57 Revs.
1125 1330 53 59 A.
1199 1328 170 61 Howell
1388 1327 84 62 and
1490 1325 123 64 York

301 1406 171 38 Reeves.

354 1471 103 39 Rev.
480 1470 55 40 H.
559 1469 45 41 C.
628 1468 190 42 Calhoun
839 1480 86 30 was
946 1463 248 47 introduced
1214 1469 45 41 to
1275 1460 70 50 the
1365 1460 249 50 conference

299 1539 83 38 and
411 1536 66 41 led
505 1535 71 42 the
603 1534 181 51 evening
811 1532 232 53 devotions.

354 1602 137 41 There
520 1616 70 27 are
619 1614 23 29 a
672 1607 119 44 great
819 1612 126 39 many
973 1597 214 54 historical
1216 1596 139 55 points
1385 1592 226 59 connected

300 1671 101 39 with
422 1669 82 41 this
527 1669 170 41 session.
758 1667 39 43 It
817 1680 85 30 was
923 1665 98 45 here
1040 1662 90 48 that
1151 1677 63 33 we
1234 1661 174 49 decided
1427 1667 47 43 to
1492 1659 122 51 make

298 1738 70 39 the
387 1736 113 41 third
519 1734 154 43 annual
693 1733 250 44 conference
961 1732 41 45 in
1022 1732 71 45 the
1112 1736 117 42 state,
1250 1743 44 35 as
1314 1729 70 49 the
1406 1727 206 51 followng

302 1804 226 39 resolution
562 1801 223 42 indicates:

356 1871 245 41 WhRkEas,
634 1864 91 48 The
753 1863 338 53 unprecedented
1120 1860 167 56 growth
1318 1862 48 54 of
1394 1860 71 56 the
1493 1859 120 57 Afri¬

301 1952 75 25 can
412 1934 232 43 Methodist
675 1932 225 52 Episcopal
933 1928 169 56 Church
1134 1930 41 54 in
1207 1942 78 42 our
1318 1928 128 56 State,
1479 1928 134 56 under

301 2003 70 40 the
398 2001 186 50 blessing
611 2000 46 51 of
686 1996 222 55 Almighty
938 1995 106 56 God,
1072 1994 76 57 has
1178 1994 202 57 rendered
1410 2006 78 45 our
1516 2006 97 45 con¬

303 2072 189 38 ferences
525 2074 74 36 too
631 2067 117 48 large
784 2066 68 49 for
886 2063 108 52 their
1028 2068 178 47 support
1239 2062 42 53 in
1317 2061 110 54 their
1459 2062 155 53 annual

301 2136 205 48 meetings
533 2134 54 50 by
613 2138 136 46 towns
777 2130 83 54 and
886 2129 115 55 cities
1028 2128 46 56 of
1101 2127 187 57 medium
1317 2126 95 58 size,
1440 2125 173 59 therebv

301 2201 224 51 depriving
545 2198 71 54 the
639 2196 147 56 people
809 2202 41 50 at
872 2196 117 56 large
1012 2193 48 59 of
1081 2192 72 60 the
1175 2193 186 59 salutary
1384 2193 229 59 influences

301 2267 136 41 which
467 2265 165 49 usually
661 2264 142 50 attend
833 2275 76 39 our
940 2260 250 54 conference
1217 2260 230 54 meetings;
1477 2257 133 57 there¬

304 2334 104 42 fore.

352 2397 223 45 Resolved,
596 2393 112 49 That
726 2395 71 47 the
816 2393 139 49 North
973 2392 207 50 Alabama
1199 2391 53 51 A.
1275 2392 61 50 M.
1357 2389 49 53 E.
1430 2392 180 50 Confer¬

303 2478 98 27 ence
435 2463 171 51 appoint
641 2475 23 39 a
697 2458 236 56 committee
967 2458 46 56 of
1045 2455 117 59 three
1194 2462 44 52 to
1272 2456 148 58 confer
1452 2457 102 57 with
1588 2470 22 44 a
