1900 2800
726 668 288 46 CHAPTER
1038 673 146 41 XVII.

767 825 42 43 S.
843 825 47 43 P.
924 826 218 42 PRYOR.

348 899 92 43 The
472 903 166 51 subject
670 903 47 51 of
748 903 83 51 this
865 904 158 50 sketch,
1056 905 104 49 Rev.
1196 905 95 49 Still
1326 906 106 48 Paul
1465 907 137 51 Pryor

293 982 87 26 was
414 969 106 40 born
555 969 42 40 in
633 970 105 40 Pike
772 970 181 53 County,
989 985 126 38 seven
1148 972 119 51 miles
1302 972 233 51 southwest
1568 973 46 50 of

292 1034 129 54 Troy,
440 1037 94 51 Ala.
569 1038 70 50 He
655 1038 34 50 is
707 1038 72 50 the
796 1039 113 49 elder
928 1052 76 36 son
1023 1040 47 48 of
1088 1039 104 49 Rev.
1212 1040 51 48 R.
1286 1039 43 49 S.
1350 1040 147 52 Pryor,
1518 1039 97 53 who

293 1118 86 25 was
404 1104 68 39 for
494 1117 127 39 many
643 1118 121 38 years
787 1111 144 45 pastor
953 1106 47 50 of
1020 1104 76 52 th£
1116 1103 113 53 First
1253 1106 166 52 Baptist
1443 1106 170 52 Church

291 1177 43 33 at
360 1170 309 51 Birmingham,
695 1171 94 50 Ala.
851 1172 70 49 He
945 1186 86 35 was
1056 1173 105 48 born
1186 1172 41 49 in
1255 1172 252 52 Brundidge
1530 1172 84 52 and

292 1244 122 45 spent
432 1238 65 51 his
519 1239 114 51 early
652 1237 76 53 life
746 1253 114 37 upon
880 1240 72 50 the
969 1240 158 51 nearby
1147 1238 246 53 plantation.
1453 1240 60 51 At
1531 1239 85 52 this

291 1304 104 41 time
423 1304 73 42 the
525 1305 143 41 school
699 1312 157 44 system
885 1318 88 38 was
1003 1320 128 38 poor;
1161 1307 215 51 therefore
1402 1305 67 53 his
1500 1307 114 52 early

292 1371 224 41 education
551 1387 87 26 was
673 1385 102 40 very
807 1372 184 53 limited;
1026 1374 75 51 but
1134 1371 103 54 with
1272 1373 99 52 dent
1404 1374 47 51 of
1485 1372 129 53 labor,

291 1439 128 52 pluck
444 1440 84 51 and
553 1439 123 52 push,
702 1439 139 52 which
867 1440 53 51 he
943 1441 76 50 has
1045 1441 213 51 practiced
1283 1441 55 51 all
1364 1442 141 51 along,
1531 1441 84 52 this

290 1521 150 38 young
479 1507 159 52 church
680 1508 223 52 Napoleon
944 1509 171 51 labored
1156 1508 221 52 earnestly.
1438 1509 71 51 He
1547 1523 68 37 ac¬

291 1576 150 51 quired
472 1582 111 45 most
613 1576 47 51 of
691 1575 65 52 his
788 1576 222 51 education
1043 1577 112 50 from
1186 1591 24 36 a
1240 1578 163 50 private
1432 1583 128 45 tutor,
1591 1591 24 37 a

293 1643 84 40 Mr.
399 1643 150 40 Albert
572 1642 138 43 Smith
738 1643 193 53 (white),
954 1644 98 52 who
1072 1645 151 51 spared
1242 1659 59 37 no
1318 1646 120 51 pains
1459 1644 41 53 in
1522 1645 93 53 giv¬

291 1711 76 51 ing
390 1711 65 51 his
481 1711 118 51 pupil
625 1724 126 39 every
776 1712 159 51 needed
960 1711 269 52 preparation
1253 1710 91 53 that
1368 1726 87 37 was
1480 1712 135 52 possi¬

290 1779 78 39 ble.

345 1845 61 41 At
425 1844 72 42 the
515 1859 80 38 age
614 1846 48 51 of
683 1845 206 52 eighteen,
909 1859 148 39 young
1077 1846 135 52 Pryor
1232 1847 153 51 moved
1404 1853 46 45 to
1468 1846 146 52 Union

293 1912 195 53 Springs,
521 1913 94 52 Ala.
678 1910 86 55 For
794 1919 87 46 two
909 1927 121 38 years
1061 1915 52 50 he
1144 1928 86 37 was
1263 1914 220 51 employed
1513 1928 45 37 as
1590 1928 23 37 a

290 1981 218 52 drayman.
569 1981 130 52 After
725 1987 88 46 two
838 1981 134 52 years'
1002 1982 159 51 service
1188 1995 45 38 as
1261 1995 25 38 a
1314 1982 216 51 drayman,
1559 1983 53 50 he

290 2060 87 29 wa;s
398 2049 221 51 employed
639 2055 42 45 at
699 2048 71 52 the
789 2061 177 39 grocery
986 2054 114 46 store
1116 2048 47 52 of
1183 2049 83 51 Mr.
1287 2049 37 51 J.
1349 2047 40 53 S.
1411 2046 198 54 Thomas.

291 2114 72 40 He
384 2120 122 46 spent
527 2112 162 54 several
711 2126 120 40 years
853 2128 45 38 as
920 2128 26 38 a
966 2114 229 52 merchant.

349 2183 49 39 In
425 2182 138 52 April,
595 2181 116 53 1888,
737 2182 54 52 he
816 2195 86 39 was
929 2181 227 53 converted
1183 2181 84 53 and
1293 2181 144 53 joined
1463 2180 71 54 the
1559 2181 53 53 A.

293 2250 62 40 M.
397 2247 50 45 E.
490 2248 187 50 Church,
717 2248 135 50 under
890 2249 72 49 the
1000 2254 215 45 pastorate
1253 2249 47 50 of
1340 2248 103 51 Rev.
1487 2248 126 51 Noah

290 2318 236 48 Davidson,
553 2331 98 35 now
678 2316 228 52 Presiding
929 2314 129 54 Elder
1085 2317 47 51 of
1156 2316 72 52 the
1254 2315 144 53 Ozark
1424 2317 187 51 District.

289 2385 165 52 Young
482 2384 137 53 Pryor
644 2398 87 39 was
759 2383 183 54 licensed
967 2390 46 47 to
1038 2383 154 54 preach
1220 2382 151 55 March
1403 2384 61 53 18,
1496 2385 116 53 1891,

288 2453 56 52 by
366 2452 105 53 Rev.
495 2449 50 56 E.
570 2451 57 54 H.
651 2451 158 54 Dixon,
835 2449 228 56 Presiding
1083 2448 141 57 Elder.
1285 2451 69 54 He
1376 2452 145 53 joined
1542 2452 72 53 the

914 2515 64 30 141
