1915 2810
306 297 58 43 44

659 310 238 35 AFRICAN
934 314 329 33 METHODISM

361 426 102 40 Rev.
498 426 173 42 Charles
704 430 46 41 L.
784 430 152 41 Harris
976 428 119 52 (who
1126 431 33 49 is
1190 444 95 36 now
1316 446 24 34 a
1372 428 249 52 Congrega¬

304 492 129 39 tional
457 493 212 48 minister)
700 508 86 33 was
812 496 155 45 elected
994 495 241 52 Secretary;
1260 495 68 52 the
1353 492 157 55 annual
1535 505 85 42 ser¬

303 571 97 26 mon
438 573 89 26 was
556 560 212 50 preached
803 562 53 48 bv
893 562 102 48 Rev.
1036 562 61 48 M.
1137 562 48 48 G.
1224 560 199 50 Thomas.
1484 557 135 53 Text:

305 625 122 39 Matt.
447 625 116 51 6:33,
585 626 110 50 "But
714 628 97 48 seek
829 640 83 38 you
931 628 70 50 the
1021 629 87 49 first
1128 627 70 51 the
1217 629 206 49 kingdom
1442 628 47 50 of
1510 625 108 53 God'

303 691 83 38 and
420 691 64 39 his
521 692 337 51 righteousness;
894 694 83 49 and
1012 693 53 50 all
1100 693 116 50 these
1250 693 143 51 things
1430 691 105 53 shall
1570 692 51 52 be

302 757 137 39 added
465 765 104 32 unto
593 771 94 37 you.
749 759 57 49 At
833 759 82 49 this
945 758 260 50 Conference
1232 760 103 48 Rev.
1366 759 173 49 Charles
1567 756 49 52 E.

303 821 152 40 Harris
492 825 322 38 recommended
848 825 52 50 by
935 826 69 49 the
1039 825 213 50 quarterlv
1288 825 250 50 conference
1573 823 45 52 of

306 888 155 41 Brown
484 889 171 51 Chapel,
680 890 139 50 Selma
842 890 186 50 Station;
1049 891 103 49 Rev.
1176 889 143 51 Frank
1338 892 205 50 Johnson,
1564 893 51 52 by

301 954 71 39 the
414 956 213 49 quarterly
670 956 250 49 conference
960 957 46 48 of
1048 956 70 49 the
1161 957 231 50 Hamburg"
1434 957 179 50 Circuit;

300 1021 103 40 Rev.
427 1022 68 39 \Y.
519 1022 35 50 J.
581 1021 147 51 Caver,
750 1023 54 50 by
825 1024 71 49 the
917 1024 210 51 quarterly
1152 1023 248 52 conference
1422 1027 44 48 of
1491 1027 126 52 Ivory

301 1086 135 41 Creek
463 1087 170 45 Circuit,
662 1089 83 43 and
771 1089 103 43 Rev.
903 1090 158 42 Robert
1089 1091 205 46 Howard,
1322 1093 45 44 of
1394 1091 201 54 Autauga
1603 1115 11 30 -

300 1155 96 39 ville
432 1155 213 51 quarterly
695 1156 260 50 conference,
1007 1171 109 35 were
1165 1159 201 47 admitted
1403 1173 51 33 on
1505 1160 106 46 trial.

301 1219 124 40 Rc\s.
462 1220 111 51 John
611 1222 59 49 M.
708 1221 201 50 Goodloe,
960 1223 170 52 Wesley
1181 1225 300 52 Montgomery
1530 1227 81 50 and

299 1286 113 40 Wm.
441 1287 51 39 A.
522 1288 102 50 May
629 1288 94 50 field
749 1302 108 36 were
882 1290 123 48 taken
1032 1304 56 38 up
1114 1292 40 50 in
1179 1292 69 50 the
1273 1292 174 50 interval
1473 1295 46 47 of
1543 1295 69 47 the

300 1352 265 42 Conference
597 1356 83 39 and
715 1355 122 50 given
875 1357 129 48 work.
1065 1357 168 53 During
1266 1358 83 52 this
1383 1373 98 38 year
1516 1361 96 50 four

297 1421 47 38 of
368 1434 80 26 our
469 1422 186 39 workers
680 1436 110 26 were
812 1423 177 41 claimed
1012 1425 53 51 by
1090 1425 145 51 death;
1259 1427 187 52 namely:
1470 1428 141 51 James

301 1487 60 40 M.
402 1487 212 48 Madison,
652 1489 74 46 Dr.
763 1490 52 45 A.
853 1490 50 45 R.
943 1490 149 46 Green,
1129 1492 158 44 Robert
1321 1493 176 43 Ventris1
1529 1496 82 40 and

301 1553 111 53 John
451 1555 60 51 M.
549 1555 266 51 Henderson.
877 1557 102 52 May
1013 1558 97 52 they
1146 1565 82 45 rest
1264 1560 112 50 from
1409 1561 109 49 their
1551 1563 57 47 la¬

295 1621 109 39 bors.

440 1740 82 31 "No
545 1749 106 22 more
674 1741 67 31 the
764 1741 146 32 clarion
935 1743 122 31 sound
1081 1752 57 23 we
1162 1745 104 35 hear.

439 1795 192 37 Thrilling
656 1797 95 35 each
778 1796 114 36 heart
916 1798 94 34 with
1037 1798 98 38 hope
1162 1800 75 36 pnd
1264 1801 133 35 fear—

438 1851 81 30 The
544 1851 181 31 warriors
751 1852 93 30 bear
868 1853 66 30 the
960 1853 157 32 victor's
1143 1855 113 36 palm.

436 1906 104 37 High
562 1907 74 36 and
659 1906 131 37 bright
811 1907 39 36 in
872 1908 66 35 the
960 1907 131 39 bright
1112 1910 74 36 and
1211 1910 129 36 better
1360 1912 101 34 land.

436 1961 125 31 There
584 1962 40 30 in
646 1962 67 30 the
738 1962 119 30 realm
882 1963 40 30 of
945 1963 155 31 endless
1126 1965 84 36 day,

434 2016 142 31 Where
599 2016 161 37 Stirling
783 2016 164 37 zephyrs
971 2017 119 37 softly
1113 2019 99 37 play.

435 2071 108 36 They
575 2070 113 37 stand
722 2071 102 36 amid
857 2072 67 35 the
958 2073 168 34 spotless
1159 2075 143 38 throng

431 2125 85 31 And
542 2126 119 30 chant
686 2126 275 37 redemption's
986 2127 199 36 gladsome
1211 2132 132 36 song."

343 2238 101 39 Rev.
485 2236 171 41 Charles
694 2239 45 41 L.
780 2238 151 42 Harris
967 2240 206 50 preached
1210 2242 69 48 the
1315 2243 281 48 Educational

292 2304 187 41 Sermon.
538 2302 182 43 Theme:
748 2304 93 41 "An
868 2303 218 44 Educated
1113 2308 240 54 Ministry."

339 2378 91 42 The
451 2379 164 41 twelfth
639 2382 158 39 session
821 2381 47 40 of
889 2382 71 40 the
981 2382 205 43 Alabama
1211 2383 262 49 Conference
1496 2406 98 27 con¬

287 2447 133 39 vened
451 2453 41 33 at
524 2444 203 43 Emanuel
762 2446 178 50 Church,
976 2450 169 46 Mobile,
1179 2451 106 50 Ala.,
1316 2453 100 48 Dec.
1454 2458 135 47 18-22,
