1900 2800
611 277 249 36 AFRICAN
896 281 344 35 METHODISM.

1550 271 58 43 65

343 395 161 52 Bishop
533 394 212 53 Wayman
772 395 98 52 held
898 397 69 50 the
997 396 70 51 5th
1095 399 154 48 annual
1278 399 158 48 session
1464 398 47 49 of
1537 398 70 49 the

291 464 139 40 North
452 463 210 41 Alabama
682 464 263 40 Conference
965 471 40 33 at
1030 463 152 50 Selma,
1204 465 100 48 Dec.
1332 476 134 40 14-19,
1493 465 114 51 1882.

288 528 91 42 The
406 530 264 40 Conference
695 543 87 27 was
809 530 228 51 organized
1064 530 101 51 with
1191 530 126 51 Revs.
1346 529 44 52 C.
1419 530 47 51 L.
1494 530 113 51 Har¬

288 597 57 40 ris
368 596 84 41 and
476 593 49 44 T.
550 596 69 41 Wl
659 595 162 46 Co'ffee,
859 595 255 46 secretaries.
1174 596 103 45 Rev.
1318 596 61 45 M.
1419 594 188 47 Edward

291 665 160 51 Bryant
475 676 87 40 was
589 661 263 55 Conference
878 662 121 54 Book
1026 661 204 55 Steward.
1290 661 183 55 Visitors
1499 675 110 41 were

290 731 103 39 Rev.
424 729 45 41 C.
499 728 41 42 S.
572 727 149 49 Smith,
752 727 220 52 Secretary
998 728 47 51 of
1070 727 72 52 the
1169 725 301 54 Connectional
1499 725 109 54 Sun¬

292 796 80 51 day
404 794 155 53 School
588 794 158 53 Union,
778 794 57 53 H.
868 793 45 54 C.
946 794 208 53 Calhoun,
1185 793 31 54 I.
1250 793 53 54 N.
1336 790 270 57 Fitzpatrick,

290 861 187 42 Thomas
502 861 218 47 Windsor,
745 861 189 51 January
960 857 186 55 Thomas
1171 860 85 52 and
1280 857 194 55 Godfrey
1497 855 111 57 Tay¬

292 931 62 40 lor
376 930 83 41 and
482 929 113 42 Wm.
622 927 222 44 Bradwell.
905 927 171 44 Annual
1100 940 167 31 sermon
1291 939 87 32 was
1401 922 205 54 preached

292 998 53 51 by
382 996 103 53 Rev.
524 996 33 53 I.
596 995 56 54 H.
691 994 162 55 Welch.
913 990 133 59 Text:
1085 993 151 56 Daniel
1271 1003 136 46 4:1-2,
1446 991 159 58 "Many

294 1063 105 39 shall
435 1076 78 26 run
549 1068 45 34 to
627 1062 83 40 and
747 1061 80 47 fro,
863 1060 83 48 and
995 1058 250 51 knowledge
1294 1057 106 52 shall
1448 1057 51 52 be
1547 1057 61 52 in¬

293 1129 211 42 creased."
535 1129 39 42 It
596 1142 87 29 was
706 1135 42 36 at
769 1128 83 43 this
877 1127 248 44 conference
1146 1127 91 44 that
1259 1123 226 48 Theodore
1504 1124 105 52 Jud-

294 1197 92 39 kins
409 1196 83 40 and
515 1195 68 41 W.
609 1195 56 41 II.
692 1193 153 43 Mixon
868 1206 111 30 were
1000 1192 202 44 ordained
1226 1191 146 45 elders.
1432 1191 103 45 Rev.
1562 1189 45 47 C.

295 1264 45 42 L.
368 1262 153 44 Harris
545 1261 208 52 preached
776 1261 71 52 the
870 1260 251 53 missionary
1146 1272 189 41 sermon;
1360 1264 112 49 text:
1497 1258 112 55 John

299 1341 47 27 12
362 1340 76 40 :32,
461 1328 128 52 "And
611 1328 32 52 I,
667 1328 34 52 if
723 1327 18 53 I
764 1328 51 52 be
834 1326 123 54 lifted
977 1340 70 40 up,
1070 1325 84 55 will
1177 1326 115 54 draw
1313 1323 54 57 all
1389 1338 95 42 men
1507 1330 104 50 unto

294 1397 106 40 me."
458 1392 184 45 Theme:
665 1392 119 45 "The
805 1393 316 44 attractiveness
1143 1393 48 44 of
1210 1391 73 46 the
1303 1392 156 45 cross."
1516 1389 94 48 The

294 1462 90 40 first
417 1461 228 41 resolution
680 1459 176 52 looking
899 1458 164 53 toward
1108 1457 71 54 the
1225 1456 291 55 organization
1564 1454 46 57 of

296 1529 169 50 literary
494 1527 190 52 societies
714 1527 41 52 in
785 1540 77 39 our
892 1526 271 53 conferences
1193 1525 110 54 after
1331 1522 72 57 the
1431 1520 180 59 General

296 1594 263 41 Conference
585 1594 47 41 of
663 1593 102 42 1880
792 1600 42 35 at
863 1592 59 43 St.
951 1592 143 48 Louis,
1123 1591 102 49 Mo.,
1254 1605 87 35 was
1368 1588 164 52 offered
1557 1588 53 52 by

295 1662 69 40 the
389 1662 141 40 writer
555 1661 46 41 of
626 1659 83 43 this
731 1658 177 52 history,
934 1660 84 50 and
1043 1658 121 52 reads
1189 1672 45 38 as
1260 1657 190 53 follows:

351 1739 247 46 Whereas,
629 1735 93 50 The
752 1736 179 49 General
964 1735 261 50 Conference
1254 1735 47 50 of
1330 1733 71 52 the
1430 1733 179 52 African

299 1807 59 40 M.
382 1804 49 44 E.
456 1804 182 49 Church,
662 1805 43 48 in
727 1805 158 48 session
908 1811 42 42 at
973 1802 59 51 St.
1056 1802 144 51 Louis,
1224 1801 103 52 Mo.,
1351 1800 116 53 May,
1494 1798 113 55 1880,

295 1872 183 51 adopted
500 1871 70 52 the
594 1870 98 53 plan
717 1871 47 52 of
788 1868 251 55 organizing
1061 1868 170 55 literary
1255 1865 189 58 societies
1469 1864 42 59 in
1535 1876 78 47 our

299 1938 283 48 conferences,
619 1936 229 53 generally,
884 1936 84 53 and

352 2005 248 48 Whereas,
636 2000 95 53 The
765 2002 220 51 President
1018 2001 48 52 of
1099 2000 71 53 the
1203 1999 157 54 society
1392 1997 75 56 has
1501 2009 111 44 com¬

299 2071 184 41 manded
513 2085 125 37 every
667 2070 191 52 minister
886 2069 42 53 in
957 2068 71 54 the
1058 2070 53 52 A.
1156 2066 62 56 M.
1262 2063 50 59 E.
1358 2061 170 61 Church
1571 2068 43 54 to

297 2140 119 39 write
451 2152 51 27 an
539 2151 121 37 essay
694 2151 54 37 on
782 2134 70 54 the
886 2134 164 54 subject
1085 2130 269 58 designated;
1388 2128 226 60 therefore,

296 2206 51 40 be
372 2205 32 41 it

356 2293 227 49 Resolved,
625 2289 112 53 That
777 2288 211 54 Tuesday,
1030 2289 100 53 Dec.
1178 2284 109 58 19th,
1334 2283 103 59 1882
1478 2290 42 52 at
1565 2294 44 48 11

299 2361 173 46 o'clock,
500 2374 35 33 a.
563 2373 69 34 m.,
659 2359 50 48 be
736 2364 60 43 set
823 2362 119 45 apart
968 2355 68 52 for
1061 2354 72 53 the
1157 2349 290 58 organization
1473 2349 47 58 of
1545 2347 70 60 the

299 2425 304 50 Connectional
629 2425 206 50 Literary,
860 2420 191 55 Historic
1073 2418 85 57 and
1181 2414 279 61 Educational
1482 2414 133 61 Asso-

390 2502 23 31 5
