1900 2800
643 283 241 31 AFRICAN
921 279 341 35 METHODISM.

1517 262 87 43 163

285 390 85 39 and
395 403 302 36 perseverance
722 388 75 51 has
824 388 124 51 taken
974 386 239 53 advantage
1238 383 46 56 of
1309 383 71 56 the
1405 393 204 46 commer¬

285 456 80 40 cial
394 456 309 50 opportunities
732 453 292 53 surrounding
1050 450 100 56 him.
1210 450 71 56 He
1307 451 36 55 is
1372 448 136 58 worth
1535 452 76 54 not

286 525 81 38 less
397 524 103 39 than
531 523 145 40 fifteen
705 520 214 43 thousand
949 533 47 30 or
1025 524 158 42 twenty
1212 515 214 51 thousand
1456 514 154 52 dollars

287 591 41 38 in
351 590 83 39 fine
455 591 86 38 real
563 595 142 34 estate.
765 584 92 45 The
877 587 90 42 best
988 591 226 44 argument
1233 583 91 52 that
1344 582 53 53 he
1417 579 98 56 who
1534 578 76 57 has

288 657 233 41 succeeded
552 657 42 41 in
626 654 65 44 his
724 668 96 30 own
852 653 149 45 affairs
1033 652 49 46 of
1110 665 61 33 no
1199 648 121 50 small
1353 647 258 51 dimensions

287 724 77 41 has
389 724 71 41 the
486 723 144 49 ability
655 728 46 44 to
725 733 169 39 assume
918 724 299 48 management
1243 729 100 43 over
1367 713 71 59 the
1464 713 147 59 affairs

291 793 47 39 of
370 791 154 41 others.

347 859 172 39 Besides
543 856 163 49 having
726 853 187 52 attained
936 852 213 53 eminence
1172 851 42 54 in
1238 846 158 59 church
1418 848 86 57 and
1528 846 85 59 fra¬

292 927 133 40 ternal
454 924 157 47 circles,
642 923 75 48 Dr.
747 922 211 49 Lampton
988 919 34 52 is
1051 933 26 38 a
1104 916 235 55 successful
1366 925 248 46 newspaper

294 1008 111 26 man.
465 993 70 41 He
570 992 76 42 has
682 991 110 43 been*
826 988 70 46 for
932 985 162 49 several
1130 998 122 36 years
1290 983 136 51 editor
1461 981 47 53 of
1543 980 72 54 the

296 1060 257 47 Pathfinder,
583 1073 27 34 a
636 1055 172 52 journal
837 1055 48 52 of
914 1054 209 53 influence
1149 1052 43 55 in
1220 1051 66 56 his
1315 1049 171 58 section.
1546 1046 70 61 He

295 1129 75 40 has
396 1143 24 27 a
444 1139 133 31 warm
602 1131 94 43 spot
721 1124 43 50 in
788 1123 65 51 his
877 1121 122 53 heart
1025 1121 68 53 for
1116 1118 198 56 brethren
1338 1117 48 57 of
1410 1115 72 59 the
1506 1113 111 61 craft

296 1195 83 40 and
405 1193 69 42 the
500 1191 253 49 latcbstring
778 1190 48 50 of
849 1188 67 52 his
942 1186 304 54 headquarters
1273 1183 84 57 will
1384 1184 157 56 always
1566 1181 51 59 be

297 1262 138 41 found
460 1261 194 49 hanging
681 1265 75 45 out
781 1264 47 46 to
852 1257 127 53 them.
1039 1255 75 55 Dr.
1144 1254 215 56 Lampton
1384 1251 85 59 will
1498 1263 120 47 serve

298 1329 106 40 until
439 1339 116 37 1904,
584 1328 75 48 but
688 1326 32 50 it
748 1324 35 52 is
813 1323 157 53 certain
999 1321 92 55 that
1119 1321 53 55 he
1200 1318 86 58 will
1314 1319 52 57 be
1394 1315 222 61 re-elected

298 1396 178 40 without
498 1393 253 51 opposition,
774 1390 141 54 unless
936 1388 54 56 he
1011 1386 154 58 should
1186 1386 143 58 prefer
1347 1392 48 52 to
1413 1386 52 58 be
1485 1383 134 61 called

297 1470 46 33 to
364 1462 71 41 the
455 1461 134 42 bench
613 1460 46 43 of
683 1457 182 50 Bishops
888 1457 42 50 in
952 1454 71 53 the
1044 1453 168 54 natural
1234 1451 126 56 order
1381 1452 47 55 of
1450 1460 168 47 promo¬

299 1530 100 40 tion.
