1935 2823
302 190 89 49 204
638 205 248 38 AFRICAN
932 209 347 38 METHODISM.

300 307 134 43 dured
461 325 26 27 a
513 312 211 44 servitude
775 316 71 40 the
871 324 110 35 most
1010 319 249 50 degrading,
1288 319 84 50 and
1401 334 25 35 a
1454 321 164 49 slavery

300 375 137 40 which
475 391 87 27 was
600 393 136 28 worse
772 379 102 44 than
913 383 280 42 death—"the
1231 399 94 28 sum
1364 387 49 40 of
1450 388 54 39 all
1542 388 75 40 vil¬

298 440 162 52 lainy!"
520 443 178 53 Naught
723 460 77 36 can
826 449 162 47 disturb
1012 465 108 36 your
1144 451 194 50 peaceful
1364 453 196 48 slumber.

438 527 70 33 "O!
538 529 118 33 What
678 531 35 32 is
737 532 142 34 death?
929 535 79 32 'Tis
1031 535 103 34 life's
1157 537 79 32 last
1260 538 126 38 shore,

437 573 143 32 Where
609 576 170 32 vanities
808 586 67 24 are
903 580 92 31 vain
1023 588 51 24 no
1103 583 123 30 more!

436 617 143 33 Where
609 619 53 31 all
691 623 175 36 pursuits
894 624 106 35 their
1029 626 88 36 goal
1146 627 152 38 obtain;

437 662 85 32 And
547 662 69 33 life
640 665 34 31 is
700 666 51 31 all
776 669 212 32 retouched
1012 671 134 37 again;

434 706 144 33 Where
604 708 40 32 in
672 710 105 32 their
802 711 132 39 bright
961 715 145 35 results
1135 715 101 35 shall
1263 718 90 38 rise,

435 750 213 41 Thoughts,
671 754 139 39 virtue,
832 757 254 41 friendships,
1109 761 122 37 griefs
1252 763 77 35 and
1350 763 123 39 joys."

352 832 193 50 Inspired
577 835 53 49 by
662 836 71 48 the
762 837 75 47 life
868 839 47 45 of
946 839 82 45 this
1061 849 120 42 great
1212 857 111 35 man,
1357 846 82 46 this
1471 848 140 44 leader

294 911 157 38 among
483 901 174 50 leaders,
693 904 267 50 generations
994 907 98 47 who
1124 910 84 44 will
1241 920 69 41 yet
1343 925 121 36 come
1495 928 115 38 upon

292 964 68 41 the
389 971 118 47 stage
533 967 46 51 of
605 969 83 49 this
715 978 118 42 great
860 973 307 51 amphitheatre
1192 978 148 49 world,
1367 980 86 47 will
1481 995 129 39 grasp

289 1029 70 42 the
384 1034 140 39 sword
550 1035 47 39 of
621 1035 161 52 liberty,
810 1040 182 51 equality
1018 1044 82 47 and
1127 1043 153 50 justice
1303 1048 84 45 and
1413 1049 191 50 religion,

288 1099 96 47 and,
407 1098 270 54 Caesar-like,
698 1104 86 48 will
802 1119 128 33 never
950 1107 54 45 let
1025 1122 68 36 go,
1114 1110 74 48 but
1209 1112 84 46 will
1315 1113 65 45 die
1400 1116 101 42 with
1523 1116 83 42 this

288 1164 242 48 implement
559 1169 47 43 of
634 1170 182 42 warfare
845 1172 42 40 in
916 1173 126 49 hand,
1073 1176 183 52 fighting
1286 1180 68 48 for
1382 1182 71 46 the
1481 1183 124 45 value

286 1231 47 40 of
359 1232 152 41 dollars
528 1234 6 39 !
581 1232 85 43 For
687 1236 72 42 the
780 1239 124 41 value
926 1241 47 40 of
996 1243 234 41 manhood!
1278 1243 87 44 For
1384 1246 74 42 the
1479 1251 123 40 value

286 1298 46 40 of
355 1298 157 42 human
537 1301 147 41 blood!
718 1303 133 44 "L,ive
873 1307 223 51 peaceably
1119 1310 101 48 with
1244 1311 67 51 all,
1339 1314 32 48 if
1395 1315 205 48 possible;

285 1362 33 40 if
342 1370 86 44 not,
454 1364 127 53 fight!
642 1365 150 56 Fight!
854 1370 18 51 I
898 1380 142 45 repeat
1064 1374 268 54 it—Fight!"
1393 1380 80 48 Die
1497 1381 99 47 with

285 1444 106 36 your
410 1434 140 46 sword
570 1435 42 45 in
633 1436 124 50 hand,
781 1437 168 52 leaving
968 1442 69 47 the
1058 1444 130 45 result
1209 1444 100 45 with
1334 1444 105 45 God.
