1946 2831
784 278 55 32 IN
875 279 282 36 AIvABAMA.

1564 276 61 47 97

305 377 47 39 of
371 378 71 40 the
462 378 52 41 A.
538 381 59 41 M.
621 380 48 45 E.
693 381 171 45 Church
885 400 116 28 owns
1022 391 261 48 twenty-five
1300 391 212 48 thousand
1535 396 90 43 dol¬

304 445 96 40 lars'
427 449 137 38 worth
591 449 44 39 of
662 458 210 43 property.

366 512 264 42 Montevallo
668 529 86 27 was
796 518 69 41 the
905 519 118 52 place
1064 522 247 53 designated
1338 527 68 48 for
1443 527 179 56 holding

305 577 70 40 the
406 580 193 41 electoral
631 582 171 52 college,
834 583 98 53 July
967 598 32 38 I,
1037 588 113 49 1891.

360 642 199 46 Trustees
587 648 69 41 for
679 650 71 40 the
776 651 143 52 Payne
945 652 166 52 School,
1138 657 68 47 W.
1234 658 56 46 H.
1319 661 164 49 Mixon,
1510 663 38 51 J.
1577 662 41 52 S.

307 710 140 51 Shaw,
479 713 50 48 R.
564 715 60 46 M.
674 697 231 71 Cheek,'F.
940 721 46 47 B.
1034 723 235 52 Moreland,
1304 724 48 51 G.
1384 728 69 47 W.
1499 730 121 45 Wat¬

304 790 89 33 son,
421 779 37 51 J.
489 780 60 50 M.
582 779 227 52 Goodlove,
855 787 46 44 L.
948 786 202 45 Gardner.
1211 792 209 51 Laymen:
1464 793 49 50 E.
1557 797 57 46 H.

302 844 129 41 Poole
458 847 83 41 and
570 848 45 41 P.
647 849 45 42 C.
723 850 226 44 Christian.
1009 855 280 45 Wilberforce
1316 867 200 36 trustees:
1547 863 69 42 W.

301 910 56 41 H.
390 912 165 50 Mixon,
586 911 49 51 T.
666 916 68 46 W.
767 917 148 45 Coffee
943 922 82 41 and
1056 920 45 44 F.
1133 924 47 41 B.
1212 926 235 43 Moreland.
1507 930 109 53 Lay¬

299 989 119 28 men:
453 977 169 44 Samuel
653 983 117 53 King
800 988 83 48 and
912 987 45 49 C.
989 989 46 47 B.
1066 987 167 56 Taylor.

354 1044 103 42 Rev.
493 1045 45 42 F.
575 1048 46 41 B.
659 1050 224 43 Moreland
916 1070 86 26 was
1036 1058 155 40 elected
1224 1066 210 37 treasurer
1466 1064 45 40 of
1545 1065 70 42 the

299 1109 241 43 Preachers'
575 1114 85 43 Aid
696 1116 177 55 Society.
936 1121 68 50 He
1037 1127 193 48 reported
1262 1127 150 48 $68.00
1443 1130 170 45 balance

297 1176 39 40 in
365 1177 70 42 the
459 1186 203 47 treasury.

352 1242 89 43 The
476 1249 237 42 committee
748 1254 227 50 appointed
1009 1262 43 42 to
1087 1259 146 45 confer
1267 1260 102 44 with
1404 1263 207 42 Alabama

299 1311 253 44 Committee
572 1316 42 39 in
636 1318 215 41 reference
871 1328 46 33 to>
937 1323 303 56 re-districting
1261 1328 69 51 the
1355 1327 115 52 State
1492 1346 50 33 so
1561 1347 45 32 as

294 1384 46 33 to
363 1379 111 40 form
498 1381 72 40 the
590 1382 113 41 third
727 1387 249 42 conference
999 1404 84 27 was
1109 1406 43 27 as
1179 1392 188 43 follows:
1394 1396 123 42 Revs.
1545 1399 61 40 M.

294 1442 49 43 E.
381 1445 172 52 Bryant,
590 1449 67 48 W.
695 1450 55 47 H.
790 1452 165 52 Mixon,
992 1455 51 49 A.
1081 1457 46 47 L.
1166 1458 129 51 Scott,
1332 1462 45 47 L.
1416 1461 191 48 Gardner

293 1512 84 38 and
414 1510 45 42 F.
498 1514 56 40 H.
595 1515 149 42 Smith.

347 1575 92 43 The
466 1579 78 40 last
572 1583 248 42 conference
849 1587 44 40 of
920 1587 82 42 this
1031 1590 334 44 administration
1395 1611 93 26 was*
1508 1598 96 42 held

290 1642 42 40 in
357 1643 155 43 Brown
537 1646 171 55 Chapel,
735 1650 151 52 Selma,
910 1653 92 49 Ala.

345 1706 91 45 The
466 1712 89 41 first
584 1716 160 40 session
775 1719 44 38 of
850 1718 69 41 the
952 1720 139 43 Selma
1119 1737 47 28 or
1199 1725 166 42 Central
1396 1729 208 44 Alabama

290 1776 262 44 Conference
573 1788 85 34 met
681 1790 41 33 at
746 1784 257 55 Demopolis.
1064 1787 89 52 The
1176 1794 148 45 reader
1344 1796 47 43 of
1413 1797 82 42 this
1517 1798 86 41 his¬

287 1850 95 45 tory
414 1846 85 49 will
533 1848 175 47 observe
739 1849 90 46 that
861 1852 71 43 the
963 1855 203 44 historian
1199 1860 145 52 begins
1377 1869 45 43 to
1453 1867 147 45 record

290 1909 69 41 the
388 1910 151 54 doings
567 1915 48 49 of
640 1916 71 48 the
736 1916 112 48 third
876 1922 249 42 conference
1151 1925 40 41 in
1220 1926 69 41 the
1318 1927 127 52 State,
1473 1945 122 34 num¬

284 1977 150 52 bering
462 1980 82 49 this
575 1993 80 36 one
684 1984 47 45 of
759 1985 69 44 the
858 1984 225 54 "Threes,"
1114 1991 102 47 viz.:
1246 1992 70 46 the
1344 1992 138 46 Three
1510 1998 89 40 He¬

283 2043 114 41 brew
424 2045 210 46 Children,
660 2048 68 43 the
754 2051 113 53 Holy
892 2051 293 57 Trinity—the
1210 2058 166 53 Father,
1404 2061 87 50 Son
1516 2067 82 44 and

285 2110 115 52 Holy
437 2111 290 51 Ghost—"the
762 2131 89 31 sun,
888 2133 125 30 moon
1049 2124 82 41 and
1167 2127 147 48 stars,"
1352 2127 95 48 "the
1481 2132 117 43 thrie

281 2184 120 43 great
428 2179 135 48 colors
591 2181 41 46 in
659 2182 70 45 the
755 2186 226 41 rainbow."

338 2252 104 44 This
477 2259 250 42 conference
759 2276 85 27 was
880 2267 227 51 organized
1156 2270 52 51 by
1255 2272 72 49 the
1373 2273 67 48 Rt.
1489 2276 104 45 Rev.

280 2320 161 42 Abram
467 2323 144 46 Grant,
636 2325 51 44 D.
712 2327 51 42 D.

333 2395 92 45 The
452 2403 154 40 second
634 2405 159 40 session
820 2420 87 27 was
934 2407 96 42 held
1058 2410 41 40 in
1127 2410 251 45 Emmanuel
1407 2414 181 45 Church.

279 2465 171 51 Mobile,
474 2467 107 51 Ala.,
610 2469 108 49 Nov.
744 2482 53 36 22
820 2477 43 41 to
886 2473 64 49 26,
980 2475 114 49 1893.
1124 2476 180 48 Officers
1330 2481 45 43 of
1399 2480 68 44 the
1492 2498 96 26 con-
