1906 2804
761 256 57 31 IN
852 254 286 36 ALABAMA.

1534 242 85 44 101

300 359 109 49 Ala.,
445 360 111 48 Nov.
590 360 65 48 28,
687 367 46 41 to
762 360 101 48 Dec.
898 372 36 40 3,
972 361 115 52 1894.
1148 361 67 52 Rt.
1250 361 104 52 Rev.
1387 361 53 52 A.
1475 360 146 53 Grant,

299 426 52 40 D.
381 427 68 49 D.,
478 428 236 51 president;
743 428 104 51 Rev.
877 428 51 51 R.
958 428 53 51 D.
1042 428 178 51 Brooks,
1246 428 115 51 chief
1389 435 232 45 secretary;

298 493 105 42 Rev.
425 494 51 41 R.
497 495 37 51 J.
558 495 167 51 Patton,
747 494 221 52 assistant;
989 496 103 50 Rev.
1114 494 50 52 E.
1185 496 69 50 W.
1276 496 85 50 Lee
1379 496 85 50 and
1483 496 51 50 R.
1558 496 61 50 M.

299 560 179 49 Cheeks,
507 563 47 46 of
584 560 198 53 Georgia,
811 563 84 50 and
923 563 69 50 W.
1023 563 58 50 H.
1113 562 166 51 Mixon,
1325 563 47 50 P.
1416 561 64 52 E.,
1523 576 98 37 con¬

298 627 154 40 ducted
475 626 72 42 the
572 627 242 41 devotional
839 629 220 41 exercises.

352 693 76 41 Dr.
461 694 69 40 W.
565 694 48 40 B.
646 693 194 51 Derrick,
872 695 252 53 missionary
1157 702 222 46 secretary,
1411 694 208 54 preached

294 758 73 42 the
387 761 189 40 national
601 758 331 56 Thanksgiving
955 776 180 38 sermon,
1164 760 60 54 St.
1251 763 121 51 Luke
1394 761 74 54 9th
1493 762 126 53 chap¬

294 832 63 35 ter
372 842 8 34 ;
403 834 104 43 text,
531 828 102 51 49th
657 828 85 51 and
766 828 99 52 50th
888 843 154 37 verses.

351 905 24 41 7
391 907 65 39 :30
478 909 39 38 p.
543 909 54 38 m.
623 895 72 52 the
717 896 157 51 annual
898 910 168 37 sermon
1090 911 87 36 was
1202 898 208 51 preached
1433 898 55 52 by
1512 898 105 52 Rev.

294 960 50 43 R.
372 962 61 41 M.
460 962 177 49 Cheeks,
661 963 48 48 of
731 962 188 50 Atlanta,
945 962 75 50 Ga.
1079 964 41 48 A
1144 965 165 51 logical,
1336 964 176 52 forcible
1533 964 84 52 and

292 1025 151 54 highly
483 1028 248 51 instructive
769 1029 255 52 missionary
1063 1029 174 52 address
1276 1044 88 37 was
1405 1029 212 52 delivered

292 1094 56 52 by
369 1095 76 51 Dr.
467 1095 70 51 W1.
561 1095 48 51 B.
633 1095 191 51 Derrick.
885 1096 71 50 He
976 1110 109 38 gave
1106 1111 50 37 us
1180 1098 67 50 for
1269 1112 26 36 a
1315 1104 156 44 motto:
1495 1095 119 53 "The

295 1159 156 53 Gospel
473 1161 41 51 in
537 1160 54 52 all
611 1162 72 50 the
701 1161 176 51 world,"
900 1176 47 36 or
969 1160 120 52 "The
1108 1163 135 49 world
1265 1164 69 48 for
1356 1162 154 50 Christ,
1533 1164 83 48 and

295 1227 143 41 Christ
458 1228 69 40 for
544 1228 72 41 the
633 1228 175 42 world."
870 1229 105 41 Mrs.
996 1229 76 41 Dr.
1094 1228 44 43 C.
1161 1227 43 46 S.
1221 1229 142 44 -Smith
1382 1244 87 29 was
1489 1245 26 28 a
1531 1229 85 44 vis¬

297 1294 82 39 itor
407 1300 46 34 to
480 1294 70 40 the
592 1295 251 40 conference
885 1296 84 39 and
1012 1297 267 50 represented
1321 1295 71 52 the
1437 1295 174 54 Sunday

301 1359 155 43 School
484 1360 146 42 Union
660 1362 275 52 department,
965 1361 42 53 in
1034 1363 71 51 the
1132 1363 177 51 absence
1335 1364 47 50 of
1407 1362 77 52 her
1511 1363 100 51 hus¬

295 1426 126 49 band,
445 1427 100 48 who
565 1440 87 35 was
676 1428 43 47 in
742 1427 162 48 Africa.

350 1493 222 40 Admitted
607 1507 55 26 on
697 1494 117 40 trial:
850 1494 190 41 Andrew
1078 1495 169 49 Nevels,
1284 1496 159 48 Larkin
1481 1495 131 52 Scott,

294 1558 168 54 George
488 1560 166 52 Harris,
683 1560 172 52 Samuel
882 1560 130 52 Scott,
1040 1562 105 50 Paul
1171 1562 295 51 Zimmerman,
1494 1564 113 49 Wm.

295 1626 136 51 Pyles,
470 1623 189 54 Thomas
695 1626 226 51 Williams,
960 1629 144 48 Moses
1141 1628 224 49 Williams',
1402 1630 111 51 John
1552 1630 57 51 H.

293 1692 115 50 Hall,
437 1692 174 50 Charles
637 1691 47 51 F.
711 1693 115 49 Hall,
854 1694 132 52 Perry
1011 1695 49 51 R.
1089 1694 214 52 Goodson,
1328 1696 113 50 Wm.
1468 1697 142 51 Jones,

292 1760 152 52 Henry
473 1761 241 51 Mcllwain,
745 1760 207 52 Marshall
982 1762 198 50 Montrie,
1210 1762 174 50 Charles
1413 1764 56 48 H.
1499 1764 112 48 Rus-

291 1828 87 48 s'ell,
406 1827 38 52 J.
474 1827 50 52 R.
556 1827 190 53 Phillips,
778 1828 107 52 Silas
914 1829 48 51 L.
992 1829 224 51 Williams,
1246 1829 145 53 Sandy
1420 1831 187 51 Hamlin,

291 1892 101 44 Geo.
426 1894 301 53 Washington,
761 1893 46 54 F.
843 1895 44 52 C.
923 1895 211 52 Seamore,
1165 1896 184 53 Jackson
1383 1897 227 52 Crawford

290 1961 85 40 and
396 1960 57 41 H.
477 1959 53 42 O.
552 1959 177 53 Height.

342 2027 225 41 Ordained
594 2028 203 41 deacons:
826 2029 224 52 Benjamin
1078 2029 181 52 Bonner,
1291 2029 118 52 Scott
1434 2030 174 52 Jordan,

292 2104 106 42 Paul
424 2102 49 44 T.
500 2103 195 52 English,
722 2105 148 50 Oliver
894 2106 145 49 Davis,
1066 2107 33 48 I.
1127 2106 45 49 C.
1201 2107 218 49 Kennedy,
1447 2108 158 48 Larkin

292 2170 132 51 Scott,
450 2171 139 52 Julius
616 2172 69 51 W.
714 2171 134 52 Wblf,
875 2172 52 51 A.
956 2172 68 51 W.
1054 2173 168 50 Bristoe
1247 2174 84 49 and
1356 2173 52 50 A.
1438 2174 169 49 Nevels.

346 2238 150 40 Dollar
536 2250 154 41 money
731 2238 208 53 reported,
980 2239 232 53 $2,340.78.
1272 2239 245 53 Daughters
1559 2242 47 50 of

291 2304 264 43 Conference
579 2306 189 41 societies
795 2306 113 41 from
933 2306 224 53 following
1180 2307 162 52 places':

345 2373 157 40 Brown
533 2372 171 53 Chapel,
736 2372 307 53 Selma—Mrs.
1073 2373 57 52 H.
1159 2372 69 53 W.
1260 2374 203 51 Mitchell,
1492 2389 114 38 pres¬

287 2441 139 48 ident;
448 2441 38 51 J.
511 2438 50 54 E.
585 2440 228 52 Anderson
835 2447 221 46 secretary,
1080 2440 175 53 $10.00;
1276 2441 50 52 R.
1351 2442 52 51 D.
1428 2442 177 54 Brooks,

286 2512 157 48 pastor.
