1900 2800
284 125 61 48 26

638 130 242 35 AFRICAN
918 126 347 39 METHODISM.

289 255 75 48 lor,
391 254 90 49 also
504 252 138 51 Lewis
669 249 204 54 Mitchell,
899 260 79 43 one
1003 246 47 57 of
1074 244 71 59 the
1169 239 219 64 stewards,
1413 235 72 68 the
1510 240 99 63 con¬

289 320 226 50 gregation1
548 331 87 39 was
671 314 225 56 dismissed
943 312 44 58 in
1037 310 124 60 order
1208 309 55 61 by
1312 302 133 68 Elder
1493 293 116 77 John

288 383 208 41 Turner."

478 457 123 32 First
625 454 206 35 official
855 454 140 35 board
1018 449 54 40 of
1095 448 94 41 th^
1215 443 205 46 mission.

767 520 172 46 Sflma,
972 518 125 48 Ala.,
1132 515 175 51 August
1339 521 65 45 31,
1441 504 117 62 1867.

348 591 118 41 "The
497 590 168 42 Official
697 587 143 45 Board
870 586 49 46 of
948 584 73 48 the
1048 581 182 51 African
1264 580 61 52 M.
1358 575 51 57 E.
1443 570 172 62 Church

300 657 230 54 (formerly
554 655 46 56 of
625 655 72 56 the
723 653 61 58 M.
811 649 50 62 E.
889 647 196 64 Church)
1117 651 87 60 met
1226 645 44 66 in
1294 642 111 69 their
1428 641 119 70 place
1569 639 46 72 of

294 725 199 49 worship.
553 719 93 55 The
682 718 187 56 meeting
906 729 87 45 was
1033 713 164 61 opened
1234 710 103 64 with
1374 722 152 52 prayer
1562 708 55 66 by

293 790 132 44 Elder
448 788 114 52 John
588 784 180 56 Turner,
796 785 111 55 after
932 780 140 60 which
1098 779 182 61 Brother
1308 776 140 64 Philip
1477 774 137 66 Smith

295 857 138 41 stated
451 856 91 42 that
561 867 80 31 one
659 853 47 45 of
723 852 74 46 the
813 850 163 52 objects
995 848 47 54 of
1060 848 73 54 the
1149 845 189 57 meeting
1354 857 88 45 was
1460 850 47 52 to
1522 842 97 60 take

295 926 92 39 into
408 921 311 44 consideration
741 918 71 47 the
834 916 177 49 relation
1033 915 92 50 that
1146 914 71 51 the
1240 912 158 53 church
1419 911 85 54 had
1527 924 91 41 sus¬

296 991 144 39 tained
473 996 46 34 to
551 987 72 43 the
656 987 104 43 Rev.
798 985 211 49 McCrary
1044 995 44 39 as
1123 982 108 52 their
1267 982 160 52 former
1460 985 155 49 pastor,

298 1064 76 34 etc.
433 1056 131 42 After
594 1069 25 29 a
652 1054 80 44 full
763 1053 85 45 and
880 1052 92 46 free
1001 1047 277 53 interchange
1307 1047 48 53 of
1386 1047 129 53 views
1546 1045 70 55 be¬

298 1131 136 34 tween
465 1123 72 42 the
565 1121 212 46 brethren,
809 1118 143 52 Philip
982 1115 139 55 Smith
1150 1115 153 55 moved
1332 1114 91 56 that
1452 1127 24 43 a
1505 1125 112 45 com¬

300 1191 143 39 mittee
472 1188 46 42 of
546 1195 86 35 two
659 1187 51 43 be
738 1183 229 55 appointed
993 1190 44 48 to
1065 1182 99 56 wait
1193 1195 55 43 on
1276 1181 103 57 Rev.
1411 1180 84 58 Mr.
1527 1178 92 60 Mc¬

300 1258 137 50 Crary
464 1257 85 51 and
573 1255 161 53 inform
774 1254 89 54 him
890 1252 48 56 of
976 1252 73 56 the
1086 1249 167 59 change
1292 1248 124 60 made
1455 1246 55 62 by
1549 1245 72 63 the

301 1326 173 48 church,
493 1323 85 51 and
596 1323 131 51 invite
743 1321 88 53 him
848 1327 48 47 to
911 1320 51 54 be
979 1324 170 50 present
1167 1316 102 58 with
1289 1329 50 45 us
1356 1321 44 53 at
1418 1327 24 47 3
1461 1313 160 61 o'clock

300 1408 40 38 p.
374 1407 69 39 m.,
479 1390 185 56 Sabbath
701 1388 245 58 September
996 1399 33 47 1,
1079 1384 286 62 Sacramental
1411 1382 206 64 occasion.

303 1458 188 43 Carried.

812 1519 304 42 "Committee:

1103 1584 170 43 "Louis
1305 1583 259 44 Mitchfli,,

1104 1649 180 41 "Cimbo
1307 1650 154 48 JONFS.

358 1724 189 40 "Moved
571 1722 54 49 by
651 1720 221 51 Buyannie
895 1716 193 55 Johnson
1112 1715 93 56 that
1228 1715 74 56 the
1325 1712 131 59 Elder
1481 1713 52 58 be
1557 1724 62 47 re¬

302 1792 176 51 quested
497 1797 45 46 to
561 1788 154 55 extend
736 1801 25 42 a
780 1784 159 59 cordial
958 1783 223 60 invitation
1201 1788 44 55 to
1265 1781 72 62 the
1358 1778 158 65 church
1537 1779 84 64 and

302 1856 305 55 congregation
626 1861 44 50 to
690 1852 143 59 attend
851 1851 71 60 the
942 1849 213 62 quarterly
1175 1848 251 63 conference
1446 1860 53 51 on
1520 1850 102 61 next

304 1924 202 49 Monday.
569 1919 213 54 Carried."
