1917 2812
740 671 289 47 CHAPTER
1056 676 122 42 XVI.

590 848 136 46 REV.
747 849 50 45 T.
819 853 69 42 W.
912 852 249 54 COFFEE,
1182 855 53 51 D.
1257 858 68 50 D.,

350 935 93 44 The
470 939 167 52 subject
666 940 46 51 of
741 940 84 51 this
854 942 146 49 sketch
1030 958 87 33 was
1146 946 105 45 born
1281 947 42 44 in
1353 947 266 44 Lauderdale

297 1005 180 53 County,
506 1007 221 51 Alabama,
754 1008 102 54 July
880 1009 88 53 4th,
999 1010 117 52 1853,
1143 1014 84 48 and
1253 1014 142 48 eleven
1422 1029 122 38 years
1571 1017 47 50 of

293 1073 65 40 his
384 1073 73 41 life
480 1088 88 27 was
591 1083 122 43 spent
736 1090 45 36 as
805 1091 25 35 a
853 1076 128 50 slave.
1040 1079 139 47 When
1205 1081 128 45 about
1357 1083 117 52 eight
1496 1097 121 40 years

294 1140 70 39 old
389 1140 54 41 he
467 1154 88 28 was
581 1142 126 41 taken
735 1143 112 40 from
870 1143 66 42 his
963 1146 166 41 mother
1153 1154 46 35 to
1222 1148 100 41 wait
1346 1161 55 29 on
1426 1150 65 40 his
1517 1151 100 40 mis¬

293 1213 121 44 tress,
452 1209 85 48 and
571 1223 127 39 many
734 1211 195 51 cruelties
965 1226 112 36 were
1111 1214 187 48 inflicted
1333 1230 55 32 on
1421 1215 90 47 him
1548 1218 67 44 for

292 1275 146 51 nearly
460 1275 100 51 four
580 1289 134 38 years.

349 1340 72 42 He
440 1341 86 41 had
547 1357 25 26 a
593 1342 153 41 horror
768 1345 48 39 of
838 1344 178 54 slavery,
1040 1347 85 51 and
1147 1360 74 38 ran
1245 1348 65 50 off
1331 1350 85 48 and
1438 1357 112 41 went
1572 1357 45 41 to

292 1406 71 41 the
391 1407 148 41 Union
568 1423 121 39 army
716 1411 150 51 before
891 1412 55 50 he
972 1427 88 35 was
1087 1421 71 41 ten
1185 1429 121 39 years
1335 1416 83 52 old,
1446 1417 77 51 but
1548 1417 66 51 his

292 1482 157 34 master
479 1477 125 50 plead
633 1476 104 51 with
767 1477 72 50 the
869 1479 162 48 officers
1062 1481 85 46 and
1177 1495 54 32 on
1262 1490 180 37 account
1471 1485 47 42 of
1546 1485 68 42 his

291 1555 91 38 age,
401 1541 69 52 his
486 1550 157 43 master
662 1557 87 36 was
769 1545 179 48 allowed
965 1553 46 40 to
1027 1548 97 45 take
1140 1546 89 47 liim
1247 1549 107 44 back
1370 1548 129 45 home
1516 1564 55 29 on
1589 1565 25 28 a

289 1609 186 51 promise
499 1610 91 50 that
613 1609 54 51 he
691 1612 143 48 would
858 1618 109 42 treat
990 1611 88 49 him
1103 1614 344 53 kindly—which
1472 1631 142 38 prom¬

290 1675 60 40 ise
364 1674 56 41 he
435 1676 34 40 is
488 1675 92 41 said
596 1683 46 34 to
658 1678 110 40 have
784 1678 101 51 kept
903 1679 71 50 for
990 1682 161 47 several
1168 1680 304 49 months'—but
1489 1681 124 48 when

288 1742 73 40 the
377 1741 198 43 Yankees
593 1758 113 28 were
723 1758 113 38 gone
852 1746 85 50 and
955 1747 67 49 far
1041 1760 120 39 away
1178 1748 73 51 the
1268 1748 162 51 Doctor
1448 1763 96 39 says
1560 1750 54 52 he

289 1821 111 38 gave
431 1808 89 51 him
552 1823 25 36 a
609 1822 146 37 severe
786 1810 221 53 whipping
1037 1813 84 50 and
1152 1814 127 49 made
1305 1812 90 51 him
1427 1816 185 51 promise

286 1888 132 28 never
441 1882 46 34 to
511 1889 79 27 run
616 1889 123 40 away
764 1878 101 51 with
891 1878 198 51 Yankees
1115 1880 139 52 again.

342 1938 107 44 This
469 1942 85 42 and
573 1944 116 40 cruel
707 1950 225 35 treatment
953 1945 112 41 from
1083 1943 67 44 his
1170 1947 190 41 mistress
1380 1947 123 42 made
1521 1947 89 42 him

286 2009 74 40 the
385 2023 121 27 more
533 2009 262 42 determined
821 2017 42 36 to
891 2012 125 41 make
1042 2013 177 42 another
1245 2020 177 46 attempt
1447 2021 47 45 to
1521 2014 88 52 free

286 2075 186 41 himself.
533 2074 98 42 One
658 2076 82 53 day
764 2076 66 53 his
856 2078 190 51 mistress
1071 2077 247 52 threatened
1341 2078 90 51 him
1457 2079 104 50 with
1586 2095 24 34 a

287 2155 147 28 severe
452 2141 224 54 whipping
693 2145 85 50 and
797 2151 61 44 s'et
875 2143 74 52 the
963 2144 125 51 time;
1108 2146 251 49 meanwhile
1375 2145 56 50 he
1450 2154 75 45 got
1539 2148 73 51 the

287 2210 110 52 baby
417 2216 46 46 to
484 2210 112 52 sleep
618 2211 85 51 and
725 2225 87 37 was
835 2217 91 45 sent
949 2212 67 50 for
1038 2224 25 38 a
1084 2212 132 50 brush
1236 2219 47 43 to
1302 2213 104 52 k^ep
1426 2213 73 52 the
1520 2214 89 51 flies

286 2276 64 40 off
372 2276 48 40 of
441 2277 101 40 him.
604 2276 70 41 He
695 2284 113 33 went
829 2277 74 41 but
923 2291 132 29 never
1075 2279 212 41 returned.
1348 2279 71 41 He
1439 2281 170 42 became

286 2356 53 27 an
364 2342 164 52 orphan
554 2341 124 53 when
703 2342 180 52 thirteen
910 2357 47 37 or
983 2344 195 50 fourteen
1203 2359 119 37 years
1349 2346 47 50 of
1420 2360 80 40 age
1525 2348 83 52 and

286 2423 87 27 was
411 2410 79 40 left
527 2410 269 41 surrounded
834 2409 102 43 with
974 2423 102 39 very
1114 2411 278 51 unfavorable
1430 2415 177 47 circum¬

284 2482 165 35 stances
467 2477 42 40 in
529 2490 126 39 every
673 2490 107 39 way.

907 2541 74 32 137
