1900 2800
755 579 286 44 CHAPTER
1064 579 78 44 XI.

347 738 93 43 The
468 739 146 42 fourth
642 737 156 44 annual
826 735 278 53 proceedings
1134 734 47 54 of
1208 731 72 57 the
1310 729 168 59 Central
1508 727 103 61 Ala¬

291 810 124 40 bama
433 808 274 45 Conference,
726 806 98 47 held
843 805 42 48 in
907 802 153 51 Selma,
1080 802 101 51 Dec.
1200 812 27 41 4
1245 806 45 47 to
1307 799 101 54 Dec.
1429 797 37 56 8,
1491 796 116 57 1895.

293 875 201 41 Officers:
520 873 69 43 Rt.
616 873 103 43 Rev.
744 871 54 45 A.
825 869 147 47 Grant,
998 869 52 47 D.
1077 868 68 48 D.,
1172 866 228 51 Presiding
1424 863 184 54 Bishop:

293 942 103 40 Rev.
420 941 51 41 R.
495 939 52 43 D.
572 939 178 48 Brooks,
773 941 231 46 secretary;
1026 935 104 52 Rev.
1153 933 69 54 W.
1247 932 47 55 B.
1317 931 204 56 Johnson,
1545 942 66 45 as¬

294 1010 150 39 sistant
477 1013 223 44 secretary.
760 1005 84 52 Mr.
882 1003 174 54 Charles
1093 1000 195 57 Stewart,
1322 1000 49 57 of
1405 996 190 61 Chicago

295 1076 70 40 the
401 1075 150 51 Negro
584 1069 304 57 stenographer
935 1069 84 57 and
1065 1079 248 47 newspaper
1360 1077 110 49 man,
1520 1077 88 49 was

294 1141 126 40 made
443 1139 72 42 the
539 1138 150 43 official
716 1135 305 53 stenographer
1046 1135 47 53 of
1117 1132 73 56 the
1212 1132 263 56 conference.

352 1209 102 40 Rev.
488 1208 38 51 J.
561 1207 57 52 H.
654 1204 219 55 Davidson
908 1202 211 57 delivered
1151 1201 70 58 the
1254 1199 155 60 annual
1443 1211 169 48 sermon

297 1275 112 41 from
440 1275 70 41 the
541 1273 223 51 following
793 1277 112 47 text:
938 1269 206 55 "Having
1172 1267 214 57 therefore
1415 1264 197 60 obtained

295 1342 97 52 help
419 1342 46 52 of
492 1339 106 55 God,
628 1341 19 53 I
674 1340 197 54 continue
896 1343 105 51 unto
1023 1336 83 58 this
1133 1336 81 58 day
1239 1334 248 60 witnessing
1510 1328 101 66 both

295 1417 44 34 to
360 1411 71 40 the
453 1409 120 42 small
594 1409 84 42 and
697 1408 70 43 the
788 1406 322 51 great."—Acts
1133 1404 143 53 26:22.

352 1477 100 39 Dec.
475 1487 38 38 4,
536 1482 43 43 at
604 1486 47 39 12
673 1473 172 52 o'clock,
868 1471 69 54 the
959 1471 167 54 funeral
1148 1470 47 55 of
1216 1482 79 43 our
1317 1468 150 57 Senior
1489 1466 125 59 Bish¬

297 1557 68 38 op,
394 1543 68 52 Rt.
492 1542 104 53 Rev.
625 1541 53 54 A.
708 1540 69 55 W.
806 1539 224 56 Wayman,
1060 1548 89 47 wasf
1173 1536 98 59 held
1297 1536 43 59 in
1369 1535 244 60 Baltimore,

298 1609 91 41 Md.
450 1608 95 42 Our
568 1606 228 53 Presiding
817 1605 161 54 Bishop
1001 1602 273 57 telegraphed
1296 1602 72 57 the
1391 1601 225 58 following

298 1691 215 38 message:

297 1745 107 42 REV.
424 1745 40 51 J.
485 1744 70 52 W.
577 1743 223 53 Beckett,
822 1741 190 55 Buthel
1029 1739 54 57 A.
1107 1739 62 57 M.
1189 1736 53 60 E.
1265 1737 217 59 CHURCH,
1500 1737 115 59 Bal¬

353 1817 185 41 timore,
565 1809 88 49 Md.
671 1822 8 36 :

354 1876 92 42 The
478 1876 168 42 Central
676 1875 209 43 Alabama
914 1872 263 46 Conference
1218 1873 137 45 unites
1399 1872 102 46 with
1543 1872 72 46 the

299 1945 137 41 whole
466 1942 170 44 Church
666 1941 42 45 in
738 1940 230 52 mourning
980 1983 6 9 _
1008 1941 72 51 the
1122 1939 84 53 loss
1250 1940 48 52 of
1340 1952 80 40 our
1464 1939 151 53 Senior

300 2012 172 51 Bishop,
507 2011 52 52 A.
592 2010 69 53 W1.
694 2010 223 53 Wayman.
977 2007 160 56 Regret
1167 2021 71 42 my
1269 2007 190 56 inability
1489 2013 47 50 to
1564 2008 51 55 be

299 2084 180 47 present.
1294 2073 54 58 A.
1384 2072 172 59 Grant.

356 2145 159 52 Bishop
540 2143 136 54 Grant
697 2143 34 54 is
754 2156 101 41 very
877 2139 254 58 methodical
1154 2141 46 56 in'
1220 2141 54 56 all
1297 2143 48 54 of
1367 2140 66 57 his
1456 2141 157 56 church

300 2213 130 40 work.
491 2210 82 44 See
592 2211 99 43 how
711 2208 54 46 he
786 2207 190 53 explains
999 2207 70 53 the
1093 2208 214 52 "Dollar,"
1332 2207 139 53 which
1494 2209 120 52 gives

299 2285 121 46 great
445 2277 276 54 information
746 2276 128 55 along
899 2288 78 43 our
1003 2274 175 57 "Dollar
1205 2275 159 56 Money
1393 2274 167 57 System

915 2350 61 31 104
