<?xml version="1.0" encoding="utf-8"?>
<alto xmlns:xlink="http://www.w3.org/1999/xlink" xmlns:xsi="http://www.w3.org/2001/XMLSchema-instance" xsi:schemaLocation="http://www.loc.gov/standards/alto/ns-v2# http://www.loc.gov/standards/alto/alto-v2.0.xsd" xmlns="http://www.loc.gov/standards/alto/ns-v2#">
  <Description>
    <MeasurementUnit>pixel</MeasurementUnit>
    <sourceImageInformation>
      <fileName>0166.tif</fileName>
    </sourceImageInformation>
    <OCRProcessing ID="Processing">
      <ocrProcessingStep>
        <processingStepSettings>Image Resolution:400</processingStepSettings>
        <processingSoftware>
          <softwareCreator>I2S Kirtas</softwareCreator>
          <softwareName>Limb</softwareName>
          <softwareVersion>1.0</softwareVersion>
          <applicationDescription>Abbyy10 OCR Engine</applicationDescription>
        </processingSoftware>
      </ocrProcessingStep>
    </OCRProcessing>
  </Description>
  <Styles>
    <TextStyle ID="StyleId-0" FONTSIZE="9" FONTFAMILY="Times New Roman" />
    <TextStyle ID="StyleId-1" FONTSIZE="7" FONTFAMILY="Times New Roman" />
  </Styles>
  <Layout>
    <Page ID="P165" PHYSICAL_IMG_NR="165" HEIGHT="2800" WIDTH="1899" ACCURACY="0.7436561" QUALITY_DETAIL="219 words, 1017 chars, 780 with recognition greater than 50% (76.70%)">
      <TopMargin ID="P165_TM00001" HPOS="0" VPOS="0" WIDTH="1899" HEIGHT="572" />
      <LeftMargin ID="P165_LM00001" HPOS="0" VPOS="572" WIDTH="271" HEIGHT="1824" />
      <RightMargin ID="P165_RM00001" HPOS="1633" VPOS="572" WIDTH="266" HEIGHT="1824" />
      <BottomMargin ID="P165_BM00001" HPOS="0" VPOS="2396" WIDTH="1899" HEIGHT="404" />
      <PrintSpace ID="P165_PS00001" HPOS="271" VPOS="572" WIDTH="1362" HEIGHT="1824">
        <TextBlock ID="P165_TB00001" HPOS="719" VPOS="566" WIDTH="428" HEIGHT="55">
          <TextLine ID="P165_TL00001" HPOS="727" VPOS="574" WIDTH="412" HEIGHT="40">
            <String ID="P165_S00001" HPOS="727" VPOS="571" WIDTH="288" HEIGHT="47" STYLEREFS="StyleId-0" CONTENT="CHAPTER" WC="0.6142857" CC="0206754" />
            <SP ID="P165_SP00001" WIDTH="0" HPOS="0" VPOS="0" />
            <String ID="P165_S00002" HPOS="1038" VPOS="570" WIDTH="100" HEIGHT="48" STYLEREFS="StyleId-0" CONTENT="XX." WC="0.826666653" CC="140" />
          </TextLine>
        </TextBlock>
        <TextBlock ID="P165_TB00002" HPOS="273" VPOS="742" WIDTH="1360" HEIGHT="1654">
          <TextLine ID="P165_TL00002" HPOS="310" VPOS="749" WIDTH="1268" HEIGHT="37">
            <String ID="P165_S00003" HPOS="310" VPOS="758" WIDTH="171" HEIGHT="42" STYLEREFS="StyleId-0" CONTENT="PROF." WC="0.526" CC="60772" />
            <SP ID="P165_SP00002" WIDTH="0" HPOS="0" VPOS="0" />
            <String ID="P165_S00004" HPOS="505" VPOS="754" WIDTH="312" HEIGHT="46" STYLEREFS="StyleId-0" CONTENT="COUNCILL" WC="0.8375" CC="00000047" />
            <SP ID="P165_SP00003" WIDTH="0" HPOS="0" VPOS="0" />
            <String ID="P165_S00005" HPOS="838" VPOS="751" WIDTH="67" HEIGHT="49" STYLEREFS="StyleId-0" CONTENT="IN" WC="0.625" CC="42" />
            <SP ID="P165_SP00004" WIDTH="0" HPOS="0" VPOS="0" />
            <String ID="P165_S00006" HPOS="927" VPOS="742" WIDTH="310" HEIGHT="58" STYLEREFS="StyleId-0" CONTENT="IOWA—AT" WC="0.7557143" CC="0000907" />
            <SP ID="P165_SP00005" WIDTH="0" HPOS="0" VPOS="0" />
            <String ID="P165_S00007" HPOS="1259" VPOS="742" WIDTH="73" HEIGHT="58" STYLEREFS="StyleId-0" CONTENT="CL" WC="0.305" CC="58" />
            <SP ID="P165_SP00006" WIDTH="0" HPOS="0" VPOS="0" />
            <String ID="P165_S00008" HPOS="1334" VPOS="741" WIDTH="37" HEIGHT="59" STYLEREFS="StyleId-0" CONTENT="A" WC="1" CC="0" />
            <SP ID="P165_SP00007" WIDTH="0" HPOS="0" VPOS="0" />
            <String ID="P165_S00009" HPOS="1378" VPOS="736" WIDTH="155" HEIGHT="64" STYLEREFS="StyleId-0" CONTENT="RIND" WC="0.98" CC="0000" />
            <SP ID="P165_SP00008" WIDTH="0" HPOS="0" VPOS="0" />
            <String ID="P165_S00010" HPOS="1536" VPOS="733" WIDTH="42" HEIGHT="67" STYLEREFS="StyleId-0" CONTENT="A" WC="1" CC="0" />
          </TextLine>
          <TextLine ID="P165_TL00003" HPOS="716" VPOS="826" WIDTH="450" HEIGHT="44">
            <String ID="P165_S00011" HPOS="716" VPOS="821" WIDTH="450" HEIGHT="51" STYLEREFS="StyleId-0" CONTENT="CHAUTAUQUA." WC="0.7754545" CC="54000036004" />
          </TextLine>
          <TextLine ID="P165_TL00004" HPOS="338" VPOS="916" WIDTH="1269" HEIGHT="38">
            <String ID="P165_S00012" HPOS="338" VPOS="923" WIDTH="94" HEIGHT="42" STYLEREFS="StyleId-0" CONTENT="The" WC="0.42" CC="1070" />
            <SP ID="P165_SP00009" WIDTH="0" HPOS="0" VPOS="0" />
            <String ID="P165_S00013" HPOS="457" VPOS="921" WIDTH="201" HEIGHT="44" STYLEREFS="StyleId-0" CONTENT="Clarinda" WC="0.87875" CC="17000000" />
            <SP ID="P165_SP00010" WIDTH="0" HPOS="0" VPOS="0" />
            <String ID="P165_S00014" HPOS="682" VPOS="919" WIDTH="117" HEIGHT="46" STYLEREFS="StyleId-0" CONTENT="Iowa" WC="0.505" CC="6607" />
            <SP ID="P165_SP00011" WIDTH="0" HPOS="0" VPOS="0" />
            <String ID="P165_S00015" HPOS="825" VPOS="912" WIDTH="177" HEIGHT="53" STYLEREFS="StyleId-0" CONTENT="Herald," WC="0.607142866" CC="5043643" />
            <SP ID="P165_SP00012" WIDTH="0" HPOS="0" VPOS="0" />
            <String ID="P165_S00016" HPOS="1030" VPOS="924" WIDTH="97" HEIGHT="41" STYLEREFS="StyleId-0" CONTENT="says" WC="0.7475" CC="0441" />
            <SP ID="P165_SP00013" WIDTH="0" HPOS="0" VPOS="0" />
            <String ID="P165_S00017" HPOS="1152" VPOS="909" WIDTH="49" HEIGHT="56" STYLEREFS="StyleId-0" CONTENT="of" WC="0.66" CC="60" />
            <SP ID="P165_SP00014" WIDTH="0" HPOS="0" VPOS="0" />
            <String ID="P165_S00018" HPOS="1228" VPOS="905" WIDTH="119" HEIGHT="60" STYLEREFS="StyleId-0" CONTENT="Prof." WC="0.812" CC="34020" />
            <SP ID="P165_SP00015" WIDTH="0" HPOS="0" VPOS="0" />
            <String ID="P165_S00019" HPOS="1377" VPOS="900" WIDTH="230" HEIGHT="65" STYLEREFS="StyleId-0" CONTENT="Councill's" WC="0.598" CC="6026072248" />
          </TextLine>
          <TextLine ID="P165_TL00005" HPOS="285" VPOS="987" WIDTH="1031" HEIGHT="42">
            <String ID="P165_S00020" HPOS="285" VPOS="989" WIDTH="151" HEIGHT="53" STYLEREFS="StyleId-0" CONTENT="speech" WC="0.626666665" CC="4100007" />
            <SP ID="P165_SP00016" WIDTH="0" HPOS="0" VPOS="0" />
            <String ID="P165_S00021" HPOS="458" VPOS="988" WIDTH="120" HEIGHT="54" STYLEREFS="StyleId-0" CONTENT="there" WC="0.746" CC="27110" />
            <SP ID="P165_SP00017" WIDTH="0" HPOS="0" VPOS="0" />
            <String ID="P165_S00022" HPOS="597" VPOS="1000" WIDTH="55" HEIGHT="42" STYLEREFS="StyleId-0" CONTENT="on" WC="0.725" CC="32" />
            <SP ID="P165_SP00018" WIDTH="0" HPOS="0" VPOS="0" />
            <String ID="P165_S00023" HPOS="674" VPOS="984" WIDTH="72" HEIGHT="58" STYLEREFS="StyleId-0" CONTENT="the" WC="0.7866667" CC="140" />
            <SP ID="P165_SP00019" WIDTH="0" HPOS="0" VPOS="0" />
            <String ID="P165_S00024" HPOS="767" VPOS="981" WIDTH="114" HEIGHT="61" STYLEREFS="StyleId-0" CONTENT="22nd" WC="0.495" CC="7507" />
            <SP ID="P165_SP00020" WIDTH="0" HPOS="0" VPOS="0" />
            <String ID="P165_S00025" HPOS="902" VPOS="980" WIDTH="49" HEIGHT="62" STYLEREFS="StyleId-0" CONTENT="of" WC="0.63" CC="70" />
            <SP ID="P165_SP00021" WIDTH="0" HPOS="0" VPOS="0" />
            <String ID="P165_S00026" HPOS="972" VPOS="979" WIDTH="187" HEIGHT="63" STYLEREFS="StyleId-0" CONTENT="August," WC="0.7457143" CC="0049004" />
            <SP ID="P165_SP00022" WIDTH="0" HPOS="0" VPOS="0" />
            <String ID="P165_S00027" HPOS="1188" VPOS="984" WIDTH="100" HEIGHT="58" STYLEREFS="StyleId-0" CONTENT="1901" WC="0.5675" CC="5604" />
            <SP ID="P165_SP00023" WIDTH="0" HPOS="0" VPOS="0" />
            <String ID="P165_S00028" HPOS="1308" VPOS="986" WIDTH="8" HEIGHT="56" STYLEREFS="StyleId-0" CONTENT=":" WC="0.28" CC="7" />
          </TextLine>
          <TextLine ID="P165_TL00006" HPOS="341" VPOS="1051" WIDTH="1268" HEIGHT="40">
            <String ID="P165_S00029" HPOS="341" VPOS="1056" WIDTH="238" HEIGHT="48" STYLEREFS="StyleId-0" CONTENT="Yesterday" WC="0.766666651" CC="1001004022" />
            <SP ID="P165_SP00024" WIDTH="0" HPOS="0" VPOS="0" />
            <String ID="P165_S00030" HPOS="606" VPOS="1066" WIDTH="88" HEIGHT="38" STYLEREFS="StyleId-0" CONTENT="was" WC="0.956666648" CC="010" />
            <SP ID="P165_SP00025" WIDTH="0" HPOS="0" VPOS="0" />
            <String ID="P165_S00031" HPOS="724" VPOS="1045" WIDTH="353" HEIGHT="59" STYLEREFS="StyleId-0" CONTENT="&quot;Emancipation" WC="0.7692308" CC="0604407400003" />
            <SP ID="P165_SP00026" WIDTH="0" HPOS="0" VPOS="0" />
            <String ID="P165_S00032" HPOS="1106" VPOS="1042" WIDTH="136" HEIGHT="62" STYLEREFS="StyleId-0" CONTENT="Day,&quot;" WC="0.544" CC="78042" />
            <SP ID="P165_SP00027" WIDTH="0" HPOS="0" VPOS="0" />
            <String ID="P165_S00033" HPOS="1273" VPOS="1039" WIDTH="84" HEIGHT="65" STYLEREFS="StyleId-0" CONTENT="and" WC="0.72" CC="800" />
            <SP ID="P165_SP00028" WIDTH="0" HPOS="0" VPOS="0" />
            <String ID="P165_S00034" HPOS="1388" VPOS="1036" WIDTH="220" HEIGHT="68" STYLEREFS="StyleId-0" CONTENT="President" WC="0.7922222" CC="430000027" />
          </TextLine>
          <TextLine ID="P165_TL00007" HPOS="288" VPOS="1119" WIDTH="1321" HEIGHT="37">
            <String ID="P165_S00035" HPOS="288" VPOS="1124" WIDTH="69" HEIGHT="40" STYLEREFS="StyleId-0" CONTENT="W." WC="0.625" CC="43" />
            <SP ID="P165_SP00029" WIDTH="0" HPOS="0" VPOS="0" />
            <String ID="P165_S00036" HPOS="390" VPOS="1122" WIDTH="56" HEIGHT="42" STYLEREFS="StyleId-0" CONTENT="H." WC="0.725" CC="14" />
            <SP ID="P165_SP00030" WIDTH="0" HPOS="0" VPOS="0" />
            <String ID="P165_S00037" HPOS="480" VPOS="1118" WIDTH="205" HEIGHT="49" STYLEREFS="StyleId-0" CONTENT="Councill," WC="0.74333334" CC="005453003" />
            <SP ID="P165_SP00031" WIDTH="0" HPOS="0" VPOS="0" />
            <String ID="P165_S00038" HPOS="716" VPOS="1118" WIDTH="47" HEIGHT="49" STYLEREFS="StyleId-0" CONTENT="of" WC="0.695" CC="06" />
            <SP ID="P165_SP00032" WIDTH="0" HPOS="0" VPOS="0" />
            <String ID="P165_S00039" HPOS="794" VPOS="1112" WIDTH="193" HEIGHT="55" STYLEREFS="StyleId-0" CONTENT="Normal," WC="0.797142863" CC="0504004" />
            <SP ID="P165_SP00033" WIDTH="0" HPOS="0" VPOS="0" />
            <String ID="P165_S00040" HPOS="1017" VPOS="1111" WIDTH="111" HEIGHT="56" STYLEREFS="StyleId-0" CONTENT="Ala.," WC="0.834" CC="00800" />
            <SP ID="P165_SP00034" WIDTH="0" HPOS="0" VPOS="0" />
            <String ID="P165_S00041" HPOS="1157" VPOS="1106" WIDTH="203" HEIGHT="61" STYLEREFS="StyleId-0" CONTENT="probably" WC="0.72125" CC="75360000" />
            <SP ID="P165_SP00035" WIDTH="0" HPOS="0" VPOS="0" />
            <String ID="P165_S00042" HPOS="1388" VPOS="1105" WIDTH="73" HEIGHT="62" STYLEREFS="StyleId-0" CONTENT="the" WC="0.7" CC="090" />
            <SP ID="P165_SP00036" WIDTH="0" HPOS="0" VPOS="0" />
            <String ID="P165_S00043" HPOS="1487" VPOS="1104" WIDTH="122" HEIGHT="63" STYLEREFS="StyleId-0" CONTENT="finest" WC="0.811666667" CC="220006" />
          </TextLine>
          <TextLine ID="P165_TL00008" HPOS="290" VPOS="1184" WIDTH="1319" HEIGHT="40">
            <String ID="P165_S00044" HPOS="290" VPOS="1189" WIDTH="209" HEIGHT="51" STYLEREFS="StyleId-0" CONTENT="specimen" WC="0.7525" CC="09604000" />
            <SP ID="P165_SP00037" WIDTH="0" HPOS="0" VPOS="0" />
            <String ID="P165_S00045" HPOS="527" VPOS="1186" WIDTH="46" HEIGHT="54" STYLEREFS="StyleId-0" CONTENT="of" WC="0.755" CC="04" />
            <SP ID="P165_SP00038" WIDTH="0" HPOS="0" VPOS="0" />
            <String ID="P165_S00046" HPOS="599" VPOS="1184" WIDTH="72" HEIGHT="56" STYLEREFS="StyleId-0" CONTENT="the" WC="0.79" CC="060" />
            <SP ID="P165_SP00039" WIDTH="0" HPOS="0" VPOS="0" />
            <String ID="P165_S00047" HPOS="699" VPOS="1182" WIDTH="151" HEIGHT="58" STYLEREFS="StyleId-0" CONTENT="Negro" WC="0.824" CC="00710" />
            <SP ID="P165_SP00040" WIDTH="0" HPOS="0" VPOS="0" />
            <String ID="P165_S00048" HPOS="874" VPOS="1180" WIDTH="43" HEIGHT="60" STYLEREFS="StyleId-0" CONTENT="in" WC="0.815" CC="30" />
            <SP ID="P165_SP00041" WIDTH="0" HPOS="0" VPOS="0" />
            <String ID="P165_S00049" HPOS="943" VPOS="1177" WIDTH="211" HEIGHT="63" STYLEREFS="StyleId-0" CONTENT="America," WC="0.87375" CC="00023004" />
            <SP ID="P165_SP00042" WIDTH="0" HPOS="0" VPOS="0" />
            <String ID="P165_S00050" HPOS="1183" VPOS="1188" WIDTH="87" HEIGHT="52" STYLEREFS="StyleId-0" CONTENT="was" WC="0.75" CC="070" />
            <SP ID="P165_SP00043" WIDTH="0" HPOS="0" VPOS="0" />
            <String ID="P165_S00051" HPOS="1296" VPOS="1173" WIDTH="71" HEIGHT="67" STYLEREFS="StyleId-0" CONTENT="the" WC="0.82" CC="050" />
            <SP ID="P165_SP00044" WIDTH="0" HPOS="0" VPOS="0" />
            <String ID="P165_S00052" HPOS="1393" VPOS="1176" WIDTH="142" HEIGHT="64" STYLEREFS="StyleId-0" CONTENT="orator" WC="0.84" CC="500003" />
            <SP ID="P165_SP00045" WIDTH="0" HPOS="0" VPOS="0" />
            <String ID="P165_S00053" HPOS="1563" VPOS="1168" WIDTH="46" HEIGHT="72" STYLEREFS="StyleId-0" CONTENT="of" WC="0.545" CC="71" />
          </TextLine>
          <TextLine ID="P165_TL00009" HPOS="289" VPOS="1251" WIDTH="1321" HEIGHT="38">
            <String ID="P165_S00054" HPOS="289" VPOS="1255" WIDTH="72" HEIGHT="42" STYLEREFS="StyleId-0" CONTENT="the" WC="1" CC="000" />
            <SP ID="P165_SP00046" WIDTH="0" HPOS="0" VPOS="0" />
            <String ID="P165_S00055" HPOS="382" VPOS="1255" WIDTH="92" HEIGHT="48" STYLEREFS="StyleId-0" CONTENT="day." WC="0.9575" CC="0001" />
            <SP ID="P165_SP00047" WIDTH="0" HPOS="0" VPOS="0" />
            <String ID="P165_S00056" HPOS="534" VPOS="1252" WIDTH="62" HEIGHT="51" STYLEREFS="StyleId-0" CONTENT="As" WC="1" CC="00" />
            <SP ID="P165_SP00048" WIDTH="0" HPOS="0" VPOS="0" />
            <String ID="P165_S00057" HPOS="617" VPOS="1265" WIDTH="26" HEIGHT="38" STYLEREFS="StyleId-0" CONTENT="a" WC="1" CC="0" />
            <SP ID="P165_SP00049" WIDTH="0" HPOS="0" VPOS="0" />
            <String ID="P165_S00058" HPOS="662" VPOS="1249" WIDTH="188" HEIGHT="54" STYLEREFS="StyleId-0" CONTENT="speaker," WC="0.94375" CC="00000040" />
            <SP ID="P165_SP00050" WIDTH="0" HPOS="0" VPOS="0" />
            <String ID="P165_S00059" HPOS="872" VPOS="1248" WIDTH="46" HEIGHT="55" STYLEREFS="StyleId-0" CONTENT="in" WC="0.48" CC="010" />
            <SP ID="P165_SP00051" WIDTH="0" HPOS="0" VPOS="0" />
            <String ID="P165_S00060" HPOS="938" VPOS="1245" WIDTH="117" HEIGHT="58" STYLEREFS="StyleId-0" CONTENT="style," WC="0.946666658" CC="000003" />
            <SP ID="P165_SP00052" WIDTH="0" HPOS="0" VPOS="0" />
            <String ID="P165_S00061" HPOS="1076" VPOS="1243" WIDTH="139" HEIGHT="60" STYLEREFS="StyleId-0" CONTENT="action" WC="0.735" CC="0003210" />
            <SP ID="P165_SP00053" WIDTH="0" HPOS="0" VPOS="0" />
            <String ID="P165_S00062" HPOS="1236" VPOS="1242" WIDTH="84" HEIGHT="61" STYLEREFS="StyleId-0" CONTENT="and" WC="1" CC="000" />
            <SP ID="P165_SP00054" WIDTH="0" HPOS="0" VPOS="0" />
            <String ID="P165_S00063" HPOS="1340" VPOS="1238" WIDTH="196" HEIGHT="65" STYLEREFS="StyleId-0" CONTENT="thought," WC="0.5175" CC="077710700" />
            <SP ID="P165_SP00055" WIDTH="0" HPOS="0" VPOS="0" />
            <String ID="P165_S00064" HPOS="1556" VPOS="1235" WIDTH="54" HEIGHT="68" STYLEREFS="StyleId-0" CONTENT="he" WC="0.63" CC="70" />
          </TextLine>
          <TextLine ID="P165_TL00010" HPOS="290" VPOS="1318" WIDTH="1321" HEIGHT="39">
            <String ID="P165_S00065" HPOS="290" VPOS="1323" WIDTH="35" HEIGHT="39" STYLEREFS="StyleId-0" CONTENT="is" WC="0.255" CC="77" />
            <SP ID="P165_SP00056" WIDTH="0" HPOS="0" VPOS="0" />
            <String ID="P165_S00066" HPOS="349" VPOS="1322" WIDTH="72" HEIGHT="40" STYLEREFS="StyleId-0" CONTENT="the" WC="0.9266667" CC="020" />
            <SP ID="P165_SP00057" WIDTH="0" HPOS="0" VPOS="0" />
            <String ID="P165_S00067" HPOS="444" VPOS="1332" WIDTH="98" HEIGHT="39" STYLEREFS="StyleId-0" CONTENT="peer" WC="0.675" CC="10003" />
            <SP ID="P165_SP00058" WIDTH="0" HPOS="0" VPOS="0" />
            <String ID="P165_S00068" HPOS="568" VPOS="1319" WIDTH="47" HEIGHT="52" STYLEREFS="StyleId-0" CONTENT="of" WC="0.62" CC="07" />
            <SP ID="P165_SP00059" WIDTH="0" HPOS="0" VPOS="0" />
            <String ID="P165_S00069" HPOS="639" VPOS="1331" WIDTH="82" HEIGHT="40" STYLEREFS="StyleId-0" CONTENT="any" WC="1" CC="000" />
            <SP ID="P165_SP00060" WIDTH="0" HPOS="0" VPOS="0" />
            <String ID="P165_S00070" HPOS="746" VPOS="1329" WIDTH="79" HEIGHT="42" STYLEREFS="StyleId-0" CONTENT="one" WC="0.50666666" CC="590" />
            <SP ID="P165_SP00061" WIDTH="0" HPOS="0" VPOS="0" />
            <String ID="P165_S00071" HPOS="849" VPOS="1314" WIDTH="99" HEIGHT="57" STYLEREFS="StyleId-0" CONTENT="who" WC="0.776666641" CC="006" />
            <SP ID="P165_SP00062" WIDTH="0" HPOS="0" VPOS="0" />
            <String ID="P165_S00072" HPOS="970" VPOS="1312" WIDTH="76" HEIGHT="59" STYLEREFS="StyleId-0" CONTENT="has" WC="0.803333342" CC="500" />
            <SP ID="P165_SP00063" WIDTH="0" HPOS="0" VPOS="0" />
            <String ID="P165_S00073" HPOS="1072" VPOS="1309" WIDTH="174" HEIGHT="62" STYLEREFS="StyleId-0" CONTENT="stepped" WC="0.917142868" CC="0500000" />
            <SP ID="P165_SP00064" WIDTH="0" HPOS="0" VPOS="0" />
            <String ID="P165_S00074" HPOS="1271" VPOS="1320" WIDTH="114" HEIGHT="51" STYLEREFS="StyleId-0" CONTENT="upon" WC="0.725" CC="0037" />
            <SP ID="P165_SP00065" WIDTH="0" HPOS="0" VPOS="0" />
            <String ID="P165_S00075" HPOS="1409" VPOS="1304" WIDTH="73" HEIGHT="67" STYLEREFS="StyleId-0" CONTENT="the" WC="0.75333333" CC="070" />
            <SP ID="P165_SP00066" WIDTH="0" HPOS="0" VPOS="0" />
            <String ID="P165_S00076" HPOS="1505" VPOS="1303" WIDTH="106" HEIGHT="68" STYLEREFS="StyleId-0" CONTENT="plat¬" WC="0.772" CC="04060" />
          </TextLine>
          <TextLine ID="P165_TL00011" HPOS="291" VPOS="1385" WIDTH="1320" HEIGHT="37">
            <String ID="P165_S00077" HPOS="291" VPOS="1389" WIDTH="115" HEIGHT="39" STYLEREFS="StyleId-0" CONTENT="form" WC="0.95" CC="0000" />
            <SP ID="P165_SP00067" WIDTH="0" HPOS="0" VPOS="0" />
            <String ID="P165_S00078" HPOS="429" VPOS="1386" WIDTH="82" HEIGHT="42" STYLEREFS="StyleId-0" CONTENT="this" WC="0.79" CC="3050" />
            <SP ID="P165_SP00068" WIDTH="0" HPOS="0" VPOS="0" />
            <String ID="P165_S00079" HPOS="535" VPOS="1397" WIDTH="111" HEIGHT="38" STYLEREFS="StyleId-0" CONTENT="year." WC="0.722" CC="90400" />
            <SP ID="P165_SP00069" WIDTH="0" HPOS="0" VPOS="0" />
            <String ID="P165_S00080" HPOS="710" VPOS="1382" WIDTH="112" HEIGHT="53" STYLEREFS="StyleId-0" CONTENT="Born" WC="0.48" CC="64010" />
            <SP ID="P165_SP00070" WIDTH="0" HPOS="0" VPOS="0" />
            <String ID="P165_S00081" HPOS="846" VPOS="1395" WIDTH="26" HEIGHT="40" STYLEREFS="StyleId-0" CONTENT="a" WC="0.77" CC="2" />
            <SP ID="P165_SP00071" WIDTH="0" HPOS="0" VPOS="0" />
            <String ID="P165_S00082" HPOS="893" VPOS="1379" WIDTH="213" HEIGHT="56" STYLEREFS="StyleId-0" CONTENT="slave,—a" WC="0.53375" CC="86900390" />
            <SP ID="P165_SP00072" WIDTH="0" HPOS="0" VPOS="0" />
            <String ID="P165_S00083" HPOS="1129" VPOS="1374" WIDTH="173" HEIGHT="61" STYLEREFS="StyleId-0" CONTENT="&quot;black&quot;" WC="0.8585714" CC="4040100" />
            <SP ID="P165_SP00073" WIDTH="0" HPOS="0" VPOS="0" />
            <String ID="P165_S00084" HPOS="1326" VPOS="1379" WIDTH="75" HEIGHT="56" STYLEREFS="StyleId-0" CONTENT="not" WC="0.326666653" CC="7102" />
            <SP ID="P165_SP00074" WIDTH="0" HPOS="0" VPOS="0" />
            <String ID="P165_S00085" HPOS="1423" VPOS="1384" WIDTH="25" HEIGHT="51" STYLEREFS="StyleId-0" CONTENT="a" WC="0.04" CC="9" />
            <SP ID="P165_SP00075" WIDTH="0" HPOS="0" VPOS="0" />
            <String ID="P165_S00086" HPOS="1472" VPOS="1369" WIDTH="138" HEIGHT="66" STYLEREFS="StyleId-0" CONTENT="&quot;tan,&quot;" WC="0.566666663" CC="457322" />
          </TextLine>
          <TextLine ID="P165_TL00012" HPOS="292" VPOS="1453" WIDTH="1320" HEIGHT="35">
            <String ID="P165_S00087" HPOS="292" VPOS="1453" WIDTH="121" HEIGHT="41" STYLEREFS="StyleId-0" CONTENT="—his" WC="0.4" CC="9680" />
            <SP ID="P165_SP00076" WIDTH="0" HPOS="0" VPOS="0" />
            <String ID="P165_S00088" HPOS="447" VPOS="1451" WIDTH="227" HEIGHT="43" STYLEREFS="StyleId-0" CONTENT="childhood" WC="0.608888865" CC="0077045100" />
            <SP ID="P165_SP00077" WIDTH="0" HPOS="0" VPOS="0" />
            <String ID="P165_S00089" HPOS="706" VPOS="1449" WIDTH="85" HEIGHT="45" STYLEREFS="StyleId-0" CONTENT="and" WC="0.7033333" CC="350" />
            <SP ID="P165_SP00078" WIDTH="0" HPOS="0" VPOS="0" />
            <String ID="P165_S00090" HPOS="822" VPOS="1447" WIDTH="133" HEIGHT="50" STYLEREFS="StyleId-0" CONTENT="youth" WC="0.55" CC="80805" />
            <SP ID="P165_SP00079" WIDTH="0" HPOS="0" VPOS="0" />
            <String ID="P165_S00091" HPOS="989" VPOS="1450" WIDTH="121" HEIGHT="47" STYLEREFS="StyleId-0" CONTENT="spent" WC="0.682" CC="38030" />
            <SP ID="P165_SP00080" WIDTH="0" HPOS="0" VPOS="0" />
            <String ID="P165_S00092" HPOS="1142" VPOS="1444" WIDTH="42" HEIGHT="53" STYLEREFS="StyleId-0" CONTENT="in" WC="0.695" CC="60" />
            <SP ID="P165_SP00081" WIDTH="0" HPOS="0" VPOS="0" />
            <String ID="P165_S00093" HPOS="1216" VPOS="1442" WIDTH="72" HEIGHT="55" STYLEREFS="StyleId-0" CONTENT="the" WC="0.696666658" CC="260" />
            <SP ID="P165_SP00082" WIDTH="0" HPOS="0" VPOS="0" />
            <String ID="P165_S00094" HPOS="1320" VPOS="1446" WIDTH="142" HEIGHT="51" STYLEREFS="StyleId-0" CONTENT="cotton" WC="0.8466667" CC="010061" />
            <SP ID="P165_SP00083" WIDTH="0" HPOS="0" VPOS="0" />
            <String ID="P165_S00095" HPOS="1494" VPOS="1437" WIDTH="118" HEIGHT="60" STYLEREFS="StyleId-0" CONTENT="fields" WC="1" CC="000000" />
          </TextLine>
          <TextLine ID="P165_TL00013" HPOS="294" VPOS="1519" WIDTH="1320" HEIGHT="35">
            <String ID="P165_S00096" HPOS="294" VPOS="1523" WIDTH="135" HEIGHT="39" STYLEREFS="StyleId-0" CONTENT="under" WC="0.962" CC="00001" />
            <SP ID="P165_SP00084" WIDTH="0" HPOS="0" VPOS="0" />
            <String ID="P165_S00097" HPOS="453" VPOS="1535" WIDTH="26" HEIGHT="27" STYLEREFS="StyleId-0" CONTENT="a" WC="0.27" CC="7" />
            <SP ID="P165_SP00085" WIDTH="0" HPOS="0" VPOS="0" />
            <String ID="P165_S00098" HPOS="502" VPOS="1531" WIDTH="143" HEIGHT="31" STYLEREFS="StyleId-0" CONTENT="severe" WC="0.9716667" CC="001000" />
            <SP ID="P165_SP00086" WIDTH="0" HPOS="0" VPOS="0" />
            <String ID="P165_S00099" HPOS="669" VPOS="1517" WIDTH="265" HEIGHT="45" STYLEREFS="StyleId-0" CONTENT="taskmaster," WC="0.9590909" CC="00000000004" />
            <SP ID="P165_SP00087" WIDTH="0" HPOS="0" VPOS="0" />
            <String ID="P165_S00100" HPOS="957" VPOS="1511" WIDTH="55" HEIGHT="51" STYLEREFS="StyleId-0" CONTENT="he" WC="0.675" CC="60" />
            <SP ID="P165_SP00088" WIDTH="0" HPOS="0" VPOS="0" />
            <String ID="P165_S00101" HPOS="1036" VPOS="1513" WIDTH="34" HEIGHT="49" STYLEREFS="StyleId-0" CONTENT="is" WC="0.735" CC="50" />
            <SP ID="P165_SP00089" WIDTH="0" HPOS="0" VPOS="0" />
            <String ID="P165_S00102" HPOS="1096" VPOS="1526" WIDTH="25" HEIGHT="36" STYLEREFS="StyleId-0" CONTENT="a" WC="1" CC="0" />
            <SP ID="P165_SP00090" WIDTH="0" HPOS="0" VPOS="0" />
            <String ID="P165_S00103" HPOS="1144" VPOS="1509" WIDTH="148" HEIGHT="53" STYLEREFS="StyleId-0" CONTENT="living," WC="0.817142844" CC="0004043" />
            <SP ID="P165_SP00091" WIDTH="0" HPOS="0" VPOS="0" />
            <String ID="P165_S00104" HPOS="1316" VPOS="1505" WIDTH="297" HEIGHT="57" STYLEREFS="StyleId-0" CONTENT="undisputable" WC="0.839166641" CC="600000000074" />
          </TextLine>
          <TextLine ID="P165_TL00014" HPOS="297" VPOS="1586" WIDTH="1316" HEIGHT="33">
            <String ID="P165_S00105" HPOS="297" VPOS="1586" WIDTH="332" HEIGHT="43" STYLEREFS="StyleId-0" CONTENT="demonstration" WC="0.7823077" CC="0700000040536" />
            <SP ID="P165_SP00092" WIDTH="0" HPOS="0" VPOS="0" />
            <String ID="P165_S00106" HPOS="667" VPOS="1583" WIDTH="46" HEIGHT="46" STYLEREFS="StyleId-0" CONTENT="of" WC="0.81" CC="30" />
            <SP ID="P165_SP00093" WIDTH="0" HPOS="0" VPOS="0" />
            <String ID="P165_S00107" HPOS="750" VPOS="1582" WIDTH="71" HEIGHT="47" STYLEREFS="StyleId-0" CONTENT="the" WC="0.9633333" CC="010" />
            <SP ID="P165_SP00094" WIDTH="0" HPOS="0" VPOS="0" />
            <String ID="P165_S00108" HPOS="857" VPOS="1578" WIDTH="267" HEIGHT="51" STYLEREFS="StyleId-0" CONTENT="possibilities" WC="0.9107692" CC="0000001400500" />
            <SP ID="P165_SP00095" WIDTH="0" HPOS="0" VPOS="0" />
            <String ID="P165_S00109" HPOS="1162" VPOS="1577" WIDTH="47" HEIGHT="52" STYLEREFS="StyleId-0" CONTENT="of" WC="0.755" CC="40" />
            <SP ID="P165_SP00096" WIDTH="0" HPOS="0" VPOS="0" />
            <String ID="P165_S00110" HPOS="1245" VPOS="1574" WIDTH="65" HEIGHT="55" STYLEREFS="StyleId-0" CONTENT="his" WC="0.706666648" CC="440" />
            <SP ID="P165_SP00097" WIDTH="0" HPOS="0" VPOS="0" />
            <String ID="P165_S00111" HPOS="1348" VPOS="1586" WIDTH="106" HEIGHT="43" STYLEREFS="StyleId-0" CONTENT="race." WC="0.952" CC="00001" />
            <SP ID="P165_SP00098" WIDTH="0" HPOS="0" VPOS="0" />
            <String ID="P165_S00112" HPOS="1513" VPOS="1570" WIDTH="100" HEIGHT="59" STYLEREFS="StyleId-0" CONTENT="And" WC="0.82" CC="005" />
          </TextLine>
          <TextLine ID="P165_TL00015" HPOS="295" VPOS="1652" WIDTH="1320" HEIGHT="34">
            <String ID="P165_S00113" HPOS="295" VPOS="1654" WIDTH="114" HEIGHT="41" STYLEREFS="StyleId-0" CONTENT="what" WC="0.6975" CC="4700" />
            <SP ID="P165_SP00099" WIDTH="0" HPOS="0" VPOS="0" />
            <String ID="P165_S00114" HPOS="430" VPOS="1652" WIDTH="54" HEIGHT="43" STYLEREFS="StyleId-0" CONTENT="he" WC="0.63" CC="70" />
            <SP ID="P165_SP00100" WIDTH="0" HPOS="0" VPOS="0" />
            <String ID="P165_S00115" HPOS="507" VPOS="1653" WIDTH="46" HEIGHT="46" STYLEREFS="StyleId-0" CONTENT="is," WC="0.6766667" CC="900" />
            <SP ID="P165_SP00101" WIDTH="0" HPOS="0" VPOS="0" />
            <String ID="P165_S00116" HPOS="579" VPOS="1650" WIDTH="52" HEIGHT="49" STYLEREFS="StyleId-0" CONTENT="he" WC="0.755" CC="40" />
            <SP ID="P165_SP00102" WIDTH="0" HPOS="0" VPOS="0" />
            <String ID="P165_S00117" HPOS="653" VPOS="1649" WIDTH="142" HEIGHT="50" STYLEREFS="StyleId-0" CONTENT="insists" WC="0.83" CC="3000080" />
            <SP ID="P165_SP00103" WIDTH="0" HPOS="0" VPOS="0" />
            <String ID="P165_S00118" HPOS="820" VPOS="1647" WIDTH="54" HEIGHT="52" STYLEREFS="StyleId-0" CONTENT="all" WC="1" CC="000" />
            <SP ID="P165_SP00104" WIDTH="0" HPOS="0" VPOS="0" />
            <String ID="P165_S00119" HPOS="898" VPOS="1658" WIDTH="97" HEIGHT="41" STYLEREFS="StyleId-0" CONTENT="may" WC="0.89" CC="030" />
            <SP ID="P165_SP00105" WIDTH="0" HPOS="0" VPOS="0" />
            <String ID="P165_S00120" HPOS="1018" VPOS="1640" WIDTH="313" HEIGHT="59" STYLEREFS="StyleId-0" CONTENT="become—and" WC="0.815" CC="0000909000" />
            <SP ID="P165_SP00106" WIDTH="0" HPOS="0" VPOS="0" />
            <String ID="P165_S00121" HPOS="1356" VPOS="1652" WIDTH="128" HEIGHT="47" STYLEREFS="StyleId-0" CONTENT="more." WC="0.814" CC="90000" />
            <SP ID="P165_SP00107" WIDTH="0" HPOS="0" VPOS="0" />
            <String ID="P165_S00122" HPOS="1545" VPOS="1636" WIDTH="70" HEIGHT="63" STYLEREFS="StyleId-0" CONTENT="He" WC="0.785" CC="40" />
          </TextLine>
          <TextLine ID="P165_TL00016" HPOS="295" VPOS="1719" WIDTH="1320" HEIGHT="34">
            <String ID="P165_S00123" HPOS="295" VPOS="1723" WIDTH="38" HEIGHT="40" STYLEREFS="StyleId-0" CONTENT="is" WC="0.325" CC="310" />
            <SP ID="P165_SP00108" WIDTH="0" HPOS="0" VPOS="0" />
            <String ID="P165_S00124" HPOS="352" VPOS="1727" WIDTH="75" HEIGHT="36" STYLEREFS="StyleId-0" CONTENT="not" WC="0.76" CC="340" />
            <SP ID="P165_SP00109" WIDTH="0" HPOS="0" VPOS="0" />
            <String ID="P165_S00125" HPOS="450" VPOS="1734" WIDTH="23" HEIGHT="29" STYLEREFS="StyleId-0" CONTENT="a" WC="0" CC="10" />
            <SP ID="P165_SP00110" WIDTH="0" HPOS="0" VPOS="0" />
            <String ID="P165_S00126" HPOS="498" VPOS="1718" WIDTH="295" HEIGHT="45" STYLEREFS="StyleId-0" CONTENT="&quot;freaknot" WC="0.9266667" CC="402000000" />
            <SP ID="P165_SP00111" WIDTH="0" HPOS="0" VPOS="0" />
            <String ID="P165_S00127" HPOS="816" VPOS="1728" WIDTH="25" HEIGHT="35" STYLEREFS="StyleId-0" CONTENT="a" WC="1" CC="0" />
            <SP ID="P165_SP00112" WIDTH="0" HPOS="0" VPOS="0" />
            <String ID="P165_S00128" HPOS="862" VPOS="1711" WIDTH="173" HEIGHT="52" STYLEREFS="StyleId-0" CONTENT="genius;" WC="0.791428566" CC="10004000" />
            <SP ID="P165_SP00113" WIDTH="0" HPOS="0" VPOS="0" />
            <String ID="P165_S00129" HPOS="1059" VPOS="1717" WIDTH="74" HEIGHT="46" STYLEREFS="StyleId-0" CONTENT="not" WC="1" CC="000" />
            <SP ID="P165_SP00114" WIDTH="0" HPOS="0" VPOS="0" />
            <String ID="P165_S00130" HPOS="1157" VPOS="1723" WIDTH="53" HEIGHT="40" STYLEREFS="StyleId-0" CONTENT="an" WC="1" CC="00" />
            <SP ID="P165_SP00115" WIDTH="0" HPOS="0" VPOS="0" />
            <String ID="P165_S00131" HPOS="1234" VPOS="1707" WIDTH="218" HEIGHT="56" STYLEREFS="StyleId-0" CONTENT="abnormal" WC="0.6475" CC="070010704" />
            <SP ID="P165_SP00116" WIDTH="0" HPOS="0" VPOS="0" />
            <String ID="P165_S00132" HPOS="1476" VPOS="1703" WIDTH="139" HEIGHT="60" STYLEREFS="StyleId-0" CONTENT="devel¬" WC="0.72" CC="0010060" />
          </TextLine>
          <TextLine ID="P165_TL00017" HPOS="296" VPOS="1785" WIDTH="1320" HEIGHT="38">
            <String ID="P165_S00133" HPOS="297" VPOS="1794" WIDTH="182" HEIGHT="45" STYLEREFS="StyleId-0" CONTENT="opment." WC="0.748571455" CC="4700060" />
            <SP ID="P165_SP00117" WIDTH="0" HPOS="0" VPOS="0" />
            <String ID="P165_S00134" HPOS="540" VPOS="1785" WIDTH="69" HEIGHT="54" STYLEREFS="StyleId-0" CONTENT="He" WC="0.685" CC="50" />
            <SP ID="P165_SP00118" WIDTH="0" HPOS="0" VPOS="0" />
            <String ID="P165_S00135" HPOS="633" VPOS="1784" WIDTH="35" HEIGHT="55" STYLEREFS="StyleId-0" CONTENT="is" WC="0.68" CC="60" />
            <SP ID="P165_SP00119" WIDTH="0" HPOS="0" VPOS="0" />
            <String ID="P165_S00136" HPOS="694" VPOS="1780" WIDTH="152" HEIGHT="59" STYLEREFS="StyleId-0" CONTENT="simply" WC="0.783333361" CC="050070" />
            <SP ID="P165_SP00120" WIDTH="0" HPOS="0" VPOS="0" />
            <String ID="P165_S00137" HPOS="870" VPOS="1793" WIDTH="53" HEIGHT="46" STYLEREFS="StyleId-0" CONTENT="an" WC="1" CC="00" />
            <SP ID="P165_SP00121" WIDTH="0" HPOS="0" VPOS="0" />
            <String ID="P165_S00138" HPOS="947" VPOS="1776" WIDTH="201" HEIGHT="63" STYLEREFS="StyleId-0" CONTENT="ordinary" WC="0.65" CC="010574000" />
            <SP ID="P165_SP00122" WIDTH="0" HPOS="0" VPOS="0" />
            <String ID="P165_S00139" HPOS="1171" VPOS="1789" WIDTH="100" HEIGHT="50" STYLEREFS="StyleId-0" CONTENT="man" WC="1" CC="000" />
            <SP ID="P165_SP00123" WIDTH="0" HPOS="0" VPOS="0" />
            <String ID="P165_S00140" HPOS="1295" VPOS="1774" WIDTH="99" HEIGHT="65" STYLEREFS="StyleId-0" CONTENT="who" WC="0.6066667" CC="055" />
            <SP ID="P165_SP00124" WIDTH="0" HPOS="0" VPOS="0" />
            <String ID="P165_S00141" HPOS="1417" VPOS="1775" WIDTH="56" HEIGHT="64" STYLEREFS="StyleId-0" CONTENT="by" WC="1" CC="00" />
            <SP ID="P165_SP00125" WIDTH="0" HPOS="0" VPOS="0" />
            <String ID="P165_S00142" HPOS="1498" VPOS="1773" WIDTH="118" HEIGHT="66" STYLEREFS="StyleId-0" CONTENT="force" WC="0.824" CC="15100" />
          </TextLine>
          <TextLine ID="P165_TL00018" HPOS="296" VPOS="1851" WIDTH="1321" HEIGHT="37">
            <String ID="P165_S00143" HPOS="296" VPOS="1856" WIDTH="47" HEIGHT="39" STYLEREFS="StyleId-0" CONTENT="of" WC="0.235" CC="87" />
            <SP ID="P165_SP00126" WIDTH="0" HPOS="0" VPOS="0" />
            <String ID="P165_S00144" HPOS="364" VPOS="1856" WIDTH="216" HEIGHT="39" STYLEREFS="StyleId-0" CONTENT="character" WC="0.75333333" CC="176060000" />
            <SP ID="P165_SP00127" WIDTH="0" HPOS="0" VPOS="0" />
            <String ID="P165_S00145" HPOS="601" VPOS="1863" WIDTH="94" HEIGHT="32" STYLEREFS="StyleId-0" CONTENT="rose" WC="0.8525" CC="0500" />
            <SP ID="P165_SP00128" WIDTH="0" HPOS="0" VPOS="0" />
            <String ID="P165_S00146" HPOS="714" VPOS="1848" WIDTH="133" HEIGHT="47" STYLEREFS="StyleId-0" CONTENT="above" WC="0.486" CC="84390" />
            <SP ID="P165_SP00129" WIDTH="0" HPOS="0" VPOS="0" />
            <String ID="P165_S00147" HPOS="866" VPOS="1846" WIDTH="67" HEIGHT="49" STYLEREFS="StyleId-0" CONTENT="his1" WC="0.66" CC="2803" />
            <SP ID="P165_SP00130" WIDTH="0" HPOS="0" VPOS="0" />
            <String ID="P165_S00148" HPOS="953" VPOS="1842" WIDTH="326" HEIGHT="53" STYLEREFS="StyleId-0" CONTENT="environments," WC="0.5730769" CC="0795156900123" />
            <SP ID="P165_SP00131" WIDTH="0" HPOS="0" VPOS="0" />
            <String ID="P165_S00149" HPOS="1303" VPOS="1841" WIDTH="212" HEIGHT="54" STYLEREFS="StyleId-0" CONTENT="towering" WC="0.5675" CC="27205664" />
            <SP ID="P165_SP00132" WIDTH="0" HPOS="0" VPOS="0" />
            <String ID="P165_S00150" HPOS="1533" VPOS="1840" WIDTH="84" HEIGHT="55" STYLEREFS="StyleId-0" CONTENT="like" WC="0.535" CC="6605" />
          </TextLine>
          <TextLine ID="P165_TL00019" HPOS="297" VPOS="1919" WIDTH="1321" HEIGHT="34">
            <String ID="P165_S00151" HPOS="297" VPOS="1936" WIDTH="53" HEIGHT="25" STYLEREFS="StyleId-0" CONTENT="an" WC="0.54" CC="90" />
            <SP ID="P165_SP00133" WIDTH="0" HPOS="0" VPOS="0" />
            <String ID="P165_S00152" HPOS="371" VPOS="1918" WIDTH="176" HEIGHT="43" STYLEREFS="StyleId-0" CONTENT="isolated" WC="0.695" CC="50907000" />
            <SP ID="P165_SP00134" WIDTH="0" HPOS="0" VPOS="0" />
            <String ID="P165_S00153" HPOS="566" VPOS="1915" WIDTH="220" HEIGHT="46" STYLEREFS="StyleId-0" CONTENT="mountain" WC="0.55125" CC="051071830" />
            <SP ID="P165_SP00135" WIDTH="0" HPOS="0" VPOS="0" />
            <String ID="P165_S00154" HPOS="805" VPOS="1912" WIDTH="107" HEIGHT="49" STYLEREFS="StyleId-0" CONTENT="peak" WC="0.7025" CC="9002" />
            <SP ID="P165_SP00136" WIDTH="0" HPOS="0" VPOS="0" />
            <String ID="P165_S00155" HPOS="931" VPOS="1924" WIDTH="114" HEIGHT="37" STYLEREFS="StyleId-0" CONTENT="upon" WC="0.8275" CC="6000" />
            <SP ID="P165_SP00137" WIDTH="0" HPOS="0" VPOS="0" />
            <String ID="P165_S00156" HPOS="1066" VPOS="1924" WIDTH="26" HEIGHT="37" STYLEREFS="StyleId-0" CONTENT="a" WC="0.96" CC="0" />
            <SP ID="P165_SP00138" WIDTH="0" HPOS="0" VPOS="0" />
            <String ID="P165_S00157" HPOS="1109" VPOS="1909" WIDTH="128" HEIGHT="52" STYLEREFS="StyleId-0" CONTENT="plain," WC="0.75333333" CC="030704" />
            <SP ID="P165_SP00139" WIDTH="0" HPOS="0" VPOS="0" />
            <String ID="P165_S00158" HPOS="1257" VPOS="1914" WIDTH="70" HEIGHT="47" STYLEREFS="StyleId-0" CONTENT="yet" WC="1" CC="000" />
            <SP ID="P165_SP00140" WIDTH="0" HPOS="0" VPOS="0" />
            <String ID="P165_S00159" HPOS="1347" VPOS="1906" WIDTH="271" HEIGHT="55" STYLEREFS="StyleId-0" CONTENT="constructed" WC="0.8363636" CC="00300070007" />
          </TextLine>
          <TextLine ID="P165_TL00020" HPOS="300" VPOS="1983" WIDTH="1318" HEIGHT="37">
            <String ID="P165_S00160" HPOS="300" VPOS="1987" WIDTH="46" HEIGHT="40" STYLEREFS="StyleId-0" CONTENT="of" WC="0.33" CC="66" />
            <SP ID="P165_SP00141" WIDTH="0" HPOS="0" VPOS="0" />
            <String ID="P165_S00161" HPOS="366" VPOS="1986" WIDTH="69" HEIGHT="41" STYLEREFS="StyleId-0" CONTENT="the" WC="0.5366667" CC="067" />
            <SP ID="P165_SP00142" WIDTH="0" HPOS="0" VPOS="0" />
            <String ID="P165_S00162" HPOS="457" VPOS="1997" WIDTH="114" HEIGHT="30" STYLEREFS="StyleId-0" CONTENT="same" WC="0.965" CC="0010" />
            <SP ID="P165_SP00143" WIDTH="0" HPOS="0" VPOS="0" />
            <String ID="P165_S00163" HPOS="591" VPOS="1981" WIDTH="103" HEIGHT="46" STYLEREFS="StyleId-0" CONTENT="kind" WC="0.9925" CC="0000" />
            <SP ID="P165_SP00144" WIDTH="0" HPOS="0" VPOS="0" />
            <String ID="P165_S00164" HPOS="715" VPOS="1979" WIDTH="47" HEIGHT="48" STYLEREFS="StyleId-0" CONTENT="of" WC="0.825" CC="03" />
            <SP ID="P165_SP00145" WIDTH="0" HPOS="0" VPOS="0" />
            <String ID="P165_S00165" HPOS="782" VPOS="1975" WIDTH="190" HEIGHT="52" STYLEREFS="StyleId-0" CONTENT="material" WC="0.945" CC="00000400" />
            <SP ID="P165_SP00146" WIDTH="0" HPOS="0" VPOS="0" />
            <String ID="P165_S00166" HPOS="993" VPOS="1975" WIDTH="90" HEIGHT="52" STYLEREFS="StyleId-0" CONTENT="that" WC="0.88" CC="0400" />
            <SP ID="P165_SP00147" WIDTH="0" HPOS="0" VPOS="0" />
            <String ID="P165_S00167" HPOS="1104" VPOS="1974" WIDTH="74" HEIGHT="53" STYLEREFS="StyleId-0" CONTENT="lies" WC="0.61" CC="4640" />
            <SP ID="P165_SP00148" WIDTH="0" HPOS="0" VPOS="0" />
            <String ID="P165_S00168" HPOS="1202" VPOS="1971" WIDTH="107" HEIGHT="56" STYLEREFS="StyleId-0" CONTENT="calm" WC="0.915" CC="0030" />
            <SP ID="P165_SP00149" WIDTH="0" HPOS="0" VPOS="0" />
            <String ID="P165_S00169" HPOS="1331" VPOS="1973" WIDTH="43" HEIGHT="54" STYLEREFS="StyleId-0" CONTENT="in" WC="0.645" CC="51" />
            <SP ID="P165_SP00150" WIDTH="0" HPOS="0" VPOS="0" />
            <String ID="P165_S00170" HPOS="1396" VPOS="1972" WIDTH="127" HEIGHT="55" STYLEREFS="StyleId-0" CONTENT="lowly" WC="0.834" CC="05020" />
            <SP ID="P165_SP00151" WIDTH="0" HPOS="0" VPOS="0" />
            <String ID="P165_S00171" HPOS="1546" VPOS="1972" WIDTH="72" HEIGHT="55" STYLEREFS="StyleId-0" CONTENT="ob¬" WC="0.66" CC="603" />
          </TextLine>
          <TextLine ID="P165_TL00021" HPOS="301" VPOS="2049" WIDTH="1316" HEIGHT="36">
            <String ID="P165_S00172" HPOS="301" VPOS="2052" WIDTH="158" HEIGHT="46" STYLEREFS="StyleId-0" CONTENT="scurity" WC="0.8057143" CC="0053400" />
            <SP ID="P165_SP00152" WIDTH="0" HPOS="0" VPOS="0" />
            <String ID="P165_S00173" HPOS="486" VPOS="2048" WIDTH="54" HEIGHT="50" STYLEREFS="StyleId-0" CONTENT="all" WC="0.706666648" CC="800" />
            <SP ID="P165_SP00153" WIDTH="0" HPOS="0" VPOS="0" />
            <String ID="P165_S00174" HPOS="568" VPOS="2045" WIDTH="163" HEIGHT="53" STYLEREFS="StyleId-0" CONTENT="around" WC="0.936666667" CC="030000" />
            <SP ID="P165_SP00154" WIDTH="0" HPOS="0" VPOS="0" />
            <String ID="P165_S00175" HPOS="757" VPOS="2044" WIDTH="99" HEIGHT="54" STYLEREFS="StyleId-0" CONTENT="him." WC="0.735" CC="7300" />
            <SP ID="P165_SP00155" WIDTH="0" HPOS="0" VPOS="0" />
            <String ID="P165_S00176" HPOS="917" VPOS="2041" WIDTH="81" HEIGHT="57" STYLEREFS="StyleId-0" CONTENT="His" WC="0.6933333" CC="440" />
            <SP ID="P165_SP00156" WIDTH="0" HPOS="0" VPOS="0" />
            <String ID="P165_S00177" HPOS="1027" VPOS="2038" WIDTH="150" HEIGHT="60" STYLEREFS="StyleId-0" CONTENT="speech" WC="0.8933333" CC="000006" />
            <SP ID="P165_SP00157" WIDTH="0" HPOS="0" VPOS="0" />
            <String ID="P165_S00178" HPOS="1206" VPOS="2053" WIDTH="87" HEIGHT="45" STYLEREFS="StyleId-0" CONTENT="was" WC="0.776666641" CC="600" />
            <SP ID="P165_SP00158" WIDTH="0" HPOS="0" VPOS="0" />
            <String ID="P165_S00179" HPOS="1320" VPOS="2052" WIDTH="25" HEIGHT="46" STYLEREFS="StyleId-0" CONTENT="a" WC="1" CC="0" />
            <SP ID="P165_SP00159" WIDTH="0" HPOS="0" VPOS="0" />
            <String ID="P165_S00180" HPOS="1373" VPOS="2041" WIDTH="129" HEIGHT="57" STYLEREFS="StyleId-0" CONTENT="clean," WC="0.886666656" CC="020004" />
            <SP ID="P165_SP00160" WIDTH="0" HPOS="0" VPOS="0" />
            <String ID="P165_S00181" HPOS="1534" VPOS="2039" WIDTH="83" HEIGHT="59" STYLEREFS="StyleId-0" CONTENT="dis¬" WC="0.9775" CC="0000" />
          </TextLine>
          <TextLine ID="P165_TL00022" HPOS="302" VPOS="2115" WIDTH="1311" HEIGHT="37">
            <String ID="P165_S00182" HPOS="302" VPOS="2117" WIDTH="238" HEIGHT="50" STYLEREFS="StyleId-0" CONTENT="passionate" WC="0.808" CC="0070470000" />
            <SP ID="P165_SP00161" WIDTH="0" HPOS="0" VPOS="0" />
            <String ID="P165_S00183" HPOS="580" VPOS="2116" WIDTH="221" HEIGHT="51" STYLEREFS="StyleId-0" CONTENT="statement" WC="0.8211111" CC="3200000100" />
            <SP ID="P165_SP00162" WIDTH="0" HPOS="0" VPOS="0" />
            <String ID="P165_S00184" HPOS="841" VPOS="2108" WIDTH="47" HEIGHT="59" STYLEREFS="StyleId-0" CONTENT="of" WC="0.805" CC="03" />
            <SP ID="P165_SP00163" WIDTH="0" HPOS="0" VPOS="0" />
            <String ID="P165_S00185" HPOS="927" VPOS="2107" WIDTH="249" HEIGHT="60" STYLEREFS="StyleId-0" CONTENT="conditions," WC="0.7845455" CC="06007420200" />
            <SP ID="P165_SP00164" WIDTH="0" HPOS="0" VPOS="0" />
            <String ID="P165_S00186" HPOS="1218" VPOS="2105" WIDTH="84" HEIGHT="62" STYLEREFS="StyleId-0" CONTENT="and" WC="1" CC="000" />
            <SP ID="P165_SP00165" WIDTH="0" HPOS="0" VPOS="0" />
            <String ID="P165_S00187" HPOS="1342" VPOS="2119" WIDTH="51" HEIGHT="48" STYLEREFS="StyleId-0" CONTENT="an" WC="1" CC="00" />
            <SP ID="P165_SP00166" WIDTH="0" HPOS="0" VPOS="0" />
            <String ID="P165_S00188" HPOS="1437" VPOS="2111" WIDTH="176" HEIGHT="56" STYLEREFS="StyleId-0" CONTENT="earnest," WC="0.895" CC="04030000" />
          </TextLine>
          <TextLine ID="P165_TL00023" HPOS="301" VPOS="2181" WIDTH="1316" HEIGHT="36">
            <String ID="P165_S00189" HPOS="302" VPOS="2184" WIDTH="193" HEIGHT="48" STYLEREFS="StyleId-0" CONTENT="eloquent" WC="0.7125" CC="61326030" />
            <SP ID="P165_SP00167" WIDTH="0" HPOS="0" VPOS="0" />
            <String ID="P165_S00190" HPOS="514" VPOS="2180" WIDTH="92" HEIGHT="52" STYLEREFS="StyleId-0" CONTENT="plea" WC="0.62" CC="9500" />
            <SP ID="P165_SP00168" WIDTH="0" HPOS="0" VPOS="0" />
            <String ID="P165_S00191" HPOS="626" VPOS="2179" WIDTH="69" HEIGHT="53" STYLEREFS="StyleId-0" CONTENT="for" WC="0.9533333" CC="001" />
            <SP ID="P165_SP00169" WIDTH="0" HPOS="0" VPOS="0" />
            <String ID="P165_S00192" HPOS="714" VPOS="2174" WIDTH="236" HEIGHT="58" STYLEREFS="StyleId-0" CONTENT="sympathy," WC="0.785555542" CC="350002403" />
            <SP ID="P165_SP00170" WIDTH="0" HPOS="0" VPOS="0" />
            <String ID="P165_S00193" HPOS="971" VPOS="2178" WIDTH="73" HEIGHT="54" STYLEREFS="StyleId-0" CONTENT="not" WC="0.6766667" CC="810" />
            <SP ID="P165_SP00171" WIDTH="0" HPOS="0" VPOS="0" />
            <String ID="P165_S00194" HPOS="1062" VPOS="2170" WIDTH="185" HEIGHT="62" STYLEREFS="StyleId-0" CONTENT="charity;" WC="0.79" CC="03033005" />
            <SP ID="P165_SP00172" WIDTH="0" HPOS="0" VPOS="0" />
            <String ID="P165_S00195" HPOS="1269" VPOS="2171" WIDTH="69" HEIGHT="61" STYLEREFS="StyleId-0" CONTENT="for" WC="0.8" CC="060" />
            <SP ID="P165_SP00173" WIDTH="0" HPOS="0" VPOS="0" />
            <String ID="P165_S00196" HPOS="1361" VPOS="2170" WIDTH="163" HEIGHT="62" STYLEREFS="StyleId-0" CONTENT="justice," WC="0.685" CC="77007004" />
            <SP ID="P165_SP00174" WIDTH="0" HPOS="0" VPOS="0" />
            <String ID="P165_S00197" HPOS="1541" VPOS="2178" WIDTH="76" HEIGHT="54" STYLEREFS="StyleId-0" CONTENT="not" WC="0.366666675" CC="477" />
          </TextLine>
          <TextLine ID="P165_TL00024" HPOS="300" VPOS="2246" WIDTH="1299" HEIGHT="38">
            <String ID="P165_S00198" HPOS="300" VPOS="2249" WIDTH="251" HEIGHT="43" STYLEREFS="StyleId-0" CONTENT="assistance;" WC="0.7772727" CC="31050407002" />
            <SP ID="P165_SP00175" WIDTH="0" HPOS="0" VPOS="0" />
            <String ID="P165_S00199" HPOS="572" VPOS="2245" WIDTH="69" HEIGHT="47" STYLEREFS="StyleId-0" CONTENT="for" WC="0.9033333" CC="002" />
            <SP ID="P165_SP00176" WIDTH="0" HPOS="0" VPOS="0" />
            <String ID="P165_S00200" HPOS="658" VPOS="2240" WIDTH="184" HEIGHT="52" STYLEREFS="StyleId-0" CONTENT="equality" WC="0.6225" CC="03786500" />
            <SP ID="P165_SP00177" WIDTH="0" HPOS="0" VPOS="0" />
            <String ID="P165_S00201" HPOS="859" VPOS="2240" WIDTH="148" HEIGHT="52" STYLEREFS="StyleId-0" CONTENT="before" WC="0.7583333" CC="4001000" />
            <SP ID="P165_SP00178" WIDTH="0" HPOS="0" VPOS="0" />
            <String ID="P165_S00202" HPOS="1023" VPOS="2237" WIDTH="71" HEIGHT="55" STYLEREFS="StyleId-0" CONTENT="the" WC="0.85" CC="220" />
            <SP ID="P165_SP00179" WIDTH="0" HPOS="0" VPOS="0" />
            <String ID="P165_S00203" HPOS="1112" VPOS="2236" WIDTH="93" HEIGHT="56" STYLEREFS="StyleId-0" CONTENT="law," WC="0.605" CC="4083" />
            <SP ID="P165_SP00180" WIDTH="0" HPOS="0" VPOS="0" />
            <String ID="P165_S00204" HPOS="1224" VPOS="2241" WIDTH="76" HEIGHT="51" STYLEREFS="StyleId-0" CONTENT="not" WC="0.293333322" CC="1091" />
            <SP ID="P165_SP00181" WIDTH="0" HPOS="0" VPOS="0" />
            <String ID="P165_S00205" HPOS="1319" VPOS="2235" WIDTH="129" HEIGHT="57" STYLEREFS="StyleId-0" CONTENT="social" WC="0.77" CC="030612" />
            <SP ID="P165_SP00182" WIDTH="0" HPOS="0" VPOS="0" />
            <String ID="P165_S00206" HPOS="1468" VPOS="2249" WIDTH="131" HEIGHT="43" STYLEREFS="StyleId-0" CONTENT="recog" WC="0.682" CC="000510" />
          </TextLine>
          <TextLine ID="P165_TL00025" HPOS="301" VPOS="2311" WIDTH="1319" HEIGHT="34">
            <String ID="P165_S00207" HPOS="301" VPOS="2315" WIDTH="146" HEIGHT="39" STYLEREFS="StyleId-0" CONTENT="nition." WC="0.6185714" CC="3504093" />
            <SP ID="P165_SP00183" WIDTH="0" HPOS="0" VPOS="0" />
            <String ID="P165_S00208" HPOS="480" VPOS="2312" WIDTH="71" HEIGHT="42" STYLEREFS="StyleId-0" CONTENT="He" WC="0.765" CC="40" />
            <SP ID="P165_SP00184" WIDTH="0" HPOS="0" VPOS="0" />
            <String ID="P165_S00209" HPOS="571" VPOS="2309" WIDTH="97" HEIGHT="45" STYLEREFS="StyleId-0" CONTENT="a£ks" WC="0.5375" CC="31040" />
            <SP ID="P165_SP00185" WIDTH="0" HPOS="0" VPOS="0" />
            <String ID="P165_S00210" HPOS="691" VPOS="2307" WIDTH="98" HEIGHT="48" STYLEREFS="StyleId-0" CONTENT="only" WC="0.74" CC="7300" />
            <SP ID="P165_SP00186" WIDTH="0" HPOS="0" VPOS="0" />
            <String ID="P165_S00211" HPOS="810" VPOS="2305" WIDTH="91" HEIGHT="50" STYLEREFS="StyleId-0" CONTENT="that" WC="0.815" CC="0700" />
            <SP ID="P165_SP00187" WIDTH="0" HPOS="0" VPOS="0" />
            <String ID="P165_S00212" HPOS="921" VPOS="2303" WIDTH="65" HEIGHT="52" STYLEREFS="StyleId-0" CONTENT="his" WC="0.673333347" CC="630" />
            <SP ID="P165_SP00188" WIDTH="0" HPOS="0" VPOS="0" />
            <String ID="P165_S00213" HPOS="1010" VPOS="2315" WIDTH="96" HEIGHT="40" STYLEREFS="StyleId-0" CONTENT="race" WC="0.9425" CC="2000" />
            <SP ID="P165_SP00189" WIDTH="0" HPOS="0" VPOS="0" />
            <String ID="P165_S00214" HPOS="1125" VPOS="2302" WIDTH="50" HEIGHT="53" STYLEREFS="StyleId-0" CONTENT="be" WC="1" CC="00" />
            <SP ID="P165_SP00190" WIDTH="0" HPOS="0" VPOS="0" />
            <String ID="P165_S00215" HPOS="1197" VPOS="2300" WIDTH="127" HEIGHT="55" STYLEREFS="StyleId-0" CONTENT="given" WC="0.694" CC="105000" />
            <SP ID="P165_SP00191" WIDTH="0" HPOS="0" VPOS="0" />
            <String ID="P165_S00216" HPOS="1349" VPOS="2314" WIDTH="24" HEIGHT="41" STYLEREFS="StyleId-0" CONTENT="a" WC="1" CC="0" />
            <SP ID="P165_SP00192" WIDTH="0" HPOS="0" VPOS="0" />
            <String ID="P165_S00217" HPOS="1395" VPOS="2300" WIDTH="160" HEIGHT="55" STYLEREFS="StyleId-0" CONTENT="chance" WC="0.8933333" CC="060000" />
            <SP ID="P165_SP00193" WIDTH="0" HPOS="0" VPOS="0" />
            <String ID="P165_S00218" HPOS="1574" VPOS="2307" WIDTH="46" HEIGHT="48" STYLEREFS="StyleId-0" CONTENT="to" WC="0.66" CC="06" />
          </TextLine>
          <TextLine ID="P165_TL00026" HPOS="916" VPOS="2366" WIDTH="65" HEIGHT="31">
            <String ID="P165_S00219" HPOS="916" VPOS="2366" WIDTH="65" HEIGHT="31" STYLEREFS="StyleId-1" CONTENT="164" WC="0.50333333" CC="454" />
          </TextLine>
        </TextBlock>
      </PrintSpace>
    </Page>
  </Layout>
</alto>