1900 2800
712 711 291 46 CHAPTER
1031 712 173 45 XXIII.

292 848 141 34 ELDER
469 849 162 33 HENRY
667 851 50 31 M.
753 847 196 38 TURNER,
983 845 55 40 0E
1071 844 198 41 GEORGIA,
1305 843 203 42 LOOKING
1540 841 90 44 FOR"

783 903 137 34 ELDER
941 901 195 36 TURNER.

352 974 52 40 In
425 972 72 43 the
520 973 104 53 days
646 973 48 53 of
717 972 73 54 Ku
812 970 217 56 Kluxism,
1052 970 123 56 when
1197 970 71 56 the
1290 969 147 57 smoke
1459 967 46 59 of
1528 966 95 60 shot

292 1042 88 40 and
403 1041 106 41 shell
532 1054 112 28 were
666 1039 118 43 thick
805 1040 85 42 and
911 1039 150 52 heavy,
1084 1038 85 53 and
1189 1037 71 54 the
1284 1035 352 56 "paterolers1"—

296 1121 96 26 men
412 1106 99 42 who
530 1107 86 41 had
634 1107 105 41 been
761 1104 181 44 detailed
961 1111 47 37 to
1026 1105 141 51 dodge
1186 1104 85 52 and
1291 1103 120 53 catch
1431 1103 195 53 slaves—

287 1173 135 45 Elder
439 1171 182 52 Turner,
641 1172 228 52 Presiding
885 1171 132 53 Elder
1032 1172 44 52 in
1096 1170 198 54 Georgia,
1313 1181 119 43 came
1446 1176 48 48 to
1509 1168 115 56 Ope-

297 1242 88 40 lika
404 1242 56 51 by
481 1240 226 53 invitation
730 1240 47 53 of
799 1237 133 56 Elder
953 1237 229 56 Lipscomb
1203 1239 84 54 and
1310 1251 24 42 a
1358 1237 85 56 few
1465 1235 155 58 others.

297 1306 93 42 The
411 1307 129 41 white
559 1321 96 27 men
677 1306 91 42 said
788 1306 35 42 if
842 1306 54 42 he
915 1318 117 30 came
1051 1311 46 37 to
1113 1303 92 45 that
1223 1310 115 38 town
1358 1309 46 39 to
1421 1301 210 49 organize

294 1374 75 41 the
383 1373 150 52 people
547 1372 101 53 they
664 1371 144 54 would
823 1370 75 55 kill
914 1369 101 56 him.
1052 1369 141 56 When
1209 1368 73 57 the
1295 1368 109 57 train
1421 1366 144 59 pulled
1579 1366 48 59 in

297 1442 72 40 the
394 1441 169 48 station,
588 1440 129 49 about
740 1438 197 52 twilight,
962 1435 71 55 the
1057 1443 120 47 great
1202 1436 143 54 crowd
1369 1447 87 43 was
1481 1434 143 56 stand¬

298 1509 78 51 ing
403 1506 178 54 looking
609 1507 69 53 for
707 1504 131 56 Elder
865 1501 179 59 Turner.
1104 1503 140 57 When
1272 1499 53 61 he
1354 1500 270 60 dismounted

300 1573 234 52 somebody
552 1571 251 54 whispered,
825 1568 148 57 "They
991 1583 72 42 are
1082 1569 176 56 looking
1277 1569 69 56 for
1365 1566 130 59 Elder
1514 1564 109 61 Tur¬

299 1654 78 27 ner
401 1647 47 34 to
472 1639 75 42 kill
573 1638 130 43 him."
762 1635 143 46 When
929 1637 92 44 that
1047 1635 130 53 godly
1203 1648 167 40 woman
1396 1634 132 54 broke
1552 1631 80 57 the

299 1721 118 26 news
442 1713 47 34 to
511 1705 90 42 hiin
624 1705 56 42 he
703 1702 157 45 rushed
886 1704 69 43 for
978 1703 72 44 the
1071 1701 159 49 crowd,
1256 1700 176 52 looking
1458 1700 69 52 for
1551 1698 74 54 El¬

302 1775 76 39 der
412 1770 400 52 Turner—helping
859 1769 71 53 the
978 1768 143 54 crowd
1168 1776 46 46 to
1259 1768 99 54 look
1407 1768 68 54 for
1521 1766 101 56 him.

299 1837 377 53 Thoughtfulness
698 1850 54 40 on
772 1834 65 56 his
857 1842 95 48 part
971 1835 180 55 perhaps
1173 1835 129 55 saved
1321 1832 66 58 his
1407 1833 87 57 life.
1554 1832 77 58 He-

300 1905 258 48 afterwards
589 1903 200 50 collected
820 1917 25 36 a
876 1903 83 50 few
990 1901 148 52 people
1168 1901 128 52 about
1325 1900 88 53 him
1444 1906 42 47 at
1516 1898 107 55 mid¬

301 1970 138 53 night,
473 1970 85 53 and
591 1970 42 53 in
667 1982 25 41 a
725 1968 114 55 quiet
872 1979 175 44 manner
1079 1966 229 57 organized
1340 1966 71 57 the
1442 1965 180 58 African

304 2037 238 40 Methodist
566 2034 227 52 Episcopal
820 2032 170 54 Church
1013 2034 43 52 in
1081 2031 194 55 Opelika.
1334 2032 72 54 He
1429 2031 73 55 did
1526 2031 105 55 sim¬

301 2105 80 40 ilar
406 2104 120 41 work
550 2104 45 41 in
618 2100 199 45 Eufaula.
877 2098 141 47 These
1039 2099 206 46 incidents
1270 2100 175 45 marked
1469 2113 52 32 an
1547 2098 84 47 im¬

303 2176 172 46 portant
496 2182 109 40 page
626 2169 43 53 in
689 2166 72 56 the
777 2166 165 56 history
962 2167 48 55 of
1028 2164 74 58 the
1121 2166 53 56 A.
1198 2166 62 56 M.
1282 2163 51 59 E.
1357 2164 183 58 Church.

359 2299 128 45 THE
522 2296 368 48 METHODIST
922 2297 428 47 PREACHER—A
1384 2297 183 47 HERO.

361 2367 143 54 Every
526 2367 236 54 Methodist
780 2365 202 56 preacher
1001 2366 100 55 who
1116 2364 77 57 has
1213 2367 228 54 amounted
1460 2373 46 48 to
1523 2380 82 41 any
1616 2391 13 30 ¬

303 2437 147 52 thing;
473 2435 87 54 had
584 2448 83 41 any
691 2447 166 42 success
882 2434 42 55 in
948 2434 76 55 life
1047 2447 47 42 or
1119 2433 200 56 achieved
1342 2448 83 41 any
1448 2435 180 55 victory,

935 2498 70 32 217
