1913 2809
290 284 88 44 116

654 295 247 36 AFRICAN
925 299 333 34 METHODISM

345 401 50 42 In
424 402 115 52 1898,
563 403 71 51 the
659 402 169 52 Central
852 404 209 50 Alabama
1084 403 264 51 Conference
1370 398 239 56 assembled

288 476 44 34 at
376 470 183 50 Marion,
605 471 160 52 Bishop
809 468 167 55 Turner
1020 469 240 55 presiding;
1304 470 106 54 Rev.
1456 468 52 56 R.
1553 468 55 56 D.

294 535 178 49 Brooks,
502 536 230 54 Secretary.

349 601 92 43 The
465 610 104 34 next
593 614 91 40 one,
711 604 43 50 in
781 604 317 52 Montgomery,
1124 604 129 52 being
1277 601 73 55 the
1374 602 243 54 thirty-sec¬

291 670 87 39 ond
402 670 172 48 session,
601 670 70 48 Rt.
697 670 105 48 Rev.
827 671 58 47 H.
912 669 62 49 M.
1000 668 179 51 Turner,
1206 670 54 49 D.
1287 669 68 50 D.,
1381 668 234 53 presiding,

294 735 116 50 Dec.,
444 736 115 52 1899,
591 738 254 50 secretaries,
875 738 105 50 Rev.
1011 738 33 50 I.
1076 738 54 50 N.
1161 733 273 55 Fitzpatrick,
1464 735 69 53 W.
1565 733 47 55 C.

293 801 169 42 Banton
485 803 84 40 and
592 804 62 40 M.
677 804 37 51 J.
740 803 243 53 Iragraham.

350 870 49 38 In
426 869 115 52 1899,
562 871 73 50 the
656 869 139 52 North
816 871 210 50 Alabama
1047 869 265 52 Conference
1331 869 218 52 convened
1571 869 41 52 in

294 934 310 53 Birmingham,
631 935 158 54 Bishop
815 937 56 52 H.
899 938 62 51 M.
986 935 168 54 Turner
1178 935 232 54 presiding.
1472 934 145 55 Secre¬

293 1002 126 40 taries
435 1016 7 26 :
466 1002 125 41 Revs.
615 1001 49 44 E.
687 1003 69 42 W.
780 1003 211 42 Williams
1014 1004 84 41 and
1119 1003 54 42 D.
1198 1003 47 42 P.
1271 1003 164 42 Moore.

352 1068 49 39 In
433 1068 115 50 1899,
575 1067 160 51 Bishop
760 1066 167 52 Turner
951 1070 140 48 closed
1116 1070 72 48 the
1211 1069 82 49 last
1318 1068 170 50 Central
1513 1069 102 49 Ala¬

294 1135 126 40 bama
440 1134 261 51 conference,
727 1134 152 51 Selma.
940 1135 104 50 Rev.
1067 1137 50 48 R.
1141 1136 52 49 D.
1218 1137 166 48 Brooks
1405 1137 85 48 and
1511 1137 105 48 Rev.

294 1200 37 53 J.
359 1200 69 53 W.
454 1200 188 53 Walker,
670 1202 254 51 secretaries.

767 1309 375 34 INTRODUCTIONS.

352 1400 103 41 Rev.
485 1400 46 41 P.
559 1400 53 41 A.
642 1401 221 48 Hubbard,
906 1401 53 48 D.
1002 1402 67 49 D.,
1113 1399 217 52 Financial
1374 1401 241 57 Secretary;

295 1466 105 42 Rev.
432 1467 52 41 A.
517 1467 68 41 W>.
617 1467 215 50 Atwater;
861 1469 69 48 W.
962 1469 57 48 H.
1053 1468 166 51 Mixon,
1252 1469 46 50 C.
1331 1470 61 49 M.
1423 1468 193 53 Tanner;

295 1532 74 41 Dr.
400 1532 48 41 G.
477 1533 68 42 W.
574 1533 136 50 Allen,
740 1533 104 50 Rev.
872 1533 49 50 G.
949 1533 49 50 E.
1026 1532 171 55 Taylor,
1225 1536 52 51 D.
1306 1536 67 51 D.,
1404 1536 210 51 Southern

298 1598 212 42 Christian
548 1600 236 49 Recorder;
823 1601 74 48 Dr.
934 1601 37 54 J.
1010 1599 49 56 T.
1096 1603 176 52 Jenifer,
1312 1603 221 54 Secretary
1568 1606 46 51 of

295 1665 244 42 Preachers'
560 1667 86 40 Aid
668 1666 179 53 Society.
908 1668 103 51 Rev.
1034 1669 50 50 R.
1107 1669 52 50 D.
1182 1669 177 50 Brooks,
1382 1672 53 47 D.
1457 1672 66 49 D.,
1547 1672 69 49 de¬

295 1733 158 39 livered
480 1732 72 40 the
578 1734 154 39 annual
762 1747 179 27 sermon.
1002 1732 123 52 Text,
1157 1734 89 50 Gal.
1277 1737 116 51 6:14.

350 1796 91 43 The
462 1799 223 52 following
704 1798 196 53 brethren
920 1814 111 37 were
1051 1802 204 49 admitted
1276 1818 54 33 on
1350 1804 119 47 trial:
1493 1806 122 45 Pres¬

293 1872 73 33 ton
391 1863 126 50 Ford,
541 1865 52 48 A.
618 1865 52 48 O.
696 1865 149 51 Hines,
867 1865 112 53 John
1005 1867 149 53 Curry,
1177 1869 54 51 A.
1255 1870 57 50 H.
1338 1871 137 51 Bond,
1499 1874 114 48 Wm.

294 1930 231 51 Robinson,
552 1932 157 51 Joseph
736 1932 230 51 Robinson,
993 1933 52 50 A.
1073 1934 51 49 D.
1154 1934 150 52 Bland,
1333 1936 41 50 S.
1403 1939 47 47 L.
1477 1940 137 46 Wilk¬

295 1998 120 39 inson
444 1998 83 40 and
552 1998 35 51 J.
618 1998 45 51 L.
693 1997 191 52 Watson.

348 2061 91 42 The
465 2063 89 40 first
580 2064 160 40 session
767 2065 46 39 of
837 2063 75 43 the.
935 2064 139 42 North
1100 2066 208 44 Alabama
1337 2070 275 54 Conference,

292 2130 136 39 under
447 2130 158 51 Bishop
626 2129 153 52 Gaines
799 2145 86 36 was
904 2129 97 52 held
1020 2138 41 43 at
1082 2129 214 55 Florence,
1317 2136 109 52 Ala.,
1448 2140 100 48 Dec.
1570 2140 38 51 6,

296 2205 115 39 1900.
473 2194 103 50 Rev.
601 2194 51 50 D.
682 2195 45 49 P.
756 2195 161 49 Moore,
945 2203 230 46 secretary;
1201 2201 211 51 assistant,
1440 2204 104 48 Rev.
1570 2206 37 53 J.

293 2261 47 40 B.
369 2260 159 42 Carter.

352 2327 68 40 Rt.
445 2328 103 41 Rev.
573 2328 68 41 W.
665 2328 37 51 J.
729 2326 165 53 Gaines,
919 2329 52 50 D.
995 2330 66 49 D.,
1087 2344 117 35 came
1226 2339 46 40 to
1293 2348 50 31 us
1366 2343 42 36 at
1431 2338 71 41 the
1525 2340 84 43 rise

292 2393 48 41 of
365 2393 70 41 the
462 2392 179 42 General
669 2394 263 41 Conference
956 2397 47 39 of
1034 2408 116 40 1900,
1178 2397 138 51 which
1343 2410 86 38 met
1456 2405 42 43 in
1528 2406 82 42 Co¬

290 2458 179 50 lumbus,
500 2458 124 50 Ohio.
685 2459 206 49 Alabama
918 2475 86 33 was
1034 2461 201 47 detached
1264 2466 112 42 from
1405 2468 89 48 Ga.,
1523 2473 85 43 and
