1917 2812
781 296 57 35 IN
875 295 283 40 ALABAMA.

1562 284 59 49 19

355 404 92 48 The
470 413 351 52 representatives
844 422 168 47 present
1034 431 111 38 were
1168 416 74 53 Dr.
1267 417 48 52 B.
1342 413 45 56 E.
1413 417 96 52 Lee,
1533 415 85 54 edi¬

298 481 68 36 tor
389 474 49 44 of
462 475 72 44 the
560 477 215 45 Christian
800 478 227 56 Recorder,
1053 484 84 50 and
1161 483 75 51 Dr.
1263 483 85 54 Jas.
1377 485 60 52 M.
1464 481 155 56 Town-

295 540 119 53 send,
448 542 350 59 Corresponding
830 549 259 55 Missionary
1123 551 241 53 Secretary;
1395 553 125 51 Revs.
1555 553 62 51 M.

298 606 50 46 E.
377 608 175 54 Bryant,
578 606 50 56 T.
654 611 69 51 W.
751 613 160 49 Coffee,
938 615 51 47 R.
1017 617 61 45 M.
1106 617 175 50 Cheeks,
1310 618 150 49 Prince
1485 618 134 49 Gard¬

296 686 78 29 ner
404 674 84 43 and
521 675 69 44 W.
625 676 57 43 H.
718 678 165 51 Mixon,
918 683 47 46 of
995 682 71 47 the
1099 682 138 47 North
1270 684 206 45 Alabama
1508 683 109 46 Con¬

301 739 179 53 ference,
506 742 85 50 and
615 742 75 50 Dr.
718 744 45 48 C.
791 744 42 48 S.
861 744 151 53 Smith,
1039 746 220 56 Secretary
1282 750 84 52 and
1389 746 231 56 Treasurer

297 808 49 42 of
376 806 43 47 S.
451 808 43 46 S.
525 809 160 45 Union.

354 889 172 56 During
549 890 71 55 the
643 892 159 53 session
827 892 71 53 the
922 894 262 51 Conference
1207 897 40 48 in
1271 911 25 34 a
1317 897 112 52 body
1455 896 164 53 formed

298 970 26 29 a
345 956 84 44 line
449 960 85 41 and
556 961 200 42 marched
778 969 44 34 to
844 961 70 43 the
937 963 90 41 first
1049 964 153 51 capital
1225 965 47 50 of
1293 965 69 50 the
1387 963 232 52 Confeder¬

298 1038 76 40 acy
402 1026 84 52 and
513 1026 100 53 paid
639 1026 52 53 its
719 1035 184 47 respects
930 1036 45 46 to
1002 1030 82 52 His
1113 1028 267 59 Excellency,
1408 1031 72 56 the
1508 1029 111 58 Gov¬

299 1106 138 37 ernor,
467 1093 50 50 E.
550 1094 53 49 A.
636 1095 181 48 O'Neal.

355 1170 183 45 Brother
570 1174 69 42 W.
674 1174 69 43 W.
780 1172 172 46 Erazier
984 1189 86 31 was
1104 1180 90 41 also
1224 1180 205 42 admitted
1461 1179 41 43 in
1535 1178 83 44 this

299 1240 263 43 Conference
597 1257 54 27 on
685 1245 235 52 probation.
980 1247 194 50 Deacons
1209 1250 224 47 ordained:
1471 1250 146 47 Simon

299 1305 68 42 W.
392 1306 181 52 Shields,
597 1308 46 50 C.
664 1310 40 52 J.
726 1310 126 52 Rose,
874 1311 138 51 Green
1034 1314 46 48 B.
1103 1315 121 47 West
1244 1315 83 47 and
1347 1313 141 55 James
1511 1313 106 55 Key.

299 1374 150 44 Local:
480 1373 189 45 Thomas
700 1377 150 49 Battle,
881 1378 151 48 Elders
1063 1382 124 44 Peter
1215 1383 117 52 Inge,
1363 1380 186 55 Andrew
1580 1380 37 56 J.

298 1443 282 42 Williamson.
640 1442 95 45 The
768 1446 263 44 Conference
1064 1448 192 54 expelled
1288 1452 53 50 D.
1375 1452 52 50 A.
1463 1451 154 51 Curtis,

298 1510 105 42 Cain
434 1511 179 53 Rogers,
646 1514 134 53 Berry
808 1515 185 52 Jackson
1037 1518 84 49 and
1166 1517 41 50 S.
1254 1519 47 48 B.
1347 1519 263 48 Henderson.

352 1575 177 56 Among
552 1577 72 54 the
649 1577 200 54 different
875 1587 162 45 reports
1063 1590 42 42 at
1128 1581 84 51 this
1237 1584 160 48 session
1420 1598 111 34 none
1554 1598 62 34 re¬

296 1645 144 42 ceived
466 1660 120 28 more
610 1649 207 40 attention
843 1647 102 43 than
970 1649 74 42 the
1069 1658 141 45 report
1236 1665 55 38 on
1318 1650 296 55 Temperance.

297 1711 172 55 During
493 1714 71 52 the
590 1715 93 51 able
710 1715 249 51 discussion,
987 1717 160 53 Bishop
1175 1714 167 56 Turner
1368 1720 113 50 said:

351 1788 119 45 "The
498 1799 187 46 greatest
714 1794 194 51 question
936 1809 99 36 now
1063 1797 128 51 being
1218 1798 186 51 agitated
1432 1799 54 50 all
1515 1812 97 37 over

293 1856 70 43 the
388 1858 192 43 civilized
606 1860 135 42 world
767 1860 34 42 is
827 1862 71 41 the
922 1864 193 50 question
1140 1865 46 49 of
1212 1861 296 55 Temperance.
1542 1867 70 49 In¬

297 1931 266 47 temperance
619 1927 34 51 is
710 1927 72 51 the
840 1928 139 50 father
1034 1930 47 48 of
1136 1930 75 52 jail
1265 1930 165 52 houses,
1488 1931 124 51 chaii>

292 2005 138 40 gangs
463 1993 85 52 and
580 1994 197 52 insanity.
838 1990 92 56 The
960 1995 165 52 whisky
1156 2010 96 37 men
1284 2010 72 37 are
1386 1997 127 52 using
1542 1999 73 50 the

293 2060 121 42 Bible
462 2068 46 34 to
557 2061 162 41 sustain
770 2061 115 42 them
935 2063 42 40 in
1028 2064 286 51 propagating
1361 2065 250 51 bar-rooms.,

291 2133 76 35 etc.
428 2125 94 44 The
553 2127 109 42 wine
694 2128 242 41 mentioned
968 2129 42 40 in
1042 2129 71 41 the
1145 2129 119 41 Bible
1293 2130 35 40 is
1359 2130 152 53 simply
1541 2131 74 52 the

289 2209 106 39 pure
420 2209 134 39 grape
578 2195 126 53 juice.
764 2192 139 56 There
928 2209 85 39 was
1038 2210 57 38 no
1120 2195 164 53 whisky
1310 2210 46 38 or
1383 2198 160 50 alcohol
1568 2200 41 48 in

288 2260 72 43 the
379 2261 137 44 world
535 2261 149 44 before
703 2260 70 45 the
798 2262 96 50 13th
915 2268 186 45 century,
1123 2277 47 36 or
1190 2261 42 52 in
1251 2264 72 49 the
1342 2278 99 38 year
1466 2244 147 74 1250.'^

289 2330 72 41 He
397 2328 169 43 further
601 2329 92 42 said
728 2328 91 43 that
856 2326 140 53 liquor
1029 2330 265 49 contributed
1328 2337 46 42 to
1406 2332 202 55 nothing*

286 2399 76 40 but
388 2397 142 47 bread,
560 2395 158 51 apples,
747 2408 181 39 oranges
956 2396 83 51 and
1067 2397 119 50 other
1215 2398 103 49 fruit
1345 2402 262 45 contributed

285 2472 47 34 to
354 2463 157 49 health,
537 2463 126 55 vigor
687 2462 84 56 and
796 2461 226 57 manhood.
