1899 2799
551 262 219 35 faKETCH
814 257 67 40 OF
926 254 114 43 THE
1079 249 242 48 AUTHOR.

1544 230 60 42 19

279 391 127 49 days;
441 383 138 57 Henri
611 380 157 60 Julian,
803 378 152 62 twelve
988 374 116 66 days.
1164 367 132 73 Their
1328 364 167 76 mother
1527 361 78 79 left

280 465 44 32 to
354 457 51 40 be
434 453 105 44 with
567 451 140 51 Jesus,
737 448 94 54 Jan.
863 456 40 46 4,
937 453 117 49 1901.
1113 436 131 66 Their
1272 433 146 69 bodies
1450 436 84 66 rest
1562 429 39 73 it?

280 525 72 40 the
379 521 106 44 East
514 519 142 46 Selma
684 514 223 51 Cemetery
933 509 61 56 till
1021 506 73 59 the
1119 507 83 58 day
1227 504 49 61 of
1300 502 72 63 the
1398 509 209 56 resurrec¬

283 593 102 38 tion.
448 587 85 44 She
566 599 88 32 was
689 582 72 49 the
794 586 111 45 most
940 574 206 57 cultured,
1182 569 170 62 refined,
1387 580 105 51 pure
1525 562 83 69 and

286 658 214 43 Christian
538 666 168 35 woman
741 650 91 51 that
868 660 99 41 ever
1000 643 123 58 lived.
1212 640 83 61 His
1330 636 167 65 mother
1530 633 79 68 left

287 737 46 31 to
354 727 91 52 join
468 724 115 55 them
607 719 99 60 Feb.
734 718 111 61 17th,
872 725 115 54 1902.
1021 712 42 67 If
1084 725 58 54 no
1163 706 142 73 others
1328 718 71 61 are
1420 702 43 77 in
1486 702 137 77 heav--

292 810 65 31 en,
376 793 67 48 his
465 792 114 49 wife,
600 789 118 52 boys,
740 784 166 57 mother
925 782 85 59 and
1029 780 124 61 Jesus
1175 789 74 52 are
1267 772 129 69 there.

347 863 38 38 It
417 872 87 29 was
538 859 41 42 in
616 855 118 51 1897,
766 851 123 55 when
920 845 286 61 Wilberforce
1235 837 249 69 University
1517 848 96 58 con¬

294 929 142 42 ferred
465 940 114 38 upon
606 923 90 55 him
725 920 71 58 the
823 917 91 61 title
941 916 48 62 of
1016 915 162 63 Doctor
1205 910 48 68 of
1281 906 204 72 Divinity.
1547 902 70 76 He

293 999 77 40 has
402 997 104 42 been
539 1007 25 32 a
595 989 188 50 member
814 987 47 52 of
892 984 71 55 the
994 980 182 59 General
1210 977 265 62 Conference
1506 970 112 69 since

301 1064 115 40 1888.
477 1062 71 42 He
575 1072 87 32 was
689 1071 25 33 a
740 1055 188 49 member
954 1050 47 54 of
1028 1047 73 57 the
1127 1042 203 62 National
1357 1038 259 66 Republican

300 1130 265 44 Convention
590 1134 41 40 at
657 1125 60 49 St.
745 1122 142 52 Louis,
918 1117 126 57 1896;
1068 1117 35 57 is
1129 1121 41 53 at
1194 1116 169 58 present
1387 1123 25 51 a
1435 1106 181 68 member

298 1203 49 39 of
370 1201 71 41 the
465 1193 305 49 International
797 1189 177 53 Sunday
1000 1183 155 59 School
1182 1178 278 64 Convention.
1493 1173 131 69 Made

302 1285 23 24 a
345 1268 84 50 trip
447 1273 43 45 to
510 1263 172 55 Europe
700 1261 43 57 in
768 1269 116 49 1901,
906 1255 83 63 and
1007 1260 47 58 to
1072 1248 225 70 Colorado,
1322 1257 116 61 1902.
1498 1242 70 76 He
1588 1241 35 77 is

306 1335 222 41 President
560 1331 48 45 of
638 1329 72 47 the
741 1324 237 52 Executive
1010 1320 143 56 Board
1185 1318 47 58 of
1265 1316 145 60 Payne
1441 1310 183 66 Univer¬

306 1404 92 50 sity.
459 1401 75 53 Dr.
564 1398 154 56 Mixon
743 1394 77 60 has
845 1389 188 65 traveled
1060 1388 84 66 and
1169 1382 187 72 lectured
1381 1393 118 61 more
1523 1377 102 77 than

311 1485 83 37 any
418 1482 99 40 man
543 1467 42 55 in
610 1465 72 57 the
709 1463 140 59 State;
872 1460 55 62 he
950 1459 77 63 has
1051 1461 74 61 not
1150 1452 99 70 only
1274 1465 25 57 a
1322 1449 107 73 local
1452 1449 76 73 but
1552 1458 71 64 na¬

309 1536 132 42 tional
476 1532 252 50 reputation,
764 1528 83 54 and
881 1526 35 56 is
952 1538 52 44 an
1039 1518 335 64 acknowledged
1406 1514 141 68 leader
1580 1510 49 72 of

310 1618 109 27 men.
480 1602 71 43 He
571 1600 35 45 is
626 1599 71 46 the
716 1595 154 50 author
890 1593 47 52 of
958 1588 120 57 "The
1098 1585 235 60 Methodist
1354 1578 273 67 Luminary,"

311 1670 82 41 and
415 1665 121 46 ''The
555 1663 169 48 Broken
746 1658 176 53 Chain."

1046 1718 158 44 Sarah
1231 1716 38 52 J.
1296 1714 223 54 Duncan,

748 1803 78 42 305
863 1788 204 57 Franklin
1105 1785 150 60 Street,
1294 1782 154 63 Selma,
1484 1778 95 67 Ala.
