1953 2836
778 282 54 32 IN
869 284 283 36 ALABAMA.

1554 282 86 45 115

307 383 110 49 land,
444 384 56 48 H.
528 386 60 46 M.
615 387 148 45 Pillow
786 390 84 42 and
893 391 51 42 A.
972 393 237 43 Mcllwain.
1273 395 261 48 Conference
1556 401 74 42 ad¬

306 449 184 52 journed
522 462 46 39 to
597 461 85 40 met
714 462 42 39 at
789 456 146 45 Bethel
971 459 183 52 Church,
1190 463 173 52 Mobile,
1402 465 114 55 1897.

360 516 92 45 The
474 520 89 42 first
585 523 160 41 session
766 525 48 41 of
834 527 72 42 the
926 528 210 44 Alabama
1156 530 172 45 Annual
1352 533 276 55 Conference,

304 585 46 40 of
369 586 70 41 the
463 587 104 53 1896
586 590 321 51 quadrennium,
929 609 87 32 was
1036 594 98 47 held
1153 605 43 36 at
1217 597 192 56 Opelika,
1431 602 68 51 Rt.
1522 603 104 50 Rev.

303 651 56 42 H.
387 653 60 41 M.
475 651 179 55 Turner,
679 657 52 49 D.
756 659 66 49 D.,
847 662 231 54 presiding.

356 716 90 45 The
474 720 89 42 first
592 723 160 42 session
782 727 46 40 of
855 728 70 41 the
955 727 140 44 North
1124 731 208 46 Alabama
1361 734 264 47 Conference

298 785 135 42 under
457 787 160 54 Bishop
640 787 168 54 Turner
831 808 87 33 was
942 793 97 48 held
1063 805 41 36 at
1128 796 215 56 Florence,
1367 802 109 50 Ala.,
1505 805 115 54 1896.

354 852 159 54 Bishop
534 852 168 54 Turner
722 862 217 44 convened
959 863 70 43 the
1051 864 140 42 North
1212 866 210 45 Alabama
1443 870 178 45 Confer-

294 919 40 40 in
358 919 227 53 Anniston,
609 924 109 50 Ala.,
744 926 110 48 Nov.
883 929 115 53 1897.

352 982 91 45 The
487 988 171 43 Central
699 992 210 45 Alabama
951 995 263 47 Conference
1254 1008 85 35 met
1381 1004 40 41 in
1467 1005 147 44 Bethel

293 1050 184 55 Church,
508 1056 172 49 Mobile,
709 1059 115 52 Dec.,
857 1062 114 54 1897,
1002 1065 159 55 Bishop
1188 1065 167 55 Turner
1382 1074 230 55 presiding.

289 1118 126 43 Revs.
443 1121 51 40 R.
523 1121 52 42 D.
604 1124 164 43 Brooks
794 1130 84 39 and
905 1128 48 44 E.
982 1132 46 43 L.
1058 1132 160 44 Martin
1249 1134 266 47 Secretaries.
1576 1141 39 42 It

287 1199 87 28 was
395 1201 25 26 a
440 1190 77 39 sad
537 1190 262 44 conference.
833 1195 142 43 While
995 1198 71 42 the
1087 1200 159 55 Bishop
1269 1217 86 38 was
1378 1206 236 57 delivering

287 1252 63 40 his
373 1256 201 53 morning
596 1272 168 37 sermon
787 1261 51 48 he
861 1264 190 45 received
1074 1281 25 28 a
1118 1268 203 54 telegram
1344 1274 175 53 bearing
1541 1277 71 50 the

288 1321 75 39 f-ad
381 1334 117 28 news
520 1324 45 39 of
579 1325 77 41 the
676 1327 157 41 critical
855 1330 140 41 illness
1018 1332 45 41 of
1083 1335 64 40 his
1168 1336 112 42 wife.
1341 1339 103 42 Rev.
1467 1338 49 44 T.
1539 1342 69 42 W.

285 1384 270 54 Henderson,
575 1389 52 49 D.
649 1391 66 51 D.,
737 1393 201 49 Business
960 1398 211 55 Manager
1187 1404 48 49 of
1253 1402 72 51 the
1343 1405 265 48 Publication

284 1451 280 53 Department
588 1457 48 47 of
658 1457 70 47 the
754 1460 182 53 Church,
962 1464 162 49 offered
1148 1480 23 33 a
1195 1478 111 35 most
1331 1481 176 43 earnest,
1531 1490 74 38 pa¬

284 1517 129 42 thetic
453 1521 84 41 and
578 1525 314 54 sympathizing
932 1543 162 40 prayer.
1182 1531 93 52 The
1316 1537 160 55 Bishop
1517 1556 88 36 was

283 1584 148 43 forced
457 1594 46 34 to
529 1588 117 43 leave
672 1592 72 42 the
771 1596 249 43 conference
1047 1601 180 43 without
1253 1607 258 54 completing
1539 1610 65 51 his

280 1650 65 41 his
369 1654 131 40 work.
562 1654 69 43 On
655 1657 64 41 his
742 1661 155 43 arrival
920 1670 42 34 at
984 1664 177 47 Atlanta
1180 1667 52 44 he
1256 1671 136 42 found
1415 1675 91 41 that
1528 1675 76 42 her

280 1718 91 40 soul
394 1719 85 41 had
500 1734 112 40 gone
632 1730 46 44 to
697 1726 32 48 it
750 1725 79 49 last
851 1731 161 53 resting
1033 1734 127 51 place.
1221 1737 76 48 Dr.
1322 1739 45 46 C.
1393 1739 42 46 S.
1462 1740 139 45 Smith

287 1783 120 50 (now
444 1785 182 53 Bishop)
671 1792 83 46 and
789 1793 66 45 W.
893 1795 57 43 H.
988 1797 166 52 Mixon,
1190 1802 51 47 D.
1279 1804 65 49 D.,
1380 1820 111 33 were
1525 1822 72 37 ap¬

276 1850 172 50 pointed
470 1853 53 52 by
545 1854 70 51 the
639 1856 160 56 Bishop
821 1866 43 46 to
887 1865 205 52 complete
1115 1868 71 49 the
1204 1871 253 46 conference
1479 1876 120 41 work

274 1927 84 29 ana
378 1930 221 31 announce
615 1922 73 42 the
704 1926 323 50 appointments.

330 1980 91 44 The
454 1984 139 42 North
625 1988 208 44 Alabama
865 1993 263 47 Conference
1158 2015 85 28 met
1274 2004 40 41 in
1348 2005 245 45 Huntsville

274 2062 55 27 on
363 2050 235 44 December
632 2064 34 42 7,
708 2056 113 54 1898.
882 2060 59 50 At
973 2061 83 49 this
1092 2067 172 53 session,
1299 2071 100 50 also,
1435 2087 51 34 on
1521 2076 72 45 the

274 2129 115 28 same
411 2117 105 51 date,
538 2128 42 40 at
605 2133 49 35 10
674 2124 157 44 o'clock
851 2142 35 26 a.
908 2143 69 33 m.,
999 2138 41 38 at
1064 2132 190 52 Normal,
1277 2137 107 50 Ala.,
1407 2138 103 49 Rev.
1535 2142 54 45 N.

272 2182 47 45 L,.
357 2183 279 46 Edmondson
671 2205 86 27 was
791 2195 144 40 united
969 2197 45 40 in'
1045 2197 99 54 holy
1179 2201 190 50 wedlock
1401 2212 45 39 to
1481 2208 108 43 Miss

269 2249 123 42 Alice
422 2250 263 57 Shortridge,
716 2271 78 36 one
823 2261 46 46 of
898 2260 70 47 the
996 2264 203 52 teachers,
1231 2268 159 54 Bishop
1421 2269 167 53 Turner

267 2315 242 56 officiating.
570 2317 128 54 Their
723 2326 129 45 union
876 2342 87 29 was
988 2331 45 40 of
1058 2331 118 42 short
1201 2334 206 43 duration.
1467 2335 119 57 They

268 2383 72 41 fell
368 2385 166 42 victims
563 2393 45 36 to
634 2389 91 42 that
751 2393 335 45 much-dreaded
1116 2398 162 43 disease
1305 2404 209 53 smallpox
1544 2408 40 49 in

263 2448 71 42 the
356 2464 100 39 year
485 2464 115 42 1901,
626 2456 125 50 while
775 2462 221 53 pastoring
1020 2470 42 45 at
1087 2461 214 56 Florence,
1328 2469 95 48 Ala.
