1900 2800
280 286 92 48 212

635 292 250 34 AFRICAN
919 290 324 38 METHODISM

285 417 84 36 you
403 403 86 50 will
522 401 154 52 behold
708 399 72 54 the
813 400 123 53 silent
970 399 113 54 form
1116 397 47 56 of
1198 394 160 59 Bishop
1391 394 115 59 John
1542 391 72 62 M-

286 471 170 39 Brown.
516 468 99 42 You
635 468 108 42 have
764 467 137 43 found
920 464 66 46 his
1006 464 124 49 body.
1162 463 158 50 Where
1339 463 36 50 is
1396 459 68 54 his
1485 457 134 56 soul?"

287 537 39 40 It
348 537 76 40 has
448 549 111 37 gone
581 533 141 53 where
742 532 72 54 the
836 532 218 54 righteous
1079 529 106 57 shall
1207 530 167 56 hunger
1396 541 57 45 no
1476 539 131 47 more,

287 603 141 41 where
453 602 99 48 they
580 601 106 49 shall
712 600 126 50 thirst
863 613 58 37 no
946 610 131 40 more,
1106 596 142 54 where
1273 594 100 56 they
1400 593 108 57 need
1533 599 76 51 not

287 670 72 40 the
388 669 109 50 light
527 668 47 51 of
605 667 70 52 the
707 679 92 40 sun.
873 665 71 54 He
973 665 35 54 is
1040 663 104 56 with
1175 676 79 43 our
1283 660 210 59 heavenly
1524 656 70 63 Fa¬

288 737 94 39 ther
409 735 42 41 in
479 736 134 49 glory,
643 733 73 52 fed
742 733 84 52 and
852 731 68 54 led
946 737 46 48 to
1016 729 136 56 living
1179 728 221 57 fountains'
1424 727 58 58 by
1506 725 102 60 him.

289 803 71 39 He
389 801 78 41 has
501 801 178 41 reached
708 799 67 43 his
807 799 139 46 home,
978 796 143 49 where
1153 793 95 52 God
1280 793 103 52 with
1414 790 67 55 his
1513 803 106 42 own.

288 869 114 40 hand
425 868 76 41 has
526 867 138 50 wiped
688 867 54 50 all
765 872 111 45 tears
902 865 112 52 from
1039 863 66 54 his
1129 875 108 42 eyes.

347 936 70 40 He
449 948 87 28 was
568 935 106 41 born
707 934 43 42 in
784 931 179 47 Odessa,
997 930 234 48 Delaware,
1266 942 55 36 on
1353 927 73 51 the
1457 923 74 55 8th
1565 925 56 53 of

293 1002 258 50 September,
580 1000 128 52 1817;
734 999 97 53 died
856 999 153 53 March
1038 996 61 56 16,
1129 996 104 56 1893
1258 1001 46 51 at
1325 995 70 57 his1
1416 994 129 58 home
1566 992 51 60 in-

290 1068 299 50 Washington,
613 1066 53 52 D.
691 1065 46 53 C.
797 1065 83 53 His
901 1078 88 40 was
1011 1078 26 40 a
1057 1068 121 50 great
1198 1058 426 60 age—seventy-five-

291 1147 135 38 years.
485 1135 51 50 In
563 1134 66 51 his
659 1132 199 53 youthful
888 1132 103 53 days
1017 1129 57 56 he
1100 1127 288 58 remembered
1415 1125 67 60 his
1513 1124 100 61 Cre¬

291 1204 105 37 ator.
455 1199 121 42 With
604 1199 95 42 firm
730 1196 109 45 faith
866 1198 44 43 in
941 1196 109 48 God,
1080 1195 245 49 confidence
1352 1193 43 51 in
1424 1191 195 53 himself,,

290 1267 54 40 he
363 1281 86 27 was
469 1266 125 42 made
612 1278 24 30 a
654 1278 182 30 man—a
855 1269 121 45 great
994 1276 183 38 man—a
1197 1267 120 47 great
1337 1259 153 55 leader.
1549 1258 72 56 As-

292 1348 24 26 a
339 1332 221 52 shepherd,
583 1345 111 39 none
717 1328 187 56 excelled
926 1328 88 56 him
1037 1329 43 55 in
1102 1327 183 57 herding
1306 1324 66 60 his
1395 1324 123 60 flock.
1550 1324 73 60 As-

293 1415 26 26 a
352 1399 257 51 theologian,
643 1396 55 54 he
732 1411 87 39 was
854 1409 117 41 pure.
1061 1394 64 56 As
1161 1408 26 42 a
1218 1393 185 57 logician
1435 1391 57 59 he
1525 1406 88 44 was

292 1467 150 41 sound.
502 1466 71 42 He
596 1479 87 29 was
708 1479 26 29 a
758 1464 177 49 scholar,
961 1479 26 34 a
1010 1462 194 51 cultured
1228 1460 255 53 gentleman.
1544 1459 79 54 He

292 1538 133 35 wrote
444 1531 114 42 what
578 1532 53 41 he
650 1529 184 51 thought
853 1530 85 50 and
958 1529 120 51 acted
1098 1526 115 54 what
1232 1528 55 52 he
1306 1525 200 55 believed,
1530 1525 92 55 and

292 1599 92 41 that
415 1599 180 41 without
626 1611 54 29 an
712 1597 195 49 apology.

372 1663 120 43 With
511 1665 70 41 the
600 1676 185 36 courage
803 1663 46 49 of
868 1676 53 36 an
940 1661 247 51 Alexander
1206 1661 84 51 and
1310 1658 103 54 with
1431 1658 75 54 the
1524 1659 88 53 for¬

293 1732 136 40 titude
455 1732 47 40 of
528 1745 26 27 a
579 1728 230 51 Hannibal,
833 1729 55 50 he
915 1729 107 50 slept
1046 1728 157 51 behind
1227 1725 73 54 the
1326 1725 93 54 iron
1446 1726 97 53 bars
1571 1724 50 55 in*

293 1799 73 40 the
393 1797 199 42 Crescent
620 1796 108 50 City.
788 1795 71 51 All
888 1796 69 50 for
982 1794 138 52 Jesus'
1148 1794 112 52 sake.

350 1866 39 39 It
417 1878 87 27 was
531 1864 72 41 the
631 1862 179 43 General
840 1862 264 43 Conference
1128 1860 99 45 held
1254 1861 44 44 in
1325 1858 295 51 Washington-

294 1932 42 44 in
369 1930 116 50 1868,
513 1931 91 49 that
627 1929 170 51 clothed
823 1928 89 52 him
939 1926 102 54 with
1068 1942 27 38 a
1120 1926 235 54 sacerdotal
1383 1926 112 54 robe,
1523 1924 100 56 that

294 1997 188 41 elevated
509 1996 90 42 him
627 2003 46 35 to
699 1996 71 42 the
800 1996 259 49 episcopacy.
1120 1993 70 52 He
1218 2007 88 38 was
1335 2008 26 37 a
1389 1994 149 51 doctor
1565 1993 48 52 of

296 2065 177 49 divinity
496 2064 83 50 and
603 2077 23 37 a
650 2063 146 51 doctor
819 2063 47 51 of
889 2060 215 54 canonical
1129 2060 115 54 laws.

351 2131 71 40 He
444 2130 34 41 is
503 2130 119 48 dead,
647 2130 75 48 but
743 2128 69 50 his1
834 2129 126 49 deeds
985 2142 72 36 are
1080 2126 119 52 alive.
1260 2127 70 51 He
1353 2140 89 38 was
1467 2140 26 38 a
1516 2139 105 39 man-

295 2198 99 40 who
422 2197 142 41 would
593 2202 74 36 not
695 2196 110 42 bend
834 2194 66 44 his
929 2194 261 44 convictions
1219 2207 46 31 as
1294 2199 48 39 to
1370 2193 128 45 racial
1528 2193 90 45 and

294 2270 123 43 party
444 2276 209 37 manners.
741 2261 160 52 Bishop
941 2259 113 54 John
1097 2260 62 53 M.
1202 2259 171 54 Brown,
1400 2259 72 54 the
1500 2259 114 54 fore¬

296 2343 156 30 runner
480 2329 48 44 of
558 2328 180 45 African
769 2325 261 48 Methodism
1061 2326 42 47 in
1133 2325 221 49 Alabama,
1382 2323 78 51 has
1490 2337 124 37 gone.

297 2393 92 43 The
406 2408 95 36 eyes
518 2393 92 51 that
626 2393 109 51 have
753 2406 97 38 seen
868 2391 89 53 him
976 2391 85 53 will
1080 2405 69 39 see
1165 2391 88 53 him
1271 2405 59 39 no
1345 2404 130 40 more.
1533 2390 89 54 Jol>

297 2461 172 50 speaks;
489 2461 103 50 hear
613 2460 112 51 him:
747 2458 90 53 "As
858 2459 70 52 the
948 2457 126 54 cloud
1095 2457 35 54 is
1152 2458 232 53 consumed
1405 2457 85 54 and
1510 2470 106 41 van-
