1900 2800
765 292 58 34 IN
856 294 286 37 ALABAMA.

1561 285 59 46 51

351 400 94 46 The
469 403 177 43 election
673 408 48 40 of
747 408 180 44 General
955 411 263 42 Conference
1243 412 212 53 delegates
1479 419 46 46 to
1548 413 72 52 the

298 471 292 54 forthcoming
619 475 162 50 session
810 483 46 42 to
884 485 109 40 meet
1022 484 43 41 at
1095 477 61 48 St.
1187 479 144 49 Louis,
1363 480 103 48 Mo.,
1501 479 117 50 1880,

296 551 87 27 was
416 551 46 27 as
497 537 193 43 follows:

356 615 46 42 C.
435 616 47 44 L.
515 616 167 50 Harris,
718 617 152 49 Prince
901 618 205 49 Gardner,
1138 618 70 49 W.
1239 620 53 47 D.
1326 622 174 45 Morton
1531 622 85 45 and

297 680 46 43 F.
365 682 57 41 H.
447 681 150 44 Smith.
656 683 256 51 Alternates,
932 684 37 51 J.
992 683 50 52 T.
1066 684 174 54 Gipson,
1265 686 44 52 C.
1334 688 61 50 M.
1417 687 199 52 Jackson,

299 749 60 41 M.
383 749 38 52 J.
447 747 188 54 Thomas
659 751 85 50 and
769 750 47 51 B.
843 751 48 50 L.
918 750 215 51 Coleman.
1193 747 91 54 The
1308 753 69 52 lay
1402 753 214 52 delegates

297 830 121 34 were,
450 816 84 48 Mr.
565 815 50 49 E.
645 817 70 47 W.
748 816 143 50 Stone,
936 817 47 49 of
1028 817 153 49 Selma,
1226 820 84 46 and
1354 820 85 46 Mr.
1482 820 133 52 Jacob

298 884 174 52 Wycke,
510 884 48 52 of
596 881 215 55 Florence.
870 885 60 51 At
966 886 83 50 this
1087 886 161 50 session
1287 886 119 50 Prof.
1445 887 69 49 W.
1554 887 59 49 H.

301 951 204 50 Councill,
541 951 222 50 President
808 952 47 49 of
902 953 72 48 the
1022 953 178 48 Normal
1248 955 84 46 and
1380 954 232 47 Industrial

299 1016 165 50 School,
489 1017 192 50 Normal,
703 1018 109 49 Ala.,
836 1033 87 34 was
947 1020 69 47 for
1036 1020 71 47 the
1129 1020 90 47 first
1240 1020 104 47 time
1363 1020 250 47 introduced

297 1091 45 34 to
373 1095 57 30 an'
461 1084 180 41 African
678 1085 61 41 M.
775 1083 50 45 E.
863 1085 273 43 Conference.
1197 1087 40 41 It
1271 1099 87 29 was
1392 1088 119 40 there
1542 1087 73 43 the

297 1151 140 40 writer
468 1151 90 41 first
589 1159 85 34 met
705 1151 88 42 him
826 1153 83 40 and
941 1153 274 52 pronounced
1245 1154 89 51 him
1366 1169 26 36 a
1423 1163 190 42 capital

299 1228 119 38 man,
451 1218 84 48 and
568 1217 102 49 with
704 1218 54 48 all
792 1219 73 47 the
895 1233 121 38 years
1050 1220 48 51 of
1130 1233 79 38 our
1242 1221 265 50 association,
1541 1221 73 50 the

298 1286 138 50 goods1
462 1285 42 51 in
533 1285 65 51 his
629 1299 133 39 upper
791 1293 117 46 story
937 1287 108 52 have
1072 1297 130 42 neve?
1229 1288 104 51 been
1364 1288 247 51 exhausted.

350 1372 95 42 Our
479 1373 183 41 districts
696 1386 110 28 were
839 1374 100 53 only
971 1381 88 46 two
1089 1373 230 54 then—the
1353 1376 142 51 Selma
1527 1378 84 49 and

299 1437 203 44 Florence
542 1440 212 41 Districts.
826 1441 105 42 Rev.
989 1440 123 43 Price
1167 1441 193 42 Gardner
1415 1444 196 51 presided

295 1520 100 27 over
418 1506 71 42 the
513 1507 160 41 former
696 1508 84 40 and
804 1507 70 41 W.
899 1508 53 41 D.
980 1508 178 41 Morton
1180 1522 102 27 over
1304 1509 73 40 the
1398 1509 134 41 latter.

352 1584 117 52 May,
508 1584 117 52 1880,
659 1585 73 51 thf*
766 1584 180 52 General
982 1584 264 52 Conference
1278 1585 139 51 which
1450 1592 86 44 met
1569 1587 43 49 in

300 1651 61 43 St.
401 1652 144 49 Louis,
588 1653 104 48 Mo.,
732 1653 229 52 appointed
999 1651 73 54 the
1111 1652 69 53 Rt.
1221 1653 104 52 Rev.
1367 1653 247 52 Alexander

295 1719 286 53 Washington
613 1720 227 52 Wayman,
871 1719 54 53 D.
957 1720 68 52 D.,
1057 1726 46 46 to
1132 1718 71 54 the
1234 1720 379 53 superintendency

294 1786 47 40 of
367 1785 83 42 this
477 1786 190 41 Diocese.
728 1787 70 40 He
824 1786 196 52 presided
1046 1799 101 39 over
1172 1787 72 51 the
1270 1787 242 51 fourteenth
1539 1800 73 38 an¬

293 1854 99 39 nual
418 1853 161 40 s'ession
604 1853 47 41 of
674 1854 73 40 the
770 1853 209 41 Alabama
1003 1852 264 42 Conference
1290 1852 138 42 which
1453 1866 156 28 assem¬

293 1920 94 40 bled
415 1920 42 40 in
483 1919 333 52 Unionsprings,
844 1919 109 52 Ala..
980 1919 234 52 December
1243 1919 50 52 16
1317 1926 46 45 to
1388 1930 69 41 2<~>,
1485 1918 126 53 1880;

294 1987 242 41 secretaries
561 2000 110 28 were
696 1986 104 42 Rev.
829 1985 172 43 Charles
1028 1985 42 43 S.
1097 1986 166 49 Harris,
1289 1984 37 51 E
1364 1985 58 50 H.
1448 1985 159 50 Dixon,

294 2053 83 40 and
409 2053 57 40 H.
502 2052 46 41 C.
583 2051 206 42 Calhoun.
876 2052 147 49 Hymn
1068 2052 117 49 used,
1231 2063 111 38 page
1384 2050 93 51 807,
1525 2050 82 51 No.

292 2132 94 39 990,
407 2120 120 51 "Lift
546 2133 57 38 up
624 2132 109 39 your
751 2119 144 52 hearts1
912 2123 45 48 to
975 2116 144 55 things
1141 2117 143 54 above,
1306 2114 68 57 Ye
1395 2115 213 56 followers

292 2187 48 40 of
361 2187 72 41 the
457 2185 175 44 Lamb."
694 2183 218 50 Scripture
934 2183 162 50 Lesson
1122 2181 60 52 St.
1210 2182 124 51 Matt.
1359 2181 100 52 24th
1482 2179 127 54 chap¬

293 2260 74 35 ter.

350 2329 193 53 Visiting
558 2327 221 55 brethren:
799 2327 104 55 Rev.
923 2326 142 56 James
1085 2325 150 57 Porter
1254 2323 48 59 of
1320 2323 71 59 the
1411 2321 196 61 Georgia,

294 2397 276 49 Conference,
599 2396 105 50 Rev.
735 2393 49 53 G.
814 2394 70 52 W.
915 2393 162 53 Bryant
1106 2390 115 56 from
1250 2387 222 59 Columbia
1500 2388 110 58 Con¬

294 2466 180 49 ference,
495 2464 105 51 Rev.
623 2463 62 52 M.
707 2459 51 56 E.
780 2461 175 54 Bryant,
976 2459 105 56 Rev.
1101 2454 50 61 T.
1172 2457 38 58 J.
1232 2456 251 59 Routledge,
1504 2457 105 58 Rev.
