1900 2800
735 615 288 46 CHAPTER
1045 618 103 43 VII.

342 792 93 40 The
480 790 180 42 General
706 788 263 44 Conference
1013 785 215 47 convened
1271 783 41 49 in
1358 782 242 50 Baltimore,

286 860 107 48 Md.,
419 858 71 50 the
512 857 91 51 first
629 855 192 53 Monday
845 853 44 55 in
914 854 118 54 May,
1061 851 115 57 1884.
1258 849 60 59 At
1340 849 72 59 the
1437 846 167 62 conclu¬

286 927 92 39 sion
402 924 48 42 of
472 924 72 42 the
567 924 120 42 work
710 922 47 44 of
780 920 91 46 that
894 919 123 51 body,
1043 919 70 51 the
1135 917 164 53 apostle
1320 915 47 55 of
1392 914 213 56 Christian

288 993 224 41 education
541 992 43 42 in
613 989 65 45 his
709 990 83 50 day
819 988 84 52 and
931 985 258 55 generation,
1220 984 69 56 Rt.
1320 983 104 57 Rev.
1454 981 152 59 Daniel

290 1058 244 41 Alexander
563 1055 156 53 Payne,
746 1055 53 53 D.
828 1055 66 53 D.,
923 1054 85 54 LL.
1036 1053 67 55 D.,
1130 1065 87 43 was
1244 1048 198 60 assigned
1467 1054 46 54 to
1536 1046 72 62 the

288 1126 171 50 general
510 1123 381 53 superintendency
939 1120 47 56 of
1035 1119 247 57 episcopacy
1331 1116 48 60 of
1425 1114 72 62 the
1532 1116 73 60 7th

293 1193 227 51 Episcopal
562 1190 178 54 District
780 1186 224 58 including
1042 1184 211 60 Alabama
1293 1180 84 64 and
1420 1176 186 68 Florida.

292 1261 70 39 He
382 1259 98 41 held
502 1258 71 42 the
595 1257 90 43 first
708 1254 160 46 session
891 1254 47 46 of
960 1252 71 48 the
1052 1251 210 49 Alabama
1284 1248 261 52 Conference
1566 1245 43 55 in

294 1327 171 48 Mobile,
489 1325 109 50 x\la.,
621 1324 101 51 Dec.
752 1331 135 44 10-17,
916 1319 115 56 1884.
1078 1318 160 57 Bishop
1261 1316 58 59 H.
1344 1315 61 60 M.
1429 1310 179 65 Turner,

292 1394 53 41 D.
371 1394 67 47 D.,
465 1392 86 49 LL.
577 1391 67 50 D.,
671 1403 86 38 was
784 1388 160 53 Bishop
971 1386 179 55 Payne's
1175 1382 209 59 assistant,
1410 1380 85 61 and
1518 1380 44 61 in
1586 1392 25 49 a

292 1473 195 27 measure
532 1456 236 44 conducted
814 1455 74 45 the
931 1453 147 47 affairs
1126 1452 47 48 of
1216 1450 73 50 the
1335 1446 272 54 Conference.

294 1527 125 40 Revs.
446 1526 32 41 I.
506 1525 54 42 N.
586 1521 259 51 Fitzpatrick
868 1521 84 51 and
973 1518 132 54 Louis
1129 1515 169 57 Hillary
1321 1527 112 45 were
1454 1511 157 61 elected

296 1591 253 41 secretaries.

350 1655 140 43 There
508 1668 112 30 were
637 1669 58 29 no
712 1651 263 47 ordinations
993 1657 43 41 at
1055 1648 82 50 this
1157 1647 172 51 session.
1361 1644 103 54 Rev.
1487 1641 45 57 C.
1554 1640 58 58 H.

302 1727 142 46 Mead,
472 1724 54 49 D.
553 1723 69 50 D.,
647 1721 73 52 the
744 1726 121 47 great
890 1726 265 47 temperance
1182 1716 192 57 lecturer,
1402 1707 210 66 delivered

296 1807 24 25 a
350 1804 168 28 sermon
546 1804 57 28 on
633 1786 121 46 "The
784 1785 170 47 Church
984 1785 84 47 and
1098 1778 324 54 Temperance."
1454 1775 161 57 Bishop

300 1860 143 51 Payne
476 1856 212 55 delivered
719 1853 66 58 his
817 1852 233 59 celebrated
1080 1850 169 61 lecture,
1281 1844 159 67 "What
1470 1841 146 70 Agen¬

301 1928 83 39 cies
408 1925 96 42 God
526 1924 35 43 is
583 1921 265 53 Employing
869 1919 71 55 for
958 1918 73 56 the
1052 1912 351 62 Reconstruction
1425 1911 86 63 and
1532 1908 80 66 Re¬

300 1993 216 50 demption
548 1990 47 53 of
625 1987 193 56 Africa."
876 1982 93 61 The
998 1983 118 60 large
1145 1994 98 49 map
1274 1979 46 64 of
1349 1976 152 67 Africa
1530 1988 87 55 was

301 2059 211 41 stretched
537 2069 141 31 across
703 2054 71 46 the
798 2049 170 51 church.
1026 2046 94 54 The
1142 2046 157 54 lecture
1323 2058 86 42 was
1433 2041 183 59 pointed,

302 2124 249 42 instructive
590 2122 84 44 and
713 2117 301 51 encouraging.
1073 2111 94 57 The
1204 2111 200 57 different
1442 2108 176 60 stations

302 2193 142 40 where
477 2189 72 44 the
582 2188 172 45 various
792 2183 211 50 Christian
1039 2177 338 56 denominations
1408 2174 86 59 had
1527 2187 93 46 per¬

304 2259 139 40 fected
478 2256 109 43 their
623 2253 252 48 missionary
910 2247 314 54 organizations
1259 2256 113 45 were
1405 2239 159 62 shown.

359 2326 104 39 Rev.
489 2323 41 42 S.
554 2322 47 43 L.
626 2321 131 44 Mims
779 2332 86 33 was
886 2314 156 51 elected
1064 2312 262 53 Conference
1346 2308 121 57 Book
1490 2307 131 58 Stew¬

304 2392 89 40 ard.

947 2444 43 31 73
