1900 2800
755 645 289 46 CHAPTER
1075 647 58 44 II.

477 802 277 45 HISTORY
785 801 80 46 OF
895 802 228 45 BROWN
1157 799 256 48 CHAPEL.

337 892 93 43 The
464 893 225 53 following
720 906 71 40 are
821 892 73 54 the
923 893 146 53 words
1098 892 203 54 recorded
1332 891 207 55 verbatim
1569 897 41 49 et

286 962 209 49 literatim,
530 976 46 35 as
611 962 137 49 found
781 962 42 49 in
856 960 71 51 the
960 961 90 50 first
1084 959 230 53 Quarterly
1348 958 264 54 Conference

286 1031 178 51 Journal
493 1029 47 53 of
570 1030 158 52 Brown
760 1026 174 56 Chapel,
963 1026 124 56 when
1117 1029 31 53 it
1176 1040 88 42 was
1294 1026 136 56 styled
1458 1040 27 42 a
1511 1026 100 56 mis¬

285 1097 91 40 sion
398 1097 48 40 of
469 1095 71 42 the
562 1096 180 41 African
767 1094 237 43 Methodist
1025 1092 228 54 Episcopal
1278 1092 184 54 Church,
1486 1092 123 54 with¬

286 1171 74 34 out
381 1163 72 42 the
472 1176 135 36 name,
633 1163 186 49 "Brown
843 1160 199 53 Chapel."

341 1228 97 40 "An
457 1233 180 36 account
653 1226 48 43 of
717 1228 71 41 the
804 1227 295 49 organization
1115 1227 48 49 of
1179 1224 73 52 the
1266 1226 182 50 African
1468 1222 142 54 Meth¬

289 1297 111 41 odist
437 1295 228 52 Episcopal
703 1294 171 53 Church
911 1295 43 52 in
993 1293 153 54 Selma,
1184 1293 110 54 Ala.,
1333 1292 175 55 August
1545 1303 66 44 30,

293 1363 116 52 1867,
429 1364 54 51 by
502 1363 104 52 Rev.
626 1363 112 52 John
759 1360 180 55 Turner,
959 1362 55 53 by
1033 1367 176 48 consent
1227 1361 47 54 of
1293 1360 72 55 the
1385 1359 228 56 Presiding

289 1430 143 50 Elder,
455 1431 104 49 Rev.
582 1431 77 49 Dr.
685 1428 191 52 Mitchell
897 1429 162 52 having
1080 1428 265 54 supervision
1368 1428 47 54 of
1436 1426 71 56 the
1529 1427 84 55 col¬

291 1498 102 40 ored
418 1498 208 40 members
653 1497 47 41 of
726 1497 71 41 the
824 1497 62 41 M.
913 1494 52 45 E.
993 1495 184 47 Church,
1207 1494 149 48 South,
1383 1495 46 47 in'
1456 1494 153 48 Selma,

290 1578 55 27 on
366 1564 71 41 the
459 1564 99 51 30th
580 1564 82 51 day
682 1564 48 51 of
749 1563 187 52 August,
957 1562 54 53 A.
1033 1562 68 53 D.,
1127 1561 117 54 1867,
1266 1561 112 54 after
1398 1576 25 39 a
1444 1574 168 41 sermon

290 1632 55 51 by
369 1631 73 52 the
468 1631 104 52 Rev.
600 1629 113 54 John
739 1626 180 57 Turner,
949 1628 357 55 Superintendent
1332 1628 48 55 of
1408 1628 205 55 Missions

291 1700 42 38 in
356 1698 72 41 the
450 1698 230 43 Louisiana
703 1698 188 46 District,
917 1697 41 47 in
981 1697 71 47 the
1075 1697 177 47 absence
1274 1697 47 47 of
1343 1696 73 48 the
1438 1695 174 52 Bishop,

291 1766 85 41 and
395 1780 23 27 a
439 1766 80 41 full
540 1771 225 36 statement
784 1779 45 28 as
849 1772 46 35 to
911 1764 73 43 the
1000 1765 228 51 privileges
1248 1764 47 52 of
1313 1763 73 53 the
1404 1763 209 53 members

291 1834 42 39 in
366 1834 107 40 view
507 1833 47 41 of
586 1833 71 41 the
691 1832 204 42 fraternal
928 1831 199 43 relations
1162 1831 233 51 subsisting
1424 1831 190 51 between

290 1901 93 40 that
408 1900 160 41 church
593 1900 85 41 and
703 1900 72 41 the
800 1899 181 42 African
1008 1899 62 42 M.
1097 1897 51 44 E.
1177 1897 185 49 Church,
1387 1897 74 49 the
1483 1895 132 51 Elder

291 1968 231 53 suggested
546 1974 45 47 to
614 1968 73 53 the
713 1966 170 55 Church
907 1966 92 55 that
1024 1980 45 41 as
1094 1979 126 42 many
1245 1979 46 42 as
1316 1979 112 42 were
1451 1965 165 56 willing

290 2042 46 34 to
360 2036 118 40 unite
503 2035 104 41 with
632 2034 71 42 the
728 2034 182 42 African
937 2034 62 42 M.
1027 2031 51 45 E.
1106 2032 183 49 Church,
1318 2032 161 52 signify
1504 2032 32 52 it
1559 2032 56 52 by

292 2103 136 52 rising
451 2110 47 45 to
519 2102 111 53 their
655 2102 98 53 feet,
779 2102 111 53 after
914 2101 139 54 which
1077 2099 72 56 the
1173 2100 133 55 entire
1329 2099 285 56 membership

292 2184 94 26 rose
411 2176 45 34 to
481 2168 109 42 their
617 2169 97 41 feet.
769 2167 143 43 When
936 2166 73 44 the
1035 2166 253 51 suggestion
1310 2178 88 39 was
1423 2165 126 52 made
1571 2171 46 46 to

291 2238 123 40 those
432 2237 100 41 who
548 2249 112 29 were
679 2235 188 52 opposed
884 2240 45 47 to
948 2234 74 53 the
1040 2234 166 53 change
1224 2231 139 56 which
1383 2245 86 42 was
1489 2231 129 56 being

293 2304 137 48 made,
460 2304 120 48 there
608 2316 88 36 was
725 2309 75 43 not
830 2315 92 37 one,
952 2314 49 38 so
1028 2299 91 53 that
1147 2299 72 53 the
1248 2298 158 54 church
1435 2312 87 40 was
1552 2312 63 40 re¬

292 2371 163 53 garded
479 2383 46 41 as
548 2365 261 59 thoroughly
832 2368 84 56 and
939 2367 291 57 permanently
1255 2365 202 59 received.
1489 2365 129 59 After

293 2453 24 27 a
340 2439 86 41 few
447 2437 190 43 remarks
659 2436 55 52 by
735 2434 73 54 the
829 2433 131 55 Elder
982 2434 84 54 and
1088 2433 105 55 Rev.
1218 2431 193 57 Godfrey
1434 2432 47 56 B.
1505 2428 111 60 Tay-

938 2497 45 33 25
