1900 2800
280 283 60 57 16

634 289 240 48 AFRICAN
907 287 331 50 METHODISE

287 424 192 41 Number
505 423 47 42 of
577 419 144 46 school

1546 412 55 42 42

1395 473 209 53 $890,574

285 490 233 42 Valuation

286 555 210 43 Teachers

290 625 202 42 Students
528 655 7 12 .

290 692 237 41 Graduates

1474 549 129 43 ..179

1479 608 123 52 6,925

1477 708 9 8 .
1505 674 101 54 .696

291 758 174 42 Annual
493 758 165 42 income

293 827 172 40 Annual
498 824 282 45 Conferences

1400 744 207 53 $125,650

1553 811 54 41 67

351 927 142 52 James
529 922 204 57 McGhee,
770 921 46 58 C.
851 921 36 58 J.
923 920 125 59 Rose,
1083 916 188 63 Edward
1304 916 157 63 Butler,
1495 912 109 67 John

297 996 97 48 Lee,
421 993 149 51 Simon
591 992 69 52 W.
688 990 179 54 Shields,
890 989 85 55 and
998 988 124 56 Peter
1146 986 105 58 Inge
1274 998 110 46 were
1405 983 202 61 admitted

297 1076 54 27 on
384 1060 235 53 probation.
679 1056 173 57 Charles
886 1056 151 57 Green,
1069 1052 148 61 Enoch
1249 1049 157 64 Taylor
1438 1050 83 63 and
1553 1050 52 63 D.

297 1130 54 39 A.
380 1128 132 52 Perry
537 1138 111 42 were
673 1123 261 57 readmitted.
992 1121 244 59 Admitted:
1262 1120 200 60 Littleton
1488 1116 119 64 Dud¬

300 1198 78 49 ley,
400 1196 54 51 A.
477 1195 38 52 J.
539 1193 292 54 Williamson;
853 1188 188 59 Thomas
1063 1189 155 58 Lyson,
1243 1186 157 61 Michel
1423 1186 185 61 Rechor-

301 1276 76 27 ous
416 1261 85 42 and
538 1259 151 44 Daniel
730 1258 149 45 Smith.
966 1257 205 46 Itinerant
1209 1255 201 48 deacons:
1450 1251 49 52 G.
1539 1251 69 52 W.

304 1329 254 48 Raspberry,
586 1326 142 51 James
754 1325 155 52 James,
938 1322 50 55 G.
1018 1322 58 55 H.
1104 1322 182 55 Hunter,
1316 1318 39 59 G
1394 1319 59 58 H.
1482 1315 128 62 Font-

306 1408 87 37 roy,
420 1394 52 51 A.
498 1393 37 52 J.
562 1391 281 54 Williamson,
869 1387 187 58 Thomas
1082 1388 154 57 Lyson,
1265 1386 61 59 M.
1354 1383 257 62 Rechorous,

307 1459 83 54 Ely
416 1459 206 54 Johnson,
650 1456 152 57 Daniel
831 1455 150 58 Smith,
1011 1453 47 60 C.
1088 1452 127 61 Gates
1243 1452 83 61 and
1353 1452 69 61 W.
1451 1451 49 62 L.
1529 1449 85 64 Bil-

307 1529 106 51 lups.
473 1527 127 53 Local
634 1526 202 54 deacons:
867 1522 207 58 Emanuel
1107 1522 142 58 Lyson
1283 1520 82 60 and
1397 1517 215 63 Abraham

307 1595 184 41 Canaan.
523 1592 151 44 Elders
693 1589 224 47 ordained:
936 1590 69 46 W.
1025 1589 69 47 W.
1114 1587 179 49 Wilson,
1315 1586 124 50 Noah
1458 1585 154 52 James.

311 1660 141 40 David
484 1659 151 48 Bruce,
669 1654 47 53 F.
750 1656 47 51 B.
832 1652 171 55 Taylor,
1037 1653 45 54 S.
1114 1653 49 54 B.
1197 1652 266 55 Henderson,
1497 1649 33 58 I.
1563 1647 49 60 E.

313 1725 153 50 Fields,
502 1725 48 50 G.
585 1724 68 51 W.
689 1722 215 53 Wigham,
940 1719 200 56 Friendly
1172 1719 38 56 J.
1246 1719 156 56 Brown
1436 1717 84 58 and
1553 1716 60 59 M.

310 1794 61 40 M.
394 1793 143 51 Mayo.
596 1791 104 53 Rev.
721 1789 53 55 A.
797 1788 54 56 N.
871 1787 183 57 Jackson
1076 1800 87 44 was
1183 1785 203 59 expelled.

366 1887 91 45 The
492 1890 251 47 missionary
777 1900 165 37 sermon
978 1899 86 38 was
1101 1885 209 52 delivered
1344 1884 55 53 by
1432 1883 103 54 Rev.
1573 1880 42 57 S.

313 1959 56 40 H.
394 1958 180 50 Bignon.
634 1955 75 53 Dr.
733 1954 46 54 B.
804 1952 68 56 W.
895 1952 153 56 Arnett
1069 1950 235 58 conducted
1326 1950 72 58 the
1419 1947 199 61 religious

312 2023 219 41 exercises.
590 2018 93 46 The
710 2018 211 52 delegates
949 2016 156 54 elected
1132 2023 47 47 to
1203 2016 72 54 the
1303 2014 182 56 ensuing
1512 2012 109 58 Gen¬

315 2091 85 40 eral
433 2089 261 42 Conference
724 2100 109 31 were
864 2083 151 48 Elders
1046 2082 49 49 E.
1128 2084 56 47 H.
1218 2083 248 48 Dickerson,
1500 2080 42 51 S.
1576 2081 47 50 L.

321 2157 142 47 Mims,
486 2155 113 49 Wm.
624 2152 209 52 Bradwell
853 2152 84 52 and
959 2151 33 53 I.
1017 2149 55 55 N.
1095 2147 270 57 Fitzpatrick.
1424 2149 92 55 Lay
1537 2148 66 56 del
1615 2171 8 33 ¬

318 2229 141 46 egates
475 2236 7 39 :
520 2221 68 54 W.
629 2219 41 56 S.
709 2218 176 57 Cooper,
922 2217 48 58 of
1006 2217 314 58 Montgomery,
1358 2216 84 59 and
1478 2215 148 60 Albert

317 2289 283 51 Roguemore,
626 2288 48 52 of
699 2283 198 57 Eufaula.

373 2389 60 39 At
456 2402 80 26 one
561 2387 49 41 of
633 2386 70 42 the
727 2383 122 54 night
873 2384 180 53 services
1078 2383 76 54 Dr.
1180 2383 155 54 Arnett
1358 2382 188 55 lectured
1571 2397 56 40 on

316 2456 71 40 the
411 2454 174 53 subject,
612 2453 122 54 "Our
759 2451 208 56 Church."
1000 2448 159 59 Bishop
1184 2451 210 56 Wayman
1418 2448 209 59 preached
