1900 2800
739 322 56 31 IN
826 318 286 37 ALABAMA.

1505 299 87 44 169

271 445 113 34 trust
413 446 47 33 to
488 441 178 39 another
695 439 106 41 until
833 451 95 29 now
959 437 52 43 he
1040 436 76 44 has
1145 448 59 32 no
1233 432 192 49 superior
1453 431 42 50 in
1525 430 72 51 the

271 505 139 50 ebony
451 516 107 39 race.

330 570 145 41 While
505 586 65 25 we
598 572 128 40 know
755 570 180 49 nothing-
964 569 46 50 of
1039 568 71 51 the
1141 566 162 53 culture
1333 565 45 54 of
1407 563 65 56 his
1502 575 96 44 par¬

275 645 106 42 ents,
409 639 32 48 it
469 638 33 49 is
532 638 270 49 presumably
829 644 93 43 true
950 636 90 51 that
1067 635 52 52 he
1146 635 76 52 has
1251 632 185 55 attained
1463 629 137 58 honor

276 706 84 39 and
384 705 114 40 fame
518 704 267 51 throughout
805 704 70 51 the
896 703 130 52 result
1046 700 47 55 of
1115 699 288 56 self-sacrifice
1424 697 84 58 and
1529 710 73 45 ap¬

278 770 201 52 plication
501 770 103 52 than
626 769 186 53 through
836 771 71 51 the
929 768 259 54 inheritance
1209 767 47 55 of
1277 771 121 51 great
1420 763 183 59 intellec¬

278 839 89 40 tual
392 838 85 41 and
502 839 135 40 moral
661 849 177 38 powers,
864 843 69 44 yet
957 849 56 38 no
1037 848 81 39 one
1141 834 98 53 who
1261 831 76 56 has
1361 830 132 57 heard
1515 830 88 57 him

281 905 103 40 feels
411 905 198 49 disposed
634 911 46 43 to
704 902 199 52 discredit
926 902 65 52 his
1015 901 142 53 native
1181 900 156 54 ability.

338 969 241 46 Following
611 984 50 31 so
691 970 328 48 closely—upon
1051 968 72 50 the
1153 967 114 51 heels
1299 979 46 39 as
1377 966 33 52 it
1440 977 167 41 were—

282 1040 47 39 of
358 1038 101 43 Sam
483 1038 143 50 Jones,
653 1049 65 39 we
743 1042 154 46 cannot
923 1035 158 53 refrain
1110 1035 111 53 from
1248 1033 265 55 contrasting
1536 1029 72 59 the

285 1113 96 33 two.
443 1105 215 41 If—from
687 1104 84 42 Mr.
799 1103 142 48 Jones'
970 1101 288 50 introduction
1285 1114 63 37 we
1375 1098 115 53 learn
1517 1099 91 52 that

285 1174 128 48 Jones
435 1172 75 50 has
532 1185 25 37 a
576 1171 129 51 white
724 1169 92 53 skin
839 1170 84 52 and
943 1184 24 38 a
987 1169 123 53 black
1129 1167 241 55 heart—we
1393 1166 81 56 feel
1496 1179 113 43 com¬

287 1239 137 50 pelled
447 1245 47 44 to
516 1237 132 52 credit
673 1235 193 54 Councill
890 1234 102 55 with
1018 1249 25 40 a
1065 1235 121 54 black
1211 1234 93 55 skin
1328 1234 84 55 and
1435 1245 25 44 a
1484 1231 127 58 white

287 1306 132 39 heart.

348 1383 229 41 Councill's
596 1383 176 41 address
793 1395 87 29 was
900 1380 167 50 logical,
1086 1380 282 50 progressive,
1392 1380 89 50 free
1502 1379 112 51 from

290 1451 167 40 animus
489 1451 84 40 and
604 1449 229 42 vindictive
866 1448 281 50 expressions,
1180 1445 125 53 while
1339 1446 101 52 Sam
1471 1446 143 52 Jones,

291 1516 99 41 who
418 1516 131 52 spoke
578 1529 55 39 on
661 1516 72 52 the
760 1515 199 53 previous
988 1515 238 53 afternoon,
1255 1525 87 43 was
1372 1512 113 56 filled
1513 1510 100 58 with

294 1585 125 40 bitter
451 1597 198 35 sarcasm,
681 1597 87 35 was
797 1589 76 43 not
902 1582 201 50 intended
1145 1588 44 44 to
1232 1581 52 51 be
1326 1580 165 52 logical,
1535 1579 84 53 and

296 1652 225 40 abounded
546 1651 42 41 in
615 1665 52 27 an
694 1650 247 50 aggressive
966 1648 229 52 vindictive
1220 1647 132 53 spirit.

356 1717 194 42 Councill
576 1731 88 28 was
691 1717 295 48 constructive,
1013 1716 129 49 Jones
1169 1729 87 36 was
1284 1714 276 51 destructive;
1587 1713 35 52 if

299 1785 193 41 Councill
521 1785 139 41 found
687 1784 109 42 fault
823 1783 53 43 he
904 1783 231 50 suggested
1163 1797 24 36 a
1215 1783 171 50 remedy
1414 1795 47 38 or
1488 1781 133 52 better

299 1864 107 38 way,
443 1851 125 51 while
603 1850 130 52 Jones
770 1848 272 54 slaughtered
1078 1848 332 54 indiscriminate
1444 1847 179 55 without

300 1919 186 51 apology
514 1919 84 51 and
625 1916 181 54 without
832 1916 71 54 the
931 1914 236 56 intimation
1197 1915 47 55 of
1270 1915 133 55 better
1430 1913 192 57 methods

302 2000 48 26 or
376 1986 134 40 better
537 1984 405 42 instrumentalities.

361 2063 194 41 Councill
582 2063 105 41 used
713 2062 114 50 good
853 2061 117 51 clean
996 2057 195 55 English,
1217 2058 126 54 while
1367 2058 129 54 Jones
1522 2058 105 54 used

304 2130 264 41 cotton-field
589 2129 151 42 dialect
760 2128 83 43 and
864 2125 337 50 provincialisms
1222 2126 42 49 in
1285 2124 237 51 profusion,
1545 2126 83 49 and

307 2197 174 47 pointed
513 2195 66 49 his
614 2195 137 49 shafts
784 2192 102 52 with
918 2193 71 51 the
1021 2192 150 52 poison
1204 2191 45 53 of
1283 2204 146 40 coarse
1458 2192 171 52 vulgar¬

307 2265 115 38 isms.
485 2261 193 42 Councill
706 2274 87 29 was
834 2260 71 43 the
947 2258 204 45 educated
1192 2258 240 49 gentleman
1475 2265 154 42 orator,

309 2329 126 41 while
460 2329 129 50 Jones
617 2341 87 38 was
730 2327 70 52 the
824 2325 211 54 ignorant,
1062 2324 274 55 back-woods
1364 2325 265 54 story-teller.

368 2395 192 41 Councill
583 2394 76 42 has
682 2407 24 29 a
727 2391 305 45 mission—the
1052 2390 128 50 uplift
1202 2392 46 48 of
1269 2389 64 51 his
1357 2405 93 35 race
1472 2392 42 48 in
1537 2406 95 36 par¬

311 2461 165 47 ticular,
499 2460 85 48 and
605 2458 53 50 all
682 2472 115 36 races
820 2458 41 50 in
883 2455 184 53 general,
1090 2456 125 52 while
1234 2457 128 51 Jones
1382 2456 85 52 had
1488 2471 25 37 a
1533 2459 99 49 mis-
