1900 2800
747 322 57 31 IN
838 321 284 36 ALABAMA.

1512 306 86 43 175

277 440 76 33 not
388 437 193 49 perceive
615 437 111 49 him;
763 452 53 34 on
852 438 71 48 the
958 438 77 48 left
1068 436 127 50 hand,
1232 435 142 51 where
1406 435 53 51 he
1495 432 101 54 doth

276 502 135 47 work,
440 502 76 47 but
546 504 19 45 I
594 511 154 38 cannot
776 504 152 45 behold
954 502 112 47 him;
1094 501 53 48 he
1174 501 145 48 hideth
1348 500 171 49 himself
1548 513 52 36 on

276 565 72 41 the
380 567 116 50 right
526 568 115 49 hand
671 570 92 47 that
794 571 20 46 I
846 576 154 41 cannot
1031 582 68 35 see
1129 567 128 50 him."
1318 565 92 52 The
1440 567 162 50 science

277 634 48 39 of
347 635 222 49 mysteries
592 636 34 48 is
648 644 74 40 too
742 637 201 47 scientific
966 636 69 48 for
1056 649 95 35 men
1173 635 84 49 and
1279 634 146 50 angels
1447 640 44 44 to
1514 633 85 51 sift.

279 699 82 48 "O,
392 700 72 47 the
494 701 129 50 depth
652 703 47 48 of
727 702 70 49 the
827 701 148 50 riches,
1004 700 101 51 both
1136 701 46 50 of
1210 699 71 52 the
1310 701 178 50 wisdom
1519 699 83 52 and

276 768 257 52 knowledge
559 769 47 51 of
635 768 117 52 God!
812 770 115 50 How
954 767 302 53 unsearchable
1281 782 73 38 are
1377 768 66 52 his
1471 768 129 52 judg¬

277 840 137 34 ments
437 834 85 40 and
543 833 66 42 his
631 849 115 36 ways
768 848 71 37 are
860 842 94 43 past
976 834 163 51 finding
1161 833 123 52 out!"

334 911 97 41 God
456 913 124 39 made
605 911 72 41 the
701 914 114 47 Jews
841 911 65 50 his
932 918 148 43 agents
1106 911 148 50 before
1278 911 70 50 the
1373 910 155 51 advent
1554 909 47 52 of

276 977 73 41 the
376 977 182 42 Saviour
582 983 47 36 to
653 977 406 42 scatter—transmit
1084 991 24 28 a
1133 974 178 51 religion
1338 982 46 43 to
1406 976 72 49 the
1501 988 98 37 peo¬

278 1046 79 48 ple.
416 1042 94 52 The
538 1044 71 50 old
637 1044 216 50 historical
882 1057 116 37 races
1026 1056 75 38 are
1126 1041 71 53 the
1224 1042 205 52 Oriental,
1462 1041 139 53 Greek

279 1113 85 39 and
388 1112 180 40 Roman.

710 1208 201 41 Christ's
946 1218 227 31 kingdom.

336 1310 92 42 The
461 1312 137 40 whole
629 1311 110 51 plan,
762 1311 47 51 of
841 1310 209 52 salvation
1082 1308 35 54 is
1151 1322 24 40 a
1207 1314 198 48 mystery.
1466 1305 138 57 Baby¬

281 1380 144 40 lonian
458 1379 194 49 empires,
687 1377 102 51 with
822 1376 110 52 their
965 1375 156 53 golden
1154 1376 186 52 images;
1373 1372 71 56 the
1476 1385 125 43 arms,

281 1448 140 40 breast
456 1447 85 41 and
576 1446 127 42 silver
753 1444 331 48 representation
1121 1443 46 49 of
1200 1441 72 51 the
1322 1440 153 52 Medes'
1521 1439 84 53 and

283 1515 212 47 Persians,
535 1513 162 49 backed
736 1511 103 51 with
881 1511 148 51 riches,
1069 1523 144 39 power
1253 1508 84 54 and
1376 1506 227 56 grandeur,

283 1581 109 49 died,
416 1594 88 36 was
525 1578 150 52 buried
697 1579 84 51 and
804 1577 85 53 will
913 1578 82 52 rise
1016 1590 59 40 no
1095 1589 118 41 more
1235 1574 115 56 since
1369 1572 72 58 the
1462 1585 143 45 pome-

282 1645 514 55 granite—Christianity,
830 1644 172 56 budded
1035 1644 43 56 in
1110 1642 247 58 Bethlehem
1389 1640 47 60 of
1467 1639 136 61 Judea

281 1729 119 26 more
421 1714 104 41 than
552 1713 105 42 1800
679 1725 122 36 years
824 1724 95 37 ago.
979 1707 92 54 The
1094 1707 160 54 Greeks
1276 1706 171 55 learned
1468 1706 43 55 in
1535 1705 72 56 the

282 1789 112 33 most
423 1780 162 43 perfect
614 1780 214 48 language
857 1778 42 50 in
929 1775 71 53 the
1029 1775 165 53 ancient
1222 1786 114 42 ages,
1367 1772 142 56 ruling
1536 1769 70 59 the

281 1847 116 40 third
419 1846 223 51 kingdom,
666 1843 269 54 represented
956 1843 56 54 by
1032 1842 133 55 brass,
1188 1840 43 57 in
1252 1840 71 57 the
1345 1844 111 53 most
1477 1838 126 59 beau¬

282 1914 97 41 tiful
416 1913 170 48 diction,
619 1911 157 50 melted
806 1909 123 52 when
959 1908 73 53 the
1060 1904 148 57 breath
1239 1905 46 56 of
1317 1903 143 58 Christ
1489 1915 117 46 came

283 1988 74 33 out
379 1981 46 40 of
443 1979 67 42 his
531 1978 151 43 mouth
703 1977 84 44 and
807 1974 176 49 looking
1002 1986 100 37 over
1121 1972 72 51 the
1212 1983 130 40 pages
1364 1970 46 53 of
1432 1981 174 42 genera¬

283 2049 125 47 tions,
441 2046 103 50 said,
577 2043 188 53 "Before
792 2040 222 56 Abraham
1041 2052 99 44 was,
1173 2038 21 58 I
1222 2036 109 60 am."

341 2124 248 42 Alexander
621 2122 47 44 of
703 2119 210 47 Macedon
947 2131 87 35 was
1068 2115 229 51 scattering
1328 2113 71 53 the
1431 2111 98 55 seed
1560 2111 47 55 of

285 2190 264 46 Hellenism;
583 2187 196 53 Judaism
812 2186 173 54 became
1015 2195 159 45 angry:
1210 2179 101 61 each
1346 2184 259 56 representa¬

283 2260 87 39 tive
394 2255 199 44 incurred
616 2254 71 45 the
712 2251 260 48 displeasure
1008 2248 47 51 of
1092 2247 72 52 the
1202 2244 130 55 other.
1392 2243 85 56 But
1515 2255 94 44 way

286 2326 44 39 in
360 2326 72 39 the
463 2322 188 43 distance
680 2317 71 48 the
779 2315 119 50 voice
926 2314 47 51 of
1004 2313 105 52 Paul
1138 2324 88 41 was
1255 2309 131 56 heard
1414 2309 84 56 and
1527 2308 81 57 like

287 2390 211 42 vibration
523 2388 31 44 it
593 2386 35 46 is
668 2383 134 50 going
839 2379 189 54 through
1067 2377 163 56 Africa,
1271 2375 148 58 China,
1458 2376 149 57 Japan,

287 2456 127 41 India
438 2453 84 44 and
546 2449 150 48 before
718 2447 73 50 the
814 2447 81 50 end
920 2446 47 51 of
991 2445 103 52 time
1116 2443 70 54 the
1210 2440 138 57 whole
1372 2441 124 56 globe
1521 2441 85 56 will
