1900 2800
280 308 61 41 14

649 308 337 39 PREFATORY
1021 304 195 43 NOTES.

286 438 160 41 fathers
471 433 127 46 dated
621 431 144 48 things
791 428 113 51 from
928 425 72 54 the
1023 423 111 56 "day
1157 421 47 58 of
1226 419 74 60 the
1322 413 161 66 show,"
1510 409 100 70 "the

286 500 222 45 freshets,"
531 496 150 49 "when
701 493 72 52 the
793 499 108 46 stars
923 489 114 56 fell,"
1059 487 85 58 and
1165 485 150 60 "when
1338 483 98 62 ihey
1456 473 157 72 moved

288 569 113 38 from
420 565 83 42 this
522 560 235 54 plantation
775 564 45 50 to
837 557 73 57 the
928 553 160 61 other."
1119 549 171 65 To-day
1308 562 80 52 our
1408 554 104 60 sons'
1526 540 88 74 and

287 630 232 49 daughters
545 625 78 54 call
648 625 69 54 for
741 620 218 59 historical
983 616 251 63 references.

344 696 52 38 In
421 691 256 53 presenting,
690 688 84 56 this
800 687 172 57 volume
996 697 65 47 we
1083 683 85 61 beg
1190 680 74 64 the
1287 677 330 67 charitableness

289 761 47 39 of
364 773 78 27 our
469 757 169 43 readers
665 754 34 46 if
726 767 82 37 any
834 749 203 55 omission
1065 746 154 58 should
1245 755 140 49 occur,
1411 741 208 63 knowing

289 826 35 38 it
343 825 35 39 is
399 828 73 36 not
492 835 79 29 our
591 832 186 39 purpose
796 824 47 47 to
860 816 126 55 make
1004 815 32 56 it
1056 827 54 44 an
1131 813 186 58 abstract
1336 811 124 60 book.

349 900 43 40 If
416 900 42 40 in
482 898 72 42 the
577 896 145 44 school
747 908 120 32 room
891 906 50 34 or
964 891 159 49 church
1146 890 84 50 this
1255 888 154 52 should
1432 901 122 39 serve
1574 892 46 48 to

292 966 159 51 inspire
473 977 149 40 young
644 974 98 43 men
765 960 85 57 and
873 973 165 44 women
1063 965 49 52 to
1131 957 123 60 write
1275 956 146 61 books',
1445 955 175 62 thereby

293 1031 337 52 accomplishing
657 1028 254 55 something,
942 1027 19 56 I
989 1026 107 57 shall
1125 1026 82 57 feel
1234 1025 142 58 amply
1402 1037 217 46 remuner¬

293 1100 110 41 ated.
463 1099 84 42 We
570 1111 109 38 urge
701 1097 92 52 that
817 1096 35 53 if
875 1111 26 38 a
924 1095 143 54 public
1090 1100 171 49 servant
1284 1094 35 55 is
1342 1093 123 56 lame,
1487 1090 133 59 blind,

296 1181 49 27 or
365 1166 189 53 anywise
572 1164 192 55 disabled
784 1164 55 55 by
859 1162 211 57 affliction,
1092 1162 36 57 if
1148 1162 65 57 his
1234 1160 119 59 mind
1374 1160 38 59 is1
1428 1172 116 47 pure,
1566 1158 55 61 he

297 1249 100 38 may
423 1235 52 52 be
503 1233 126 54 "shut
657 1232 70 55 in"
756 1232 76 55 but
858 1237 76 50 not
963 1230 196 57 excused.
1217 1228 215 59 Jeremiah
1460 1240 88 47 was
1576 1226 45 61 in

298 1303 159 52 prison,
486 1301 85 54 and
598 1300 126 55 could
751 1313 59 42 no
836 1299 151 56 longer
1013 1312 59 43 go
1096 1297 148 58 before
1271 1296 73 59 the
1369 1295 171 60 people;
1567 1293 54 62 he

298 1376 136 35 wrote
459 1383 218 38 messages
705 1367 84 54 and
818 1367 85 54 had
931 1366 120 55 them
1076 1366 112 55 read.
1247 1364 143 57 When
1421 1363 61 58 St.
1513 1362 108 59 Paul

298 1453 88 26 was
417 1438 41 41 in
488 1437 158 53 prison,
676 1436 54 54 he
758 1434 228 56 continued
1013 1441 47 49 to
1087 1433 119 57 work
1236 1431 169 59 for.the
1433 1431 187 59 Master;

299 1506 182 51 Bunyan
507 1510 133 47 wrote
663 1504 73 53 the
761 1502 243 55 "Pilgrim's
1030 1499 247 58 Progress,"
1304 1498 127 59 while
1454 1498 167 59 impris¬

298 1574 110 40 oned
423 1587 8 35 ;
451 1573 166 52 Juds'on
637 1571 232 54 translated
889 1571 71 54 the
981 1569 120 56 Bible
1120 1569 41 56 in
1184 1569 205 56 Burmese
1409 1567 214 58 language

304 1640 128 41 while
457 1639 156 42 behind
639 1638 73 43 the
736 1638 94 43 iron
858 1638 119 47 bars;
1005 1651 52 34 so
1080 1635 120 50 there
1224 1636 35 49 is
1284 1649 61 36 no
1369 1648 157 37 excuse
1552 1635 70 50 for

299 1708 121 40 those
451 1707 99 41 who
580 1719 77 29 can
689 1705 101 43 with
821 1704 119 44 voice
970 1703 85 45 and
1086 1717 79 38 pen
1198 1702 257 53 accomplish
1487 1714 136 41 some¬

300 1774 126 51 thing
454 1773 69 52 for
552 1771 94 54 God
673 1773 85 52 and
785 1770 234 55 humanity.

361 1849 202 43 Familiar
585 1865 45 27 as
655 1850 19 42 I
698 1863 68 29 am
788 1849 101 43 with
912 1847 72 45 the
1005 1849 119 43 work
1147 1849 41 43 in
1211 1846 70 46 the
1307 1846 128 49 State,
1458 1846 162 49 having

301 1920 103 40 been
425 1917 230 43 connected
677 1916 101 44 with
799 1916 33 44 it
851 1914 54 46 all
927 1914 49 46 of
995 1928 73 37 my
1087 1914 193 51 spiritual
1302 1913 85 52 life,
1410 1912 85 53 and
1515 1912 107 53 hop¬

304 1987 76 47 ing
399 1998 129 36 never
549 1990 44 44 to
614 1986 49 48 be
686 1983 199 51 divorced
906 1981 255 53 therefrom;
1181 1979 162 55 having
1364 1980 167 54 written
1548 1980 72 54 thi

299 2052 185 40 outlines'
503 2050 50 42 of
573 2050 71 42 the
665 2046 135 46 Third
821 2047 173 45 Annual
1018 2046 269 46 Conference
1301 2046 84 46 and
1406 2060 102 32 now
1525 2058 96 39 pre¬

302 2119 153 50 paring
474 2116 70 53 the
563 2115 252 54 boundaries
836 2115 47 54 of
903 2112 69 57 the
994 2112 158 57 fourth,
1174 2113 84 56 and
1281 2112 107 57 fully
1408 2111 213 58 believing

302 2186 72 39 the
391 2185 173 40 interest
580 2196 73 38 my
670 2180 157 54 church
846 2180 85 54 will
950 2181 97 53 take
1064 2181 41 53 in
1125 2180 176 54 helping
1317 2193 69 41 me
1403 2186 46 48 to
1466 2186 156 48 scatter

302 2252 70 39 the
400 2255 189 36 contents
617 2248 47 43 of
690 2247 83 44 this
800 2246 179 48 volume,
1010 2245 84 49 and
1120 2246 182 51 praying
1328 2245 71 52 the
1426 2246 193 51 benedic¬

302 2319 110 38 tions
436 2316 49 41 of
506 2315 72 42 the
599 2314 119 51 Holy
740 2310 161 55 Triune
922 2319 47 46 to
988 2312 132 53 guide
1139 2326 73 39 my
1233 2312 218 53 thoughts,
1477 2313 142 52 words

303 2383 84 40 and
413 2393 80 40 pen
521 2380 125 53 while
670 2380 97 53 thus
796 2379 225 54 recording
1046 2378 71 55 the
1143 2388 126 45 s'ame,
1298 2379 84 54 and
1408 2379 212 54 believing

305 2450 72 39 the
401 2449 108 40 facts
535 2447 83 42 will
643 2447 97 50 help
764 2452 47 45 to
834 2445 182 52 fertilize
1037 2445 72 52 the
1132 2451 115 46 roots
1272 2446 49 51 of
1344 2445 72 52 the
1438 2453 113 44 stem)
1572 2447 50 50 of
