1900 2800
629 633 371 47 PREFATORY
1029 630 214 50 NOTES.

331 817 106 44 This
460 820 36 41 is
520 832 53 29 an
596 831 81 39 age
699 817 49 53 of
770 813 206 57 research,
1001 826 163 44 reason,
1191 812 108 58 facts
1323 809 84 61 and
1430 806 169 64 conclu¬

277 891 130 40 sions.

337 956 214 50 Standing
574 967 45 39 as
644 967 64 39 we
732 966 71 40 are
826 949 178 57 beneath
1029 963 25 43 a
1077 946 212 60 cloudless'
1310 945 89 61 sky,
1425 942 102 64 with
1549 955 52 51 an

280 1023 186 41 indexed
491 1022 136 51 finger
651 1018 197 55 pointing
871 1016 73 57 the
967 1029 94 44 way
1087 1014 47 59 of
1159 1012 175 61 culture,
1361 1010 244 63 refinement

280 1092 87 41 and
392 1089 216 44 historical
635 1088 111 47 data,
775 1087 41 48 in
844 1085 71 50 the
941 1082 142 53 social,
1112 1079 197 56 political,
1340 1074 266 61 commercial

282 1159 87 41 and
387 1158 202 52 religious
609 1155 149 55 world,
778 1167 63 43 we
862 1153 81 57 feel
962 1158 45 52 to
1025 1150 188 60 advance
1231 1147 84 63 this
1334 1146 182 64 volume,
1539 1144 68 66 for

285 1225 183 50 nothing
497 1237 77 38 can
603 1223 106 52 keep
738 1235 25 40 a
791 1233 98 42 man
919 1218 125 57 down
1074 1215 122 60 when
1223 1214 55 61 he
1305 1213 77 62 has
1410 1211 86 64 grit
1523 1209 81 66 and

286 1292 338 42 determination.
686 1289 213 51 Imprison
930 1286 89 54 him
1051 1284 85 56 and
1166 1283 54 57 he
1251 1281 85 59 will
1367 1279 189 61 produce
1584 1291 26 49 a

288 1359 245 54 ""Pilgrim's
567 1355 234 58 Progress"
833 1369 55 44 on
918 1353 73 60 the
1018 1350 168 63 twisted
1216 1361 130 52 paper
1376 1347 105 66 used
1510 1359 46 54 as
1587 1358 24 55 a

289 1430 104 39 cork
416 1428 42 41 in
482 1441 25 28 a
528 1427 104 42 milk
656 1425 102 51 jug;
781 1423 98 53 take
901 1435 119 41 away
1041 1419 69 57 his
1132 1417 190 59 eyesight
1346 1415 84 61 and
1452 1415 53 61 he
1527 1412 85 64 will

292 1495 122 40 write
440 1508 24 27 a
490 1492 233 43 "Paradise
749 1489 144 47 Lost,"
923 1502 45 34 as
995 1487 73 49 did
1097 1485 178 51 Milton;
1303 1497 47 39 or
1376 1482 71 54 the
1473 1479 140 57 "Cali¬

295 1561 141 39 fornia
459 1560 85 40 and
568 1558 176 51 Oregon
769 1553 157 56 Trail,"
952 1568 46 41 as
1023 1553 72 56 did
1120 1552 237 57 Parkman;
1382 1563 48 46 or
1452 1549 54 60 he
1528 1546 86 63 will

292 1630 174 39 become
492 1626 260 43 Postmaster
780 1621 191 48 General,
996 1635 45 34 as
1068 1620 71 49 did
1164 1617 187 52 Faucett,
1378 1628 50 41 or
1449 1615 86 54 will
1560 1615 56 54 do

299 1708 120 27 some
446 1694 46 41 of
521 1694 70 41 the
619 1691 213 44 thousand
858 1688 145 49 things
1032 1686 200 51 achieved
1260 1686 54 51 by
1343 1697 97 40 man
1469 1682 145 55 undis¬

294 1763 167 51 mayed.
521 1762 40 52 It
587 1760 35 54 is
650 1770 51 44 as1
724 1756 242 58 impossible
991 1762 44 52 to
1061 1754 203 60 imprison
1293 1750 191 64 energies
1510 1763 46 51 as
1584 1749 32 65 it

300 1830 36 39 is
362 1836 46 33 to
432 1828 130 41 bottle
588 1840 57 34 up
673 1831 143 43 steam.

408 1893 68 42 To
498 1894 66 41 die
587 1892 180 43 without
790 1890 150 51 giving
961 1895 43 46 to
1027 1888 71 53 the
1121 1885 135 56 world
1279 1899 26 42 a
1324 1884 113 57 brief
1457 1883 161 58 history

297 1963 86 41 and
413 1959 297 54 encyclopedia
739 1959 47 54 of
812 1956 73 57 the
913 1956 182 57 African
1125 1951 236 62 Methodist
1390 1949 226 64 Episcopal

301 2029 173 41 Church
505 2029 42 41 in
578 2026 220 48 Alabama,
829 2023 143 51 would
1000 2023 50 51 be
1080 2027 46 47 to
1153 2021 118 53 leave
1299 2018 179 56 without
1508 2029 114 45 com¬

299 2097 166 53 pleting
487 2109 71 41 my
582 2093 188 57 mission.
831 2091 39 59 It
894 2091 33 59 is
951 2088 71 62 the
1046 2087 83 63 aim
1154 2088 46 62 of
1223 2086 70 64 the
1317 2084 153 66 author
1492 2089 48 61 to
1560 2083 63 67 in¬

300 2165 124 40 clude
444 2164 120 46 facts,
587 2159 287 51 illustrations,
893 2157 195 53 together
1107 2155 102 55 with
1229 2152 170 58 general
1418 2152 206 58 informa¬

301 2233 90 39 tion
419 2229 260 50 concerning
704 2240 80 39 our
808 2223 178 56 moving
1013 2224 150 55 forces.

360 2298 82 39 We
474 2310 71 27 are
575 2301 74 36 not
680 2290 245 47 unmindful
957 2288 47 49 of
1034 2289 71 48 the
1138 2288 87 49 fact
1253 2286 92 51 that
1374 2285 72 52 the
1478 2284 148 53 Negro

303 2379 97 26 race
422 2364 77 41 has
525 2364 82 41 few
631 2360 241 45 historians.
932 2355 120 53 They
1077 2356 95 52 date
1195 2367 127 41 many
1344 2353 144 55 things
1514 2351 113 57 from

303 2432 74 41 the
415 2430 154 51 object,
608 2427 71 54 the
717 2424 195 57 occasion
950 2423 85 58 and
1072 2422 72 59 the
1180 2419 277 62 happenings.
1531 2417 96 64 Our

952 2488 41 30 13
