1937 2825
771 288 58 32 IN
862 289 285 36 ALABAMA.

1534 288 88 44 139

299 386 86 50 did,
404 390 85 46 and
508 390 72 46 did
598 392 65 44 his
682 406 95 30 own
797 395 184 55 singing,
1001 400 180 54 praying
1201 403 82 51 and
1302 404 231 55 preaching
1554 408 62 51 for

297 465 26 27 a
358 455 162 40 month.

353 518 130 43 After
506 523 139 41 which
669 525 52 40 he
744 530 163 49 opened
931 529 70 50 the
1025 531 126 48 doors
1176 535 47 44 of
1246 534 72 45 the
1340 537 170 49 church,
1536 541 83 45 and

294 597 83 29 one
393 586 199 45 hundred
611 592 84 39 and
717 592 218 54 forty-five
954 600 211 48 returned,
1186 601 85 47 and
1291 603 284 56 immediately
1596 621 21 38 a

295 653 160 41 revival
484 656 132 40 broke
644 666 84 41 out,
760 662 83 45 and
873 675 80 32 one
980 663 195 44 hundred
1204 669 84 39 and
1316 671 164 41 sixteen
1509 687 110 28 were

295 718 139 43 added
452 728 46 34 to
514 721 71 43 the
603 724 172 52 church,
795 729 83 47 and
897 728 116 48 there
1032 732 79 44 has
1126 734 103 42 been
1249 748 23 28 a
1292 742 149 47 strong
1459 737 159 52 church

294 794 42 33 at
363 787 253 45 Centreville
640 806 56 38 up
719 801 46 43 to
786 795 84 49 this
896 797 92 54 day.

352 853 49 41 In
431 855 98 41 1881
556 857 53 41 he
631 873 87 26 was
742 860 203 43 ordained
969 878 53 26 an
1045 865 116 42 elder
1183 869 101 40 with
1308 871 66 38 six
1398 870 141 43 others
1563 874 54 52 by

295 920 161 54 Bishop
482 923 213 54 Wayman
721 928 40 49 in
802 927 70 50 the
915 929 211 48 Southern
1170 934 59 43 M.
1271 934 50 45 E.
1365 937 169 42 Church
1576 947 40 34 at

295 986 280 54 Greensboro,
595 994 84 46 and
700 1001 90 39 sent
810 1002 45 38 to
872 997 71 43 the
962 1006 213 43 pastorate
1195 1008 41 41 at
1257 1003 274 46 Montevallo.
1566 1007 49 42 In

295 1054 151 42 March
474 1058 47 39 of
545 1057 70 42 the
641 1072 114 29 same
781 1076 100 38 year
906 1063 51 51 he
983 1078 88 36 was
1096 1068 146 46 united
1267 1070 41 44 in
1335 1073 212 52 marriage
1571 1081 45 44 to

293 1122 109 41 Miss
428 1123 146 42 Carrie
595 1126 50 40 R.
672 1127 251 53 McGowan,
948 1132 47 48 of
1017 1129 216 56 Florence,
1256 1137 94 48 Ala.

349 1188 70 42 He
440 1205 87 27 was
548 1200 103 33 next
672 1202 92 33 sent
785 1202 43 34 to
851 1195 256 56 Huntsville,
1131 1202 84 49 and
1234 1201 73 50 the
1326 1212 103 39 next
1449 1219 100 39 year
1570 1213 44 45 to

295 1253 154 51 Selma,
482 1257 129 54 being
640 1260 71 51 the
741 1260 172 55 leading
943 1264 158 53 charge
1129 1267 43 50 in
1202 1267 73 50 the
1307 1268 127 53 State,
1466 1273 76 48 but
1571 1281 42 40 at

290 1322 84 41 this
393 1324 103 40 time
513 1339 87 27 was
620 1325 127 42 much
767 1328 182 52 divided,
971 1333 84 47 and
1074 1334 30 46 it
1123 1348 87 32 was
1230 1336 100 44 here
1347 1337 91 43 that
1456 1339 53 41 he
1528 1340 84 42 dis¬

291 1389 245 51 tinguished
558 1390 151 50 himelf
730 1407 45 33 as
798 1409 24 31 a
844 1403 145 45 pastor
1010 1400 84 48 and
1115 1401 213 51 preacher,
1351 1406 170 53 uniting
1541 1407 71 52 the

293 1456 195 51 factions,
523 1460 84 47 and
639 1461 132 46 broke
803 1464 71 43 the
906 1464 149 43 Dollar
1088 1467 160 54 Money
1281 1473 148 48 record
1462 1474 46 47 of
1541 1475 71 46 the

292 1522 130 52 State,
447 1524 163 55 raising
633 1527 121 52 $160,
779 1528 70 51 the
873 1529 169 53 highest
1067 1542 174 40 amount
1264 1538 197 50 previous
1485 1540 127 54 being

288 1588 191 54 $100.50.

344 1657 81 42 His
449 1666 103 34 next
575 1661 292 52 appointment
889 1679 86 34 was
998 1673 43 40 at
1064 1667 308 55 Birmingham,
1396 1673 140 49 where
1558 1675 50 47 he

286 1723 106 42 built
414 1738 25 28 a
459 1732 225 48 two-story
705 1729 120 51 brick
846 1729 169 52 church,
1040 1733 154 48 known
1218 1749 44 32 as
1288 1736 59 45 St.
1372 1738 123 51 John.

343 1790 71 41 He
436 1799 103 33 next
562 1796 200 47 pastored
787 1795 147 48 Bethel
958 1805 43 38 at
1027 1799 170 49 Mobile,
1226 1800 59 48 St.
1312 1802 122 46 Luke
1456 1812 42 36 at
1521 1803 87 46 Eu-

289 1856 127 50 faula,
450 1859 84 47 and
564 1866 42 40 at
636 1856 272 56 Tuscumbia,
942 1863 111 49 from
1084 1865 136 47 which
1253 1868 155 52 chaige
1438 1870 52 50 he
1520 1886 87 34 was

285 1925 126 40 made
434 1925 46 40 P.
505 1924 49 44 E.
578 1927 55 52 by
657 1927 160 54 Bishop
842 1928 166 53 Gaines,
1031 1932 47 49 of
1098 1933 71 48 the
1192 1931 202 50 Florence
1417 1937 189 51 District,

285 1991 84 41 and
391 2006 45 28 as
462 1993 46 41 P.
532 1991 50 44 E.
606 1996 151 39 served
782 1996 67 40 for
870 1996 117 52 eight
1008 2012 133 39 years,
1168 1997 198 54 Florence
1391 2009 97 45 two,
1514 2005 92 49 Bir¬

285 2059 222 52 mingham
535 2060 116 51 three
680 2063 83 48 and
793 2062 303 55 Montgomery
1123 2066 177 51 District
1327 2069 117 48 three
1471 2085 133 37 years.

285 2124 208 42 Whether
521 2140 47 26 as
592 2134 144 44 pastor
763 2142 47 36 or
838 2129 44 49 P.
910 2128 64 50 E.,
1002 2131 51 47 he
1080 2134 181 44 sustains
1288 2133 70 45 the
1385 2138 148 40 record
1559 2138 46 40 of

284 2194 221 52 reporting
525 2208 53 38 an
598 2194 187 52 increase
804 2210 101 36 over
922 2197 66 49 his
1006 2198 272 53 predecessor
1299 2201 112 50 from
1430 2204 65 47 his
1516 2205 89 46 first

283 2258 158 52 charge
463 2266 44 44 to
529 2258 65 52 his
618 2261 80 49 last
721 2262 155 48 annual
899 2270 153 45 report.

341 2324 127 44 Since
485 2327 66 41 his
573 2334 143 34 return
737 2334 46 35 to
800 2327 72 43 the
889 2336 213 45 pastorate
1119 2329 55 52 he
1193 2332 75 49 has
1290 2337 146 44 served
1458 2343 41 38 at
1516 2335 88 47 Eu-

286 2393 99 49 fala,
417 2393 142 49 where
586 2394 54 48 he
668 2394 180 48 finished
878 2408 80 34 one
987 2396 48 46 of
1062 2398 72 44 the
1162 2403 189 47 prettiest
1380 2403 84 47 and
1493 2418 110 32 mosi

284 2460 283 41 comfortable
590 2474 260 40 parsonages
877 2463 41 51 in
943 2461 71 53 the
1040 2462 207 52 Alabama
1275 2465 272 49 Conference.
