1900 2800
291 299 88 44 150

650 307 241 34 AFRICAN
924 300 328 41 METHODISM

289 417 180 53 ganized
496 417 72 53 the
595 416 182 54 Ancient
806 412 289 58 Independent
1124 407 142 63 Order
1293 405 49 65 of
1372 400 62 70 St.
1467 399 140 71 Peter,

292 484 141 40 where
460 496 79 28 one
566 482 195 42 hundred
790 479 156 45 dollars
977 477 266 47 endowment
1271 471 35 53 is
1337 467 100 57 paid
1465 471 47 53 to
1538 460 75 64 the

292 548 250 53 beneficiary
564 556 43 45 at
629 547 138 54 death.
825 545 233 56 Whatever
1078 543 53 58 he
1153 541 34 60 is
1210 538 85 63 and
1318 534 217 67 whatever
1556 527 57 74 he

292 630 97 37 may
411 616 49 51 be
483 614 35 53 is
541 614 184 53 credited
747 620 44 47 to
813 611 72 56 the
904 612 54 55 A.
984 611 61 56 M.
1070 606 50 61 E.
1146 603 184 64 Church,
1354 602 66 65 his
1446 595 163 72 sainted

291 681 177 48 mother,
491 683 84 46 and
593 680 67 49 his
684 680 101 49 dear
805 678 113 51 wife,
942 677 105 52 Mrs.
1072 676 48 53 L.
1146 673 28 56 S
1213 667 205 62 Mitchell.

349 836 46 41 C.
424 836 45 41 C.
498 836 303 50 Montgomery
825 847 87 39 was
936 832 106 54 born
1067 830 43 56 in
1135 844 27 42 a
1185 826 140 60 lonely
1350 822 106 64 little
1482 833 129 53 coun¬

293 911 66 44 try
391 911 116 44 town
540 903 132 52 called
707 900 231 55 Prattville,
973 899 93 56 Ala.
1125 895 106 60 This
1264 890 208 65 beautiful
1508 890 105 65 little

293 977 114 33 town
429 971 32 39 is
484 970 42 40 in
547 970 200 49 Augusta
769 967 178 52 County.
980 966 71 53 He
1071 976 89 43 was
1178 964 105 55 born
1305 960 100 59 July
1426 969 39 50 4,
1492 956 116 63 1858.

295 1036 82 40 His
408 1041 168 44 parents
607 1048 112 37 were
747 1033 207 52 members
986 1033 46 52 of
1061 1030 72 55 the
1165 1028 45 57 C.
1244 1027 62 58 M.
1339 1023 50 62 E.
1424 1021 184 64 Church.

295 1102 81 40 His
406 1101 139 41 father
572 1114 86 28 was
686 1113 101 37 very
815 1098 283 52 industrious:
1126 1095 65 55 his
1221 1093 112 57 daily
1361 1089 250 61 occupation

295 1183 86 26 was
405 1167 340 50 blacksmithing.
816 1166 70 51 He
909 1164 151 53 helped
1085 1162 65 55 his
1176 1160 141 57 father
1343 1172 103 45 very
1471 1156 140 61 much.

296 1237 69 40 He
385 1250 85 27 was
492 1236 91 41 also
600 1249 26 28 a
643 1248 102 38 very
766 1234 191 52 studious
978 1245 147 41 young
1145 1230 78 56 lad.
1286 1228 71 58 He
1378 1227 144 59 joined
1542 1226 72 60 the

295 1304 158 39 church
477 1304 44 39 in
549 1302 117 51 1879,
691 1302 85 51 and
800 1315 87 38 was
912 1315 26 38 a
961 1300 107 53 class
1093 1299 140 54 leader
1259 1306 89 47 two
1368 1308 135 45 years,
1528 1294 85 59 and

294 1385 87 26 was
405 1385 24 26 a
453 1369 105 42 local
581 1368 199 50 preacher
803 1374 87 44 two
911 1380 134 38 years.
1104 1366 72 52 He
1197 1364 146 54 joined
1365 1364 73 54 the
1457 1361 154 57 travel¬

296 1438 76 46 ing
397 1436 246 48 connection
670 1435 42 49 in
743 1434 117 50 1884,
887 1433 83 51 and
997 1446 86 38 was
1111 1431 204 53 ordained
1341 1430 43 54 in
1414 1429 116 55 1887,
1555 1428 57 56 by

297 1502 159 51 Bishop
481 1499 49 54 T.
557 1502 61 51 M.
645 1501 51 52 D.
723 1500 148 53 Ward,
898 1499 41 54 in
964 1498 127 55 Little
1116 1497 132 56 Rock,
1274 1496 118 57 Ark.,
1417 1497 84 56 and
1525 1508 87 45 was

298 1568 203 40 ordained
533 1581 52 27 an
618 1566 112 42 elder
761 1566 42 42 in
841 1565 115 52 1891,
987 1566 55 51 by
1074 1563 160 54 Bishop
1267 1563 47 54 B.
1347 1559 49 58 T.
1429 1559 182 58 Tanner.

297 1637 70 39 He
393 1637 33 39 is
449 1649 98 27 now
573 1641 143 45 pastor
742 1635 41 51 in
810 1633 223 53 Avondale
1061 1631 176 55 Station.

352 1792 102 39 Rev.
476 1792 36 50 J.
536 1791 56 51 H.
617 1789 173 53 McGee,
815 1789 225 53 Presiding
1060 1787 141 55 Elder,
1223 1803 86 39 was
1330 1789 105 53 born
1457 1795 41 47 at
1521 1788 92 54 Mc-

299 1857 150 41 Ghee's
481 1856 171 46 Switch,
683 1857 302 50 Montgomery
1016 1855 85 52 Co.,
1132 1854 108 53 Ala.,
1270 1855 98 52 July
1402 1866 59 41 13,
1496 1853 116 54 1861,

297 1924 81 39 His
406 1929 181 44 parents,
617 1921 141 52 David
785 1922 83 51 and
894 1919 117 54 Elcie
1039 1920 174 53 McGee.
1274 1921 70 52 He
1372 1921 190 52 received
1590 1935 25 38 a

294 2003 193 27 common
506 1989 143 41 school
666 1987 233 43 education.
938 1988 69 42 He
1023 2000 86 30 was
1127 1988 225 42 converted
1369 1988 84 42 and
1469 1987 146 51 joined

301 2053 146 44 Shiloh
472 2054 52 43 A.
552 2055 61 42 M.
640 2051 49 46 E.
715 2053 105 44 Zion
847 2051 182 49 Church,
1060 2052 116 52 1879,
1201 2054 85 50 and
1310 2053 71 51 the
1405 2055 53 49 A.
1486 2054 62 50 M.
1575 2052 39 52 E

298 2119 49 43 E.
379 2119 180 47 Church,
591 2118 59 48 St.
679 2119 125 51 John,
833 2125 41 45 at
904 2119 313 51 Montgomery,
1251 2119 114 51 1883.
1426 2119 189 51 Entered

297 2188 71 39 the
389 2186 207 41 Alabama
618 2184 262 43 Conference
900 2191 41 36 at
963 2181 118 55 Troy
1105 2185 115 51 1883,
1244 2186 69 50 Rt.
1337 2187 104 49 Rev.
1465 2189 53 47 A.
1543 2189 70 47 W.

297 2252 224 51 Wayman,
547 2251 51 52 D.
625 2251 66 52 D.,
717 2250 217 53 presiding
957 2249 172 54 Bishop.
1204 2251 71 52 He
1312 2266 87 37 was
1439 2261 93 42 sent
1570 2261 45 42 to

300 2316 175 41 Chatow
503 2316 180 41 Mission
708 2317 43 40 in
781 2314 124 50 1885;
930 2321 46 43 to
1002 2315 227 49 Matthews
1257 2317 194 48 Mission,
1483 2320 127 52 1887;

297 2389 45 33 to
364 2383 140 50 Kings
528 2382 210 51 Landing,
767 2380 125 53 1888;
916 2390 44 43 to
984 2380 153 53 Girard
1161 2383 140 50 where
1321 2385 54 48 he
1398 2385 165 53 bought
1587 2401 26 37 a

298 2450 58 38 lot
378 2449 83 39 and
484 2448 163 40 erected
670 2446 153 42 Gaines
849 2447 157 51 Chapel
1029 2447 52 51 A.
1108 2448 60 50 M.
1194 2446 48 52 E.
1269 2448 184 52 Church,
1483 2452 127 52 1889;
