1900 2800
296 308 88 42 174

627 321 242 32 AFRICAN
902 320 334 34 METHODISM

295 449 40 38 in
360 449 70 40 the
451 450 138 49 image
611 451 46 48 of
680 466 23 33 a
727 451 115 49 Holy
865 448 170 52 Triune.
1095 448 111 52 Well
1230 445 137 55 might
1391 444 30 56 it
1444 442 53 58 be
1519 437 92 63 said

294 514 92 41 that
415 532 23 25 a
468 528 104 38 pure
603 517 82 49 and
715 516 98 50 holy
843 529 152 37 person
1026 516 34 50 is
1091 514 69 52 the
1202 510 166 56 noblest
1412 507 120 59 work
1563 505 47 61 of

295 580 108 41 God.

350 659 43 40 If
414 674 62 26 we
499 674 109 26 were
628 667 45 33 to
693 661 95 39 take
809 661 69 39 the
901 659 235 50 geological
1159 657 197 52 pick-axe
1380 652 84 57 and
1488 651 123 58 make

292 739 24 26 a
337 728 102 37 road
458 725 185 51 through
662 728 70 48 the
751 733 143 43 crusty
913 727 131 49 earth,
1063 736 136 40 name,
1221 720 174 56 classify
1415 720 84 56 and
1519 717 89 59 pol¬

294 792 65 38 ish
384 791 70 40 the
480 792 121 39 silent
627 793 134 47 rocks,
787 791 98 49 they
911 791 143 49 would
1081 790 82 50 still
1188 789 51 51 be
1266 786 123 54 rocks
1416 784 84 56 and
1527 781 83 59 still

293 859 50 39 be
378 872 25 26 a
438 860 182 38 wonder.
682 856 118 42 Thev
835 864 215 42 represent
1086 871 24 35 a
1145 853 215 53 Christian
1395 850 211 56 growing.

295 921 90 42 The
415 923 226 41 difference
669 924 42 40 in
740 925 69 39 the
837 930 87 34 two
950 924 35 40 is
1013 922 71 42 the
1114 921 122 43 rocks
1265 932 120 36 grow
1415 916 191 52 without,

294 990 71 39 the
403 989 208 41 Christian
651 989 158 41 within.
869 985 92 45 The
998 993 186 44 mystery
1222 985 47 52 of
1307 982 70 55 the
1415 982 197 55 perfume

293 1058 91 38 that
416 1071 101 25 rises
550 1057 111 39 from
692 1069 23 27 a
746 1055 164 41 modest
941 1055 138 45 violet,
1113 1054 113 46 from
1258 1066 26 34 a
1314 1049 146 51 kingly
1492 1061 118 39 mag¬

292 1124 115 39 nolia
439 1123 83 40 and
554 1123 112 40 from
699 1122 54 41 all
783 1120 71 43 the
885 1121 139 47 plants
1056 1121 44 47 in
1131 1120 73 48 the
1233 1115 211 53 botanical
1476 1116 135 52 world

293 1191 34 38 is
352 1196 72 33 too
447 1196 118 42 great
591 1189 67 49 for
681 1190 158 48 human
866 1187 258 51 conception.
1185 1183 112 55 That
1322 1183 182 55 massive
1528 1179 83 59 ball

294 1254 47 40 of
365 1255 74 39 fire
460 1255 210 48 traveling
692 1254 41 49 in
758 1252 63 51 his
846 1253 194 50 majesty,
1066 1250 182 53 dashing
1272 1251 42 52 in
1339 1262 109 41 rays,
1473 1248 138 55 illum¬

294 1321 163 50 inating
489 1318 70 53 the
591 1319 325 52 benightedness
951 1318 46 53 of
1030 1317 72 54 the
1133 1315 131 56 earth,
1300 1330 69 41 sea
1402 1316 84 55 and
1520 1314 88 57 sky,

291 1387 233 50 ninety-six
552 1386 162 51 million
740 1386 48 51 of
814 1386 120 51 miles
962 1399 132 38 away,
1122 1384 35 53 is
1186 1398 26 39 a
1238 1391 196 46 mystery.
1494 1383 116 54 Who

294 1467 77 26 can
392 1453 70 40 tell
482 1452 72 41 the
571 1452 102 41 kind
694 1452 45 41 of
759 1452 149 47 hinges
930 1451 51 48 he
1002 1451 34 48 is
1057 1451 121 48 hung
1198 1463 113 36 upon
1325 1449 16 50 ?
1398 1447 116 52 Who
1533 1461 77 38 can

295 1519 260 40 understand
592 1518 64 41 his
696 1517 212 42 reflection
959 1517 91 42 that
1101 1516 144 43 makes
1282 1515 71 44 the
1403 1514 207 45 beautiful

293 1599 133 34 queen
460 1585 46 48 of
537 1584 70 49 the
636 1583 124 51 night
793 1582 147 52 shine?
998 1582 142 52 Who?
1200 1580 115 54 Who
1347 1595 76 39 can
1457 1581 152 53 under¬

293 1653 125 39 stand
444 1652 210 40 Arcturus
682 1651 102 41 with
811 1651 64 41 his
904 1650 168 48 worlds,
1099 1650 72 48 the
1197 1650 137 48 Orion
1362 1649 83 49 and
1473 1649 135 49 Pleia¬

295 1719 102 40 des?
456 1718 125 41 Point
609 1724 73 35 out
710 1718 69 41 the
808 1731 97 28 man
933 1716 90 43 that
1051 1730 76 29 can
1156 1715 261 44 understand
1444 1716 70 43 the
1542 1728 65 31 ar¬

294 1791 248 42 rangement
575 1785 83 48 and
691 1782 237 51 regulation
963 1783 46 50 of
1042 1781 70 52 the
1147 1782 155 51 worlds
1337 1782 41 51 in
1412 1782 71 51 the
1513 1781 96 52 blue

294 1852 127 39 ether.
481 1851 113 40 Who
619 1862 75 29 can
720 1849 259 42 understand
1003 1847 70 44 the
1096 1847 150 48 mystic
1270 1861 164 34 powers
1460 1848 46 47 of
1530 1861 78 34 our

294 1917 125 40 God?
474 1916 93 50 Job,
601 1914 101 52 with
736 1927 222 39 reverence
988 1914 43 52 in
1064 1912 65 54 his
1162 1912 129 54 heart,
1328 1913 108 53 faith
1469 1912 43 54 in
1542 1911 67 55 his

294 1985 106 44 God,
433 1983 175 46 bundles
640 1996 113 34 upon
783 1981 116 49 these
929 1987 84 43 two
1045 1980 238 50 questions:
1317 1978 160 52 "Canst
1508 1980 101 50 thou

295 2051 51 43 by
376 2049 222 49 searching
628 2049 86 49 find
744 2055 73 43 out
848 2045 121 53 God?
1030 2045 128 53 Canst
1189 2047 102 51 thou
1322 2047 88 51 find
1439 2054 74 44 out
1542 2047 67 51 the

292 2114 222 51 Almighty
542 2119 100 46 unto
669 2111 288 54 perfectionf"
1017 2110 95 55 God
1137 2112 34 53 is
1198 2126 26 39 a
1249 2111 131 54 spirit.
1441 2113 71 52 He
1538 2126 69 39 oc¬

295 2183 142 47 cupies
476 2181 70 49 the
586 2179 226 51 boundless
853 2191 123 39 space
1016 2177 48 53 of
1103 2177 253 53 immensity.
1417 2179 78 51 Let
1535 2178 72 52 the

294 2249 176 38 rational
494 2247 116 40 mind
634 2246 144 41 search
804 2246 67 41 for
890 2243 89 44 him
1003 2244 83 43 and
1108 2244 53 43 he
1185 2244 83 43 will
1293 2245 81 42 end
1398 2244 102 43 with
1524 2244 83 43 this

292 2327 173 34 prayer:
499 2313 80 48 "O,
623 2311 90 50 that
745 2312 19 49 I
809 2311 121 50 knew
961 2310 140 51 where
1132 2309 19 52 I
1183 2309 137 52 might
1364 2311 87 50 find
1494 2311 111 50 him!

293 2377 113 41 That
439 2379 18 39 I
491 2378 137 50 might
658 2390 119 38 come
808 2389 102 39 even
942 2382 46 46 to>
1016 2374 69 54 his'
1115 2376 109 52 seat!
1286 2374 175 54 Behold,
1497 2377 18 51 I
1550 2391 58 37 go

292 2444 202 46 forward,
517 2444 75 46 but
612 2443 54 47 he
686 2443 35 47 is
742 2448 75 42 not
837 2440 140 50 there;
999 2441 84 49 and
1104 2440 238 50 backward,
1366 2442 75 48 but
1464 2442 21 48 I
1508 2456 98 34 can-
