1900 2800
295 299 89 48 114

650 309 247 34 AFRICAN
932 309 323 37 METHODISM

294 423 64 34 ter
392 417 101 40 each
527 416 157 42 other's
717 418 206 42 interests.
982 414 95 46 The
1107 416 192 44 minister
1330 415 78 45 has
1442 428 26 32 a
1502 411 116 53 right

296 491 46 34 to
365 485 204 52 proclaim
594 486 72 51 the
691 486 147 51 gospel
864 485 85 52 and
974 491 176 46 connect
1176 484 32 53 it
1232 484 103 53 with
1362 495 128 42 every
1517 480 98 57 sub¬

294 551 85 52 ject
400 551 43 52 in
465 551 173 52 heaven,
662 565 54 38 on
739 553 118 50 earth
879 552 84 51 and
985 552 43 51 in
1047 550 97 53 hell.
1178 550 33 53 'I
1234 564 68 39 am
1323 550 127 53 Jesus
1472 545 145 58 whom

292 618 104 39 thou
419 617 290 52 persecuteth.'
770 617 140 52 'Lord,
935 617 20 52 I
976 617 110 52 have
1108 618 109 51 done
1235 615 185 54 nothing
1440 620 47 49 to
1506 611 110 58 the^.

296 685 19 39 I
352 684 71 40 did
458 690 71 46 get
562 698 26 38 a
620 696 132 40 paper
782 690 47 46 to
861 690 134 46 arrest
1026 683 123 53 thee.'
1181 682 280 54 'Remember,
1498 678 117 58 Saul,

294 751 123 40 when
447 764 84 38 you
562 750 149 52 stoned
744 749 187 53 Stephen
959 763 85 39 you
1075 749 149 53 stoned
1254 763 90 39 me;
1374 748 129 54 wjhen
1529 759 87 43 you

294 816 248 52 persecuted
572 830 72 38 my
676 814 158 54 church
865 828 85 40 you
982 815 248 53 persecuted
1261 828 80 40 me,
1373 812 125 56 when
1530 824 87 44 you

294 889 217 46 persecute
533 882 71 53 the
628 882 104 53 least
755 882 47 53 of
824 896 72 39 my
919 881 105 54 little
1047 896 101 39 ones
1171 895 86 40 you
1279 886 221 49 persecute
1522 879 95 56 me.'

294 949 70 42 He
383 948 137 52 urged
538 947 73 53 the
626 955 124 45 great
770 947 202 53 audience
991 954 46 46 to
1054 954 111 46 trust
1184 948 43 52 in
1249 946 96 54 God
1365 947 85 53 and
1469 953 47 47 to
1534 951 86 49 rest

294 1029 54 27 on
369 1016 64 40 his
453 1015 220 52 promises,
694 1016 84 51 and
797 1015 92 52 said
908 1015 92 52 that
1017 1015 56 52 he
1091 1015 143 52 would
1253 1020 164 47 protect
1437 1014 118 53 them
1574 1013 42 54 in

293 1080 72 44 the
387 1080 111 44 hour
524 1081 47 43 of
598 1080 172 51 danger.

352 1146 186 43 Sabbath
566 1148 180 41 services
775 1148 141 41 closed
944 1148 103 41 with
1075 1146 192 53 glorious:
1294 1147 165 52 results.
1521 1145 96 54 Ser¬

294 1229 122 29 mons
447 1215 54 52 by
531 1214 104 53 Rev.
670 1215 60 52 M.
765 1215 62 52 M.
861 1215 165 52 Moore,
1057 1215 53 52 D.
1142 1215 69 52 D.,
1242 1215 84 52 and
1356 1215 76 52 Dr.
1464 1212 50 55 T.
1545 1214 72 53 W,

294 1282 268 42 Henderson.
622 1279 94 45 The
745 1281 225 54 following
997 1280 200 55 brethren
1226 1295 111 40 were
1367 1282 158 53 elected
1554 1296 63 39 re¬

292 1350 282 51 presentative
602 1356 180 45 trustees
811 1351 72 50 for
912 1350 146 52 Payne
1086 1349 156 53 School
1271 1351 48 51 of
1345 1349 73 53 the
1447 1349 171 53 Central

294 1416 275 43 Conference.

353 1495 46 44 L.
426 1493 206 51 Gardner,
656 1495 50 49 R.
730 1495 53 49 D.
808 1495 178 50 Brooks,
1011 1494 43 51 S.
1079 1496 47 49 L.
1153 1497 145 49 Mims,
1321 1496 69 50 W.
1415 1497 71 49 W.
1510 1493 105 53 Fra-

294 1562 97 48 zier,
420 1561 96 49 Dan
545 1561 170 50 Brown,
747 1561 41 50 S.
817 1562 69 49 W.
919 1561 179 50 Shields,
1128 1561 50 50 E.
1208 1563 48 48 L.
1286 1563 175 48 Martin,
1489 1562 38 53 J.
1557 1563 58 52 H.

293 1628 235 49 Davidson,
568 1628 48 49 Q.
656 1629 69 48 W.
765 1629 194 48 Watson,
999 1628 49 49 E.
1087 1630 54 47 A.
1180 1630 239 50 Valentine,
1459 1630 46 50 C.
1544 1631 70 49 W.

293 1696 196 49 Warren,
519 1693 49 52 T.
598 1696 39 52 J.
670 1695 205 53 Steward,
905 1696 69 52 W.
1007 1698 47 50 B.
1083 1698 207 52 Johnson,
1320 1698 52 52 R.
1404 1698 46 52 C.
1483 1698 130 52 Cook,

294 1762 46 41 C.
375 1761 42 43 S.
448 1763 141 51 Jones.

347 1838 141 43 Those
520 1841 204 40 admitted
756 1847 46 34 to
831 1840 72 41 the
933 1842 213 53 traveling
1176 1844 273 51 connection:
1509 1845 105 50 Rev.

290 1908 37 51 J.
369 1908 46 51 L.
457 1907 102 52 Cole
605 1907 136 52 (from
779 1908 72 51 the
890 1908 360 53 Congregational
1291 1911 185 51 Church,
1517 1912 97 50 who

291 1975 84 40 had
408 1975 101 40 been
546 1975 199 51 formally
777 1975 203 51 ordained
1012 1977 54 51 by
1099 1990 24 38 a
1157 1976 237 52 Methodist
1429 1980 185 53 Bishop;

291 2039 54 41 he
382 2055 118 26 came
535 2047 46 34 to
617 2055 49 26 us
704 2041 149 52 highly
890 2044 368 51 recommended),
1298 2045 119 50 Prof.
1457 2048 70 47 W.
1569 2047 42 48 S.

292 2108 199 51 Dugged,
532 2108 211 51 Principal
781 2109 47 50 of
865 2109 143 52 Payne
1047 2108 168 53 School,
1253 2113 85 48 and
1376 2115 84 46 Mr.
1498 2114 114 53 John

291 2174 222 40 Williams.

346 2249 140 41 There
521 2264 110 27 were
667 2265 58 26 no
762 2252 178 39 deacons
979 2253 215 41 ordained.
1255 2252 92 44 The
1387 2258 226 57 following

289 2317 197 40 brethren
517 2331 111 26 were
658 2317 204 41 ordained
892 2316 175 44 Elders':
1101 2320 54 40 N.
1187 2320 38 51 J.
1258 2322 178 52 Adams,
1468 2327 54 47 A.
1555 2328 54 46 A.

289 2382 150 48 Lucas,
463 2381 52 49 A.
539 2382 53 48 A.
616 2382 185 52 Rumph,
826 2383 47 51 L.
899 2382 42 52 S.
966 2384 182 50 Bonner,
1171 2385 38 52 J.
1234 2387 57 50 H.
1316 2388 293 56 Underwood,

287 2448 38 52 J.
355 2447 42 53 S.
425 2448 238 52 Anderson,
691 2449 48 51 B.
765 2449 37 52 J.
831 2449 142 53 Craig,
1001 2451 62 51 M.
1091 2452 47 50 B.
1167 2452 174 53 Bryant.
1370 2457 61 48 M.
1462 2459 145 46 More-
