1900 2800
750 293 55 31 IN
840 289 287 37 ALABAMA.

1523 270 87 45 151

290 403 208 40 Multrees
531 400 173 48 Circuit,
740 398 126 51 1890;
897 396 207 53 Roanoke
1136 394 126 55 1891;
1293 393 181 56 Auburn
1505 391 105 58 Mis¬

287 470 107 46 sion,
429 468 127 50 1892;
585 465 233 53 Whitehall
848 464 174 54 Circuit,
1056 462 126 56 1893;
1211 458 234 60 Traveling
1472 456 143 62 Evan¬

288 535 138 52 gelist.
488 531 105 56 This
621 546 99 41 year
749 532 53 55 he
830 530 140 57 added
997 537 46 50 to>
1069 528 71 59 the
1169 527 52 60 A.
1254 527 61 60 M.
1346 523 50 64 E.
1428 522 187 65 Church,

285 603 136 43 alone,
449 611 82 39 252
555 599 222 51 members.
837 597 71 53 He
933 596 189 54 traveled
1148 608 56 42 up
1231 593 106 57 until
1368 591 115 59 1896.
1544 590 72 60 He

287 668 139 40 added
454 680 101 28 over
583 676 80 41 700
689 672 43 45 to
758 662 72 55 the
856 662 170 55 church.
1088 661 69 56 He
1183 659 76 58 has
1286 659 236 58 conducted
1550 669 65 48 re¬

286 735 136 40 vivals
452 734 42 41 in
527 733 67 42 six
627 731 213 44 Southern
871 736 141 39 states.
1101 728 70 47 He
1199 727 76 48 has
1306 725 208 52 preached
1543 722 72 55 the

289 803 156 50 Gospel
472 813 119 40 upon
620 798 71 55 the
721 797 105 56 Gulf
855 798 47 55 of
932 796 185 57 Mexico.
1178 794 69 59 He
1275 794 76 59 has
1381 793 160 60 spoken
1570 798 45 55 to

287 880 124 38 4,000
435 881 47 37 or
505 879 118 39 more
646 866 46 52 of
715 865 101 53 both
841 877 115 41 races
980 869 41 49 at
1045 876 80 42 one
1147 861 113 57 time,
1325 859 103 59 1897
1451 859 51 59 he
1526 869 89 49 was

289 944 93 32 sent
410 947 45 29 to
483 932 272 45 Tuscaloosa,
786 931 109 46 Ala.,
925 930 85 47 and
1037 928 163 52 bought
1228 927 84 53 and
1340 925 172 55 planted
1540 925 71 55 the

290 1001 184 46 Church,
507 999 114 52 1898.
684 998 70 53 He
793 1011 87 40 was
920 1003 144 48 pastor
1104 1001 41 50 at
1186 993 221 58 Mulberry
1435 991 179 60 Station.

291 1070 116 39 Here
434 1068 52 41 he
516 1067 67 42 led
611 1066 70 43 the
710 1071 106 38 state
846 1064 68 45 for
943 1062 284 47 Endowment
1257 1060 107 51 Day.
1430 1058 103 53 1899
1561 1057 53 54 he

289 1136 149 40 served
460 1149 44 27 as
530 1134 115 42 State
667 1132 264 50 missionary.
993 1129 70 53 He
1085 1142 85 40 was
1193 1126 228 56 appointed
1445 1124 169 58 Presid¬

289 1204 74 50 ing
390 1201 130 53 Elder
548 1201 69 53 for
643 1198 69 56 the
740 1196 237 58 Greenville
1005 1195 176 59 District
1209 1194 169 60 Central
1406 1192 208 62 Alabama

290 1269 276 41 Conference.
627 1267 71 43 He
715 1266 34 44 is
767 1278 97 32 now
883 1264 174 50 serving
1073 1261 65 53 his
1157 1261 156 53 second
1330 1267 108 47 term
1456 1273 54 41 on
1530 1258 84 56 this

292 1336 174 40 district.
528 1334 68 42 He
624 1346 86 30 was
737 1331 183 45 married
946 1338 45 38 to
1017 1328 108 48 Miss
1152 1329 119 47 Dora
1298 1326 44 50 C.
1371 1325 166 51 Harris,
1565 1323 47 53 of

291 1404 215 42 Allenton,
537 1400 109 46 Ala.,
684 1410 116 39 1901,
833 1398 110 51 Nov.
978 1396 112 53 27th,
1122 1395 103 54 Rev.
1258 1392 151 57 Daniel
1442 1393 169 56 Brown,

293 1469 227 48 Presiding
540 1465 129 52 Elder
690 1465 47 52 of
757 1465 70 52 the
849 1462 161 55 Mobile
1030 1463 187 54 District,
1243 1460 240 57 officiating.

347 1536 36 50 J.
417 1535 56 51 H.
508 1532 193 54 McGhee
731 1531 76 55 has
839 1530 149 56 served
1019 1542 53 44 on
1104 1541 104 45 poor
1239 1527 119 59 work
1388 1526 53 60 all
1473 1526 46 60 of
1548 1524 66 62 his

292 1601 246 41 ministerial
564 1612 143 30 career
731 1598 84 44 and
841 1598 75 44 has
942 1596 138 46 added
1106 1608 101 34 over
1232 1605 81 37 220
1337 1593 209 49 members
1571 1598 44 44 to

291 1669 70 40 the
386 1668 137 51 grand
548 1666 51 53 A.
629 1665 60 54 M.
716 1664 49 55 E.
794 1661 182 58 Church.
1038 1662 70 57 He
1130 1662 75 57 has
1230 1659 84 60 had
1339 1659 54 60 all
1418 1659 123 60 kinds
1568 1658 47 61 of

292 1735 291 40 inducements
620 1739 42 36 to
699 1745 54 36 go
788 1737 46 44 to
867 1730 119 51 other
1021 1727 339 54 denominations
1396 1725 83 56 and
1512 1723 103 58 hoi.I

291 1803 140 50 larger
456 1800 326 53 appointments.
843 1796 69 57 He
936 1797 76 56 has
1036 1796 104 57 been
1166 1793 163 60 offered
1354 1807 23 46 a
1401 1792 117 61 large
1543 1805 72 48 ap¬

293 1869 235 51 pointment
556 1867 54 53 by
640 1880 24 40 a
693 1864 156 56 certain
878 1861 158 59 church
1066 1862 114 58 since
1205 1860 54 60 he
1283 1859 78 61 has
1389 1858 103 62 been
1522 1871 94 49 pre¬

291 1935 144 50 siding
455 1934 125 51 elder.
642 1932 87 53 But
750 1932 54 53 he
824 1928 75 57 has
922 1928 184 57 refused.
1167 1927 71 58 He
1259 1927 35 58 is
1315 1940 24 45 a
1362 1932 150 53 strong
1532 1924 83 61 Af¬

293 2003 111 38 rican
436 1999 248 42 Methodist.
746 1997 69 44 He
841 1996 121 45 reads
991 1993 150 49 Greek,
1169 1993 136 49 Latin,
1335 1989 164 53 French
1527 1991 89 51 He¬

290 2069 130 44 brew,
450 2063 183 53 Spanish
661 2065 84 51 and
771 2061 197 55 German,
997 2060 91 56 also
1111 2060 71 56 the
1209 2059 151 57 Italian
1387 2058 224 58 language.

293 2135 71 39 He
384 2134 76 40 has
482 2147 25 27 a
528 2132 81 42 fine
629 2130 158 51 library
808 2131 46 50 of
874 2128 146 53 books.

350 2279 104 39 Rev.
482 2277 55 41 A.
564 2275 54 43 A.
647 2274 139 44 Lucas
813 2285 86 33 was
926 2271 105 47 born
1059 2268 44 50 in
1129 2264 160 54 Taylor
1316 2265 180 53 County,
1526 2264 90 54 Ga.,

293 2348 43 38 in
365 2346 127 50 1857;
517 2356 87 40 was
629 2339 226 57 converted
878 2338 84 58 and
986 2335 145 61 joined
1154 2333 72 63 the
1248 2332 157 64 church
1430 2333 41 63 in
1500 2332 115 64 1875,

294 2412 84 41 and
410 2408 272 45 commenced
715 2403 232 51 preaching
977 2402 70 52 the
1080 2413 114 41 same
1226 2408 110 46 year.
1396 2399 52 55 In
1497 2399 117 55 1877,

293 2477 147 54 joined
474 2475 71 56 the
579 2473 208 58 Alabama
823 2469 275 62 Conference,
1133 2466 135 65 under
1301 2464 162 67 Bishop
1494 2465 37 66 J.
1569 2465 46 66 P.
