1923 2816
770 328 57 33 IN
857 328 287 37 ALABAMA.

1563 323 58 46 57

355 442 142 51 James
523 441 53 52 A.
604 442 197 52 Garfield,
827 447 70 47 the
922 449 99 45 20th
1050 449 219 45 President
1295 454 46 40 of
1365 452 69 42 the
1459 454 160 42 United

304 508 137 43 States
462 524 85 27 was
568 511 105 41 born
694 513 41 39 in
757 512 176 55 Orange
953 513 245 56 Township,
1222 519 233 54 Cuyahoga
1476 521 140 52 Coun¬

301 583 55 40 ty,
385 575 126 50 Ohio,
540 577 109 48 Nov.
682 579 107 51 19th,
821 580 114 52 1831,
962 583 83 49 and
1072 584 95 48 died
1192 591 41 41 at
1259 585 196 51 Elberon,
1483 588 53 48 N.
1563 589 50 51 J.,

304 641 111 52 Sept.
449 642 108 53 19th,
591 643 125 52 1881;
744 646 121 51 aged,
892 658 51 40 49
971 662 119 37 years
1118 650 81 49 and
1231 661 48 38 10
1305 653 181 46 months.
1547 654 71 45 No

301 721 97 27 man
431 709 75 40 has
541 724 96 26 ever
669 711 182 41 touched
883 714 71 39 the
985 716 101 39 cord
1119 715 89 40 that
1240 717 121 40 binds
1394 719 72 40 the
1496 726 120 45 great

302 775 225 42 American
558 777 144 40 nation
735 792 45 27 as
814 778 177 42 General
1025 780 182 42 Garfield
1240 783 81 49 did,
1354 785 73 47 but
1456 784 54 48 he
1538 785 76 47 has

299 856 122 38 gone.
483 844 124 50 Pure,
635 845 122 49 noble
783 848 83 46 and
893 848 186 53 upright,
1106 849 65 52 his
1199 849 205 52 influence
1431 853 84 48 will
1543 860 73 41 net

300 923 102 26 soon
434 924 97 37 pass
563 925 133 39 away,
727 926 78 38 nor
836 914 64 50 his
947 917 193 49 example
1186 917 98 49 fade
1330 918 111 48 from
1486 920 126 51 sight.

302 976 81 40 His
425 977 77 41 life
539 977 78 41 has'
657 979 147 41 shown
845 979 97 41 how
984 996 24 26 a
1035 997 97 25 man
1160 996 95 40 may
1283 985 50 51 be
1374 986 113 50 good
1528 987 83 49 and

298 1049 132 45 great,
459 1044 83 50 and
571 1045 110 49 walk
709 1047 40 47 in
779 1045 70 49 the
876 1048 168 51 highest
1073 1050 155 49 circles,
1259 1052 83 47 and
1370 1058 67 46 yet
1465 1053 50 51 be
1542 1053 70 51 the

300 1109 138 41 friend
463 1111 47 39 of
534 1111 70 41 the
629 1126 104 38 poor
759 1114 83 50 and
867 1114 146 52 lowly;
1041 1117 83 49 and
1148 1115 97 51 how
1268 1116 54 50 he
1347 1131 95 38 may
1468 1120 48 49 be
1541 1120 70 49 the

300 1176 207 51 guardian
542 1178 46 49 of
621 1193 24 34 a
677 1187 120 43 great
830 1181 157 49 nation,
1023 1184 83 46 and
1140 1184 46 46 of
1220 1199 23 31 a
1276 1185 140 52 happy
1451 1185 158 53 family.

299 1240 126 43 From
450 1243 124 53 lowly
597 1246 122 50 paths
742 1246 52 50 he
817 1260 119 36 arose
958 1249 52 51 by
1034 1249 63 51 his
1121 1262 95 38 own
1239 1264 142 39 power
1404 1253 106 50 until
1532 1252 77 51 hu¬

298 1324 96 26 man
428 1318 217 44 greatness
680 1315 121 47 stood
835 1317 238 45 uncovered
1108 1318 40 44 in
1183 1318 64 44 his
1280 1333 210 37 presence,
1524 1322 83 48 and

297 1382 40 33 at
364 1377 69 40 the
459 1391 100 38 very
586 1378 193 51 pinnacle
805 1381 44 48 of
877 1380 64 49 his
971 1382 111 47 fame
1109 1384 53 45 he
1188 1391 104 38 rests
1322 1385 110 44 from
1459 1385 64 44 his
1551 1388 58 41 la¬

296 1442 108 41 bors.
465 1443 131 40 What
624 1458 52 26 an
704 1445 109 40 hour
841 1454 44 33 to
913 1448 66 40 die
1007 1448 42 40 in
1077 1450 83 39 and
1186 1449 98 41 how
1313 1450 199 55 cheering
1539 1454 69 51 the

295 1509 117 41 word
441 1517 91 33 sent
560 1511 105 40 back
693 1512 53 52 by
773 1513 87 51 him
892 1514 110 50 from
1031 1515 70 49 the
1128 1523 150 41 vortex
1307 1518 46 46 of
1381 1518 70 46 the
1477 1532 130 40 grave

294 1583 45 33 to
361 1577 120 40 those
507 1579 163 40 around
695 1579 100 49 him,,
821 1581 83 47 and
929 1588 43 40 to
997 1582 70 46 the
1091 1591 120 44 great
1238 1582 210 53 Christian
1475 1598 132 40 army.

295 1642 61 40 As
384 1642 53 41 he
464 1645 121 39 stood
613 1650 42 34 at
682 1645 64 40 his
774 1653 107 44 post,
910 1648 53 49 he
992 1649 75 48 felt
1093 1650 71 47 the
1191 1651 153 49 stroke,
1373 1652 82 48 and
1483 1666 45 34 as
1554 1652 53 48 he

294 1716 111 34 went
434 1710 136 49 down,
602 1712 103 49 said,
738 1712 157 49 "God's
925 1715 83 46 will
1037 1716 52 45 be
1116 1716 120 49 done,
1268 1718 18 47 I
1317 1731 67 34 am
1415 1719 126 53 ready
1571 1721 35 51 if

292 1787 70 39 my
387 1774 100 52 time
510 1775 77 51 has
613 1777 158 49 come."

347 1887 219 50 Brethren,
589 1903 45 34 as
658 1889 213 48 Christian
893 1891 223 49 ministers,
1140 1893 54 47 let
1215 1909 49 31 us
1287 1908 137 32 renew
1447 1910 78 30 our
1546 1897 58 43 al¬

292 1954 187 52 legiance
504 1962 45 44 to
575 1955 95 51 God
696 1958 83 48 and
805 1965 44 41 to
874 1958 71 48 the
971 1961 104 50 23rd
1102 1961 160 50 Article
1287 1963 47 48 of
1360 1974 80 37 our'
1464 1961 136 50 Faith.

292 2020 76 42 Let
395 2021 82 41 this
519 2020 185 54 thought
759 2036 95 38 ever
895 2025 49 49 be
999 2026 39 48 in
1096 2039 78 35 our
1229 2028 150 51 minds,
1407 2028 90 51 that
1539 2045 62 34 we

291 2087 122 41 loved
438 2088 86 41 him
551 2089 124 41 while
700 2090 143 52 living.
877 2091 81 51 We
983 2093 151 49 inherit
1157 2094 65 48 his
1248 2092 134 50 honor
1408 2097 83 45 and
1516 2096 85 46 will

290 2152 164 42 cherish
483 2153 70 42 his'
577 2168 191 42 memory
796 2157 124 53 while
948 2158 133 52 living
1109 2172 45 38 as
1183 2174 24 36 a
1235 2161 124 49 noble
1385 2161 213 49 chieftain.

290 2220 77 43 Let
394 2219 64 44 his
487 2223 194 50 example
708 2224 155 50 inspire
891 2238 48 36 us
966 2231 46 43 to
1038 2226 55 48 do
1120 2225 114 52 right
1260 2232 42 45 at
1328 2226 55 51 all
1408 2227 192 51 hazards,

287 2287 83 40 and
392 2287 50 41 be
464 2294 93 35 true
578 2295 46 34 to
644 2303 77 26 our
744 2297 120 42 trust,
888 2305 44 34 as
955 2292 52 47 he
1030 2306 85 33 was
1138 2298 46 41 to
1204 2291 76 48 his.
1341 2294 77 45 Let
1440 2294 63 45 his
1527 2296 73 43 life

287 2353 50 40 be
370 2359 47 34 to
449 2368 49 26 us
535 2367 24 27 a
593 2355 156 41 beacon
785 2356 119 52 light,
943 2357 283 52 illuminating
1262 2372 75 37 our
1374 2360 224 49 ill-starred

286 2418 114 56 path,
433 2419 269 55 discovering
733 2428 45 46 to
808 2436 49 38 us
890 2423 83 51 and
1005 2423 176 52 making
1210 2424 181 54 possible
1424 2425 68 53 for
1522 2441 77 37 o>ur
