1915 2810
768 286 59 35 IN
861 286 287 37 ALABAMA.

1543 271 91 47 213

303 394 139 42 isheth
467 406 134 39 away,
628 407 50 38 so
700 393 53 52 he
778 393 92 52 that
896 392 128 53 goeth
1052 394 124 51 down
1202 398 45 47 to
1272 389 73 56 the
1369 403 132 42 grave
1525 388 107 57 shall

302 475 120 28 come
441 475 58 38 up
519 476 59 37 no
595 462 159 51 more."
814 459 93 54 The
926 461 142 52 words
1089 474 71 39 are
1180 458 194 55 striking.
1435 458 71 55 He
1527 457 106 56 shall

300 535 77 33 not
407 534 145 34 return
582 534 44 34 to
655 528 66 41 his
751 527 124 42 houe.
938 526 59 43 So
1025 541 65 28 we
1119 540 74 38 say
1222 524 104 54 with
1354 524 65 54 his
1451 524 183 54 devoted

300 593 115 48 wife,
442 593 65 48 his
534 599 88 42 two
648 605 99 36 sons
775 595 42 46 in
843 591 72 50 the
940 593 209 50 ministry,
1175 593 85 50 and
1285 590 73 53 the
1382 598 85 45 rest
1493 591 46 52 of
1565 589 67 54 his

297 659 240 41 household
566 661 85 39 and
681 660 103 40 with
813 660 67 41 his
910 660 185 41 millions
1125 660 47 41 of
1204 659 175 47 friends,
1411 654 219 52 Farewell*

297 725 164 51 Bishop
488 725 174 52 Brown,
686 726 65 51 till

583 814 75 31 "At
688 813 69 32 the
788 813 150 38 crystal
968 813 139 38 river's
1137 812 129 39 brink,

631 859 117 32 Some
775 860 123 31 sweet
924 859 77 38 day
1025 859 52 38 by
1102 859 77 38 and
1204 859 53 38 by

580 903 74 32 We
687 904 103 31 shall
824 904 80 32 find
938 905 98 31 each
1069 905 151 31 broken
1253 903 95 39 link,

630 948 117 32 Some
772 951 125 31 sweet
920 950 77 38 day
1020 950 52 38 by
1095 950 78 38 and
1197 949 85 39 by."

351 1027 165 49 Bishop
548 1029 160 47 Brown
739 1029 191 52 to-night
962 1032 34 49 is
1028 1030 103 51 with
1162 1030 72 51 the
1264 1032 90 49 first
1386 1032 243 49 luminaries

289 1095 51 40 of
361 1093 72 42 the
454 1096 71 40 old
547 1098 474 48 superstructure—the
1041 1097 183 49 African
1247 1099 236 47 Methodist
1504 1098 126 53 Epis-

290 1163 237 49 copalship.
589 1165 19 47 I
637 1165 129 49 fancy
792 1166 20 48 I
840 1180 70 34 see
933 1166 89 48 him
1049 1167 41 47 in
1118 1181 26 33 a
1168 1168 206 50 heavenly
1399 1168 231 50 catechism

292 1231 191 48 meeting
513 1231 104 48 with
650 1231 185 50 Bishops
866 1232 140 50 Allen,
1040 1233 160 49 Morris
1232 1235 170 49 Brown,
1436 1233 197 51 Edward

290 1296 186 45 Waters,
506 1297 193 44 William
728 1299 107 42 Paul
864 1298 160 51 Quinn,
1052 1301 142 48 Willis
1224 1301 180 50 Nazery,
1433 1302 201 49 William2

291 1359 48 44 F.
381 1363 252 49 Dickerson,
674 1363 189 49 Richard
902 1366 58 46 H.
1002 1366 118 48 Cain,
1159 1368 142 49 James
1341 1368 51 49 A.
1435 1367 197 52 Shorter,,

289 1428 233 51 Randolph
562 1430 54 49 A.
658 1429 164 53 Disney
861 1433 85 49 and
985 1433 130 50 Jabez
1157 1434 46 49 P.
1248 1434 229 52 Campbell.
1538 1437 89 49 But

288 1495 102 42 thev
422 1509 72 28 are
525 1504 76 33 not
632 1498 135 40 alone.
829 1499 19 39 I
882 1513 70 27 see
983 1500 178 41 another
1194 1503 173 41 dressed
1399 1506 43 39 in
1473 1506 149 42 habili¬

287 1568 119 33 ment
440 1563 46 39 of
520 1563 136 50 glory,
691 1576 79 37 one
803 1563 99 50 who
933 1566 166 47 walked
1132 1569 83 44 and
1246 1570 142 43 talked
1420 1573 103 40 with
1555 1587 63 37 us,

286 1629 100 40 who
415 1629 144 41 issued
587 1629 136 51 living
751 1631 142 49 words
924 1633 113 47 from
1064 1634 83 46 this
1177 1643 199 43 rostrum,
1405 1639 98 47 who
1530 1656 88 30 was

286 1695 221 50 protected
533 1697 56 48 by
616 1697 66 48 his
713 1698 162 47 friends
905 1714 54 31 on
987 1699 73 46 the
1086 1701 138 51 belfry
1253 1704 48 48 of
1328 1705 83 47 this
1440 1706 175 46 historic

286 1761 161 40 Brown
480 1761 300 50 Chapel—one
808 1764 143 47 whose
982 1780 142 31 career
1153 1784 87 27 was
1270 1770 110 41 brief
1409 1773 75 40 but
1513 1775 99 40 bril¬

282 1827 117 41 liant.
460 1825 114 44 That
598 1831 151 48 seraph
773 1832 34 47 is
831 1846 80 33 our
934 1832 212 47 lamented
1166 1836 231 43 Mansfield
1422 1836 188 45 Edward

283 1895 175 49 Bryant.

614 1982 151 33 "There
786 1984 34 32 is
842 1993 50 23 no
913 1986 120 33 death
1054 1987 41 32 in
1117 1987 162 39 heaven,

613 2028 76 31 For
710 2028 95 38 they
826 2030 88 36 who
937 2031 92 36 gain
1050 2032 90 35 that
1160 2033 126 38 shore,

611 2072 113 32 Have
745 2082 87 22 won
855 2074 105 32 their
982 2076 259 40 immortality

611 2117 87 32 And
728 2118 94 38 they
854 2118 61 38 die
945 2128 52 28 no
1026 2122 141 34 more."

333 2195 140 40 Death
493 2197 78 40 has
591 2196 78 41 left
690 2212 48 27 us
760 2199 143 41 eleven
923 2202 181 48 prelates
1125 2203 144 47 whose
1290 2206 103 44 lives
1414 2221 71 29 are
1506 2223 99 28 con¬

276 2262 191 40 secrated
498 2269 46 34 to
575 2262 96 43 God
703 2264 68 41 for
800 2264 71 42 the
901 2267 253 43 betterment
1183 2270 48 42 of
1261 2273 215 43 mankind.
1536 2276 63 43 As

274 2328 111 40 their
406 2328 128 41 ranks
555 2328 110 43 have
686 2331 104 40 been
811 2332 172 49 broken,
1006 2333 73 48 the
1100 2338 193 48 question
1316 2353 98 39 may
1435 2342 51 50 be
1506 2356 96 39 pre¬

274 2395 148 41 sented
443 2402 47 34 to
511 2396 128 49 them,
664 2396 115 49 Who
803 2399 86 46 will
911 2400 52 45 be
985 2401 71 44 the
1077 2404 133 41 next?
1268 2405 20 41 I
1311 2406 123 43 think
1456 2409 49 43 of
1523 2409 76 45 the

272 2462 82 49 day
390 2461 123 50 when
548 2463 126 48 death
707 2465 103 46 with
842 2464 67 47 his
944 2467 174 44 scissors
1153 2470 106 43 shall
1291 2471 109 45 have
1432 2476 166 54 clipped
