1900 2800
551 613 244 47 sketch
820 613 80 47 of
923 612 127 48 the
1073 612 275 48 author.

342 776 204 41 Winfield
578 775 138 42 Henri
749 773 156 44 Mixon
936 786 87 31 was
1053 773 105 44 born
1190 771 124 52 April
1346 769 114 54 25th,
1495 769 118 54 1859,

287 846 43 40 in
354 845 148 41 Dallas
529 843 183 52 County,
736 854 104 41 near
866 840 153 55 Selma,
1045 840 96 55 Ala.
1201 838 83 57 His
1309 844 170 51 parents
1504 850 113 45 were

288 913 190 40 Andrew
509 912 37 49 J.
581 912 84 49 and
699 910 141 51 Maria
871 910 53 51 A.
958 909 167 52 Mixon.
1214 907 86 54 His
1328 905 167 56 mother
1525 919 89 42 was

289 980 151 40 owned
468 980 55 49 by
553 979 84 50 Mr.
668 976 147 53 Elijah
846 975 266 54 Sanderson;
1140 975 66 54 his
1237 974 143 55 father
1403 971 211 58 belonged

290 1055 45 33 to
365 1047 75 41 Dr.
475 1046 167 42 Mixon.
701 1042 141 46 There
885 1056 112 32 were
1041 1042 142 46 eleven
1230 1038 190 50 children
1464 1039 45 49 in
1538 1038 78 50 all;

290 1128 126 28 seven
436 1115 47 41 of
500 1114 115 42 them
633 1127 72 29 are
723 1110 83 46 still
825 1110 294 51 living—four
1137 1109 104 52 girls
1260 1108 85 53 and
1361 1107 119 54 three
1497 1106 118 55 boys.

291 1183 51 39 In
362 1194 148 39 young
529 1180 192 53 Mixon's
742 1178 114 55 early
875 1178 75 55 life
970 1176 65 57 his
1057 1176 140 57 father
1217 1182 93 51 sent
1326 1173 91 60 him
1437 1180 46 53 to
1501 1173 116 60 Lou¬

292 1249 144 47 isiana,
459 1247 142 49 where
619 1248 54 48 he
693 1245 174 51 worked
889 1259 54 37 on
965 1259 24 37 a
1011 1245 114 51 farm
1146 1245 68 51 for
1235 1248 88 48 two
1340 1254 134 42 years.
1519 1239 96 57 Un¬

293 1315 228 42 converted
548 1327 45 30 as
618 1314 55 43 he
701 1327 85 30 was
813 1313 43 44 in
881 1312 92 45 that
998 1310 101 47 wild
1125 1315 191 46 country,
1343 1309 55 52 he
1424 1308 77 53 felt
1525 1306 92 55 that

292 1385 53 39 he
367 1383 144 41 would
532 1383 52 41 be
605 1395 25 29 a
651 1379 203 55 preacher
875 1381 96 53 and,
994 1377 227 57 therefore,
1244 1375 213 59 practiced
1478 1376 56 58 by
1556 1381 62 53 at¬

293 1451 179 51 tending
503 1450 73 52 the
608 1447 168 55 funeral
809 1448 47 54 of
890 1444 251 58 everything
1171 1446 54 56 he
1259 1444 136 58 found
1418 1443 118 59 "dead
1569 1456 49 46 or

296 1518 144 51 dying.

353 1587 51 39 In
436 1585 102 52 1875
567 1583 65 54 his
662 1583 140 54 father
830 1595 118 42 came
977 1581 68 56 for
1072 1579 100 58 him.
1234 1581 50 56 In
1318 1579 104 58 1876
1449 1578 55 59 he
1530 1592 88 45 was

296 1654 228 42 converted
554 1653 136 43 under
719 1651 72 45 the
820 1650 340 46 administration
1191 1650 47 46 of
1268 1649 105 47 Rev.
1406 1648 48 48 B.
1488 1646 129 50 Ghol-

296 1729 95 34 ston
417 1736 57 27 on
499 1721 71 42 the
600 1719 97 44 nth
724 1720 48 43 of
797 1719 265 48 November;
1089 1716 71 51 the
1186 1731 115 36 same
1326 1730 100 39 year
1451 1715 53 54 he
1530 1728 89 41 was

294 1790 196 53 baptized
516 1789 84 54 and
627 1788 184 55 licensed
836 1794 45 49 to
905 1786 167 57 preach.
1132 1786 103 57 Rev.
1264 1786 69 57 W.
1361 1785 52 58 D.
1443 1784 175 59 Morton

298 1871 88 28 was
414 1858 72 41 the
513 1856 229 52 Presiding
768 1854 141 54 Elder.
970 1854 69 54 On
1067 1855 73 53 the
1170 1854 97 54 nth
1295 1853 47 55 of
1369 1852 247 56 December,

299 1924 115 53 1879,
441 1924 53 53 he
519 1923 145 54 joined
689 1924 71 53 the
784 1923 209 54 traveling
1018 1921 247 56 connection
1292 1927 42 50 at
1359 1918 259 59 Huntsville,

297 1993 109 48 Ala.,
427 1991 69 50 Rt.
521 1991 104 50 Rev.
649 1990 37 52 J.
712 1990 46 52 P.
784 1987 229 55 Campbell,
1036 1988 53 54 D.
1113 1988 67 54 D.,
1203 1987 219 55 presiding
1445 1986 173 56 Bishop.

296 2059 71 39 He
384 2058 77 40 has
479 2058 102 40 been
602 2062 145 47 pastor
764 2062 42 47 at
825 2056 199 53 Decatur,
1045 2055 120 54 Pratt
1185 2052 108 57 City,
1315 2053 145 56 Bailey
1481 2051 140 58 Chap¬

297 2126 48 46 el,
385 2123 97 49 Star
517 2125 47 47 of
597 2123 74 49 the
704 2121 115 51 East,
857 2122 172 50 Marion
1064 2121 84 51 and
1183 2120 241 52 Hamburg,
1463 2119 154 53 Brown

297 2190 173 52 Chapel,
492 2191 305 51 Montgomery
816 2189 83 53 and
919 2186 291 56 Columbiana.
1243 2187 72 55 He
1330 2188 76 54 has
1425 2186 196 56 presided

296 2272 102 27 over
430 2258 71 41 the
535 2256 297 52 Birmingham
865 2254 178 54 District
1074 2253 146 55 twice-;
1256 2253 142 55 Selma
1430 2253 190 55 District,

300 2325 281 48 Greensboro,
604 2324 305 50 Montgomery
929 2322 84 52 and
1032 2319 129 55 Troy.
1221 2319 142 55 Every
1384 2320 163 54 district
1566 2319 54 55 he

295 2392 76 40 has
398 2391 150 41 served
572 2389 54 43 he
650 2388 229 51 organized
907 2402 47 37 so
979 2401 127 38 many
1130 2387 204 52 churches
1359 2388 90 51 that
1475 2388 31 51 it
1531 2401 88 38 was

933 2449 42 34 17
