<?xml version="1.0" encoding="utf-8"?>
<alto xmlns:xlink="http://www.w3.org/1999/xlink" xmlns:xsi="http://www.w3.org/2001/XMLSchema-instance" xsi:schemaLocation="http://www.loc.gov/standards/alto/ns-v2# http://www.loc.gov/standards/alto/alto-v2.0.xsd" xmlns="http://www.loc.gov/standards/alto/ns-v2#">
  <Description>
    <MeasurementUnit>pixel</MeasurementUnit>
    <sourceImageInformation>
      <fileName>0136.tif</fileName>
    </sourceImageInformation>
    <OCRProcessing ID="Processing">
      <ocrProcessingStep>
        <processingStepSettings>Image Resolution:400</processingStepSettings>
        <processingSoftware>
          <softwareCreator>I2S Kirtas</softwareCreator>
          <softwareName>Limb</softwareName>
          <softwareVersion>1.0</softwareVersion>
          <applicationDescription>Abbyy10 OCR Engine</applicationDescription>
        </processingSoftware>
      </ocrProcessingStep>
    </OCRProcessing>
  </Description>
  <Styles>
    <TextStyle ID="StyleId-0" FONTSIZE="11" FONTFAMILY="Times New Roman" />
    <TextStyle ID="StyleId-1" FONTSIZE="8" FONTFAMILY="Times New Roman" />
    <TextStyle ID="StyleId-2" FONTSIZE="9" FONTFAMILY="Times New Roman" />
  </Styles>
  <Layout>
    <Page ID="P135" PHYSICAL_IMG_NR="135" HEIGHT="2800" WIDTH="1900" ACCURACY="0.8053088" QUALITY_DETAIL="289 words, 1350 chars, 1109 with recognition greater than 50% (82.15%)">
      <TopMargin ID="P135_TM00001" HPOS="0" VPOS="0" WIDTH="1900" HEIGHT="270" />
      <LeftMargin ID="P135_LM00001" HPOS="0" VPOS="270" WIDTH="277" HEIGHT="2260" />
      <RightMargin ID="P135_RM00001" HPOS="1629" VPOS="270" WIDTH="271" HEIGHT="2260" />
      <BottomMargin ID="P135_BM00001" HPOS="0" VPOS="2530" WIDTH="1900" HEIGHT="270" />
      <PrintSpace ID="P135_PS00001" HPOS="277" VPOS="270" WIDTH="1352" HEIGHT="2260">
        <TextBlock ID="P135_TB00001" HPOS="294" VPOS="270" WIDTH="105" HEIGHT="60">
          <TextLine ID="P135_TL00001" HPOS="302" VPOS="278" WIDTH="89" HEIGHT="44">
            <String ID="P135_S00001" HPOS="302" VPOS="278" WIDTH="89" HEIGHT="44" STYLEREFS="StyleId-0" CONTENT="134" WC="0.78" CC="006" />
          </TextLine>
        </TextBlock>
        <TextBlock ID="P135_TB00002" HPOS="645" VPOS="284" WIDTH="638" HEIGHT="54">
          <TextLine ID="P135_TL00002" HPOS="653" VPOS="292" WIDTH="622" HEIGHT="38">
            <String ID="P135_S00002" HPOS="653" VPOS="292" WIDTH="247" HEIGHT="35" STYLEREFS="StyleId-1" CONTENT="AFRICAN" WC="0.621428549" CC="51030034" />
            <SP ID="P135_SP00001" WIDTH="0" HPOS="0" VPOS="0" />
            <String ID="P135_S00003" HPOS="933" VPOS="294" WIDTH="342" HEIGHT="36" STYLEREFS="StyleId-1" CONTENT="METHODISM." WC="0.737" CC="0753150040" />
          </TextLine>
        </TextBlock>
        <TextBlock ID="P135_TB00003" HPOS="277" VPOS="384" WIDTH="1352" HEIGHT="2146">
          <TextLine ID="P135_TL00003" HPOS="304" VPOS="392" WIDTH="1316" HEIGHT="61">
            <String ID="P135_S00004" HPOS="304" VPOS="396" WIDTH="365" HEIGHT="53" STYLEREFS="StyleId-2" CONTENT="Superintendent." WC="0.882" CC="371000000000031" />
            <SP ID="P135_SP00002" WIDTH="0" HPOS="0" VPOS="0" />
            <String ID="P135_S00005" HPOS="729" VPOS="400" WIDTH="172" HEIGHT="53" STYLEREFS="StyleId-2" CONTENT="During" WC="0.788333356" CC="220007" />
            <SP ID="P135_SP00003" WIDTH="0" HPOS="0" VPOS="0" />
            <String ID="P135_S00006" HPOS="929" VPOS="400" WIDTH="72" HEIGHT="53" STYLEREFS="StyleId-2" CONTENT="the" WC="0.7633333" CC="070" />
            <SP ID="P135_SP00004" WIDTH="0" HPOS="0" VPOS="0" />
            <String ID="P135_S00007" HPOS="1029" VPOS="400" WIDTH="110" HEIGHT="53" STYLEREFS="StyleId-2" CONTENT="brief" WC="0.904" CC="00003" />
            <SP ID="P135_SP00005" WIDTH="0" HPOS="0" VPOS="0" />
            <String ID="P135_S00008" HPOS="1169" VPOS="401" WIDTH="101" HEIGHT="52" STYLEREFS="StyleId-2" CONTENT="time" WC="1" CC="0000" />
            <SP ID="P135_SP00006" WIDTH="0" HPOS="0" VPOS="0" />
            <String ID="P135_S00009" HPOS="1300" VPOS="398" WIDTH="42" HEIGHT="55" STYLEREFS="StyleId-2" CONTENT="in" WC="0.98" CC="00" />
            <SP ID="P135_SP00007" WIDTH="0" HPOS="0" VPOS="0" />
            <String ID="P135_S00010" HPOS="1373" VPOS="393" WIDTH="141" HEIGHT="60" STYLEREFS="StyleId-2" CONTENT="which" WC="0.64" CC="12607" />
            <SP ID="P135_SP00008" WIDTH="0" HPOS="0" VPOS="0" />
            <String ID="P135_S00011" HPOS="1546" VPOS="392" WIDTH="74" HEIGHT="61" STYLEREFS="StyleId-2" CONTENT="she" WC="0.94" CC="001" />
          </TextLine>
          <TextLine ID="P135_TL00004" HPOS="305" VPOS="459" WIDTH="1312" HEIGHT="61">
            <String ID="P135_S00012" HPOS="305" VPOS="466" WIDTH="229" HEIGHT="51" STYLEREFS="StyleId-2" CONTENT="organized" WC="0.816666663" CC="6010000000" />
            <SP ID="P135_SP00009" WIDTH="0" HPOS="0" VPOS="0" />
            <String ID="P135_S00013" HPOS="563" VPOS="481" WIDTH="79" HEIGHT="36" STYLEREFS="StyleId-2" CONTENT="our" WC="0.8" CC="060" />
            <SP ID="P135_SP00010" WIDTH="0" HPOS="0" VPOS="0" />
            <String ID="P135_S00014" HPOS="671" VPOS="468" WIDTH="251" HEIGHT="52" STYLEREFS="StyleId-2" CONTENT="missionary" WC="0.848" CC="1200250102" />
            <SP ID="P135_SP00011" WIDTH="0" HPOS="0" VPOS="0" />
            <String ID="P135_S00015" HPOS="953" VPOS="469" WIDTH="118" HEIGHT="51" STYLEREFS="StyleId-2" CONTENT="work" WC="0.865" CC="0500" />
            <SP ID="P135_SP00012" WIDTH="0" HPOS="0" VPOS="0" />
            <String ID="P135_S00016" HPOS="1101" VPOS="469" WIDTH="54" HEIGHT="51" STYLEREFS="StyleId-2" CONTENT="by" WC="0.635" CC="42" />
            <SP ID="P135_SP00013" WIDTH="0" HPOS="0" VPOS="0" />
            <String ID="P135_S00017" HPOS="1185" VPOS="466" WIDTH="224" HEIGHT="54" STYLEREFS="StyleId-2" CONTENT="traveling," WC="0.672" CC="0461001971" />
            <SP ID="P135_SP00014" WIDTH="0" HPOS="0" VPOS="0" />
            <String ID="P135_S00018" HPOS="1442" VPOS="459" WIDTH="175" HEIGHT="61" STYLEREFS="StyleId-2" CONTENT="preach¬" WC="0.78" CC="6000062" />
          </TextLine>
          <TextLine ID="P135_TL00005" HPOS="301" VPOS="524" WIDTH="1320" HEIGHT="61">
            <String ID="P135_S00019" HPOS="301" VPOS="532" WIDTH="76" HEIGHT="51" STYLEREFS="StyleId-2" CONTENT="ing" WC="0.9" CC="300" />
            <SP ID="P135_SP00015" WIDTH="0" HPOS="0" VPOS="0" />
            <String ID="P135_S00020" HPOS="400" VPOS="533" WIDTH="84" HEIGHT="50" STYLEREFS="StyleId-2" CONTENT="and" WC="1" CC="000" />
            <SP ID="P135_SP00016" WIDTH="0" HPOS="0" VPOS="0" />
            <String ID="P135_S00021" HPOS="508" VPOS="533" WIDTH="221" HEIGHT="52" STYLEREFS="StyleId-2" CONTENT="lecturing," WC="0.759" CC="30000150103" />
            <SP ID="P135_SP00017" WIDTH="0" HPOS="0" VPOS="0" />
            <String ID="P135_S00022" HPOS="756" VPOS="535" WIDTH="73" HEIGHT="50" STYLEREFS="StyleId-2" CONTENT="she" WC="0.733333349" CC="160" />
            <SP ID="P135_SP00018" WIDTH="0" HPOS="0" VPOS="0" />
            <String ID="P135_S00023" HPOS="853" VPOS="534" WIDTH="77" HEIGHT="51" STYLEREFS="StyleId-2" CONTENT="has" WC="0.74666667" CC="007" />
            <SP ID="P135_SP00019" WIDTH="0" HPOS="0" VPOS="0" />
            <String ID="P135_S00024" HPOS="956" VPOS="535" WIDTH="108" HEIGHT="50" STYLEREFS="StyleId-2" CONTENT="done" WC="0.7525" CC="0090" />
            <SP ID="P135_SP00020" WIDTH="0" HPOS="0" VPOS="0" />
            <String ID="P135_S00025" HPOS="1088" VPOS="533" WIDTH="225" HEIGHT="52" STYLEREFS="StyleId-2" CONTENT="herculean" WC="0.6155556" CC="705071049" />
            <SP ID="P135_SP00021" WIDTH="0" HPOS="0" VPOS="0" />
            <String ID="P135_S00026" HPOS="1339" VPOS="530" WIDTH="134" HEIGHT="55" STYLEREFS="StyleId-2" CONTENT="work." WC="0.722" CC="83200" />
            <SP ID="P135_SP00022" WIDTH="0" HPOS="0" VPOS="0" />
            <String ID="P135_S00027" HPOS="1535" VPOS="524" WIDTH="86" HEIGHT="61" STYLEREFS="StyleId-2" CONTENT="She" WC="0.476666659" CC="5100" />
          </TextLine>
          <TextLine ID="P135_TL00006" HPOS="300" VPOS="594" WIDTH="1320" HEIGHT="58">
            <String ID="P135_S00028" HPOS="300" VPOS="600" WIDTH="164" HEIGHT="52" STYLEREFS="StyleId-2" CONTENT="greatly" WC="0.6957143" CC="10730000" />
            <SP ID="P135_SP00023" WIDTH="0" HPOS="0" VPOS="0" />
            <String ID="P135_S00029" HPOS="486" VPOS="601" WIDTH="207" HEIGHT="51" STYLEREFS="StyleId-2" CONTENT="endeared" WC="0.93875" CC="00000400" />
            <SP ID="P135_SP00024" WIDTH="0" HPOS="0" VPOS="0" />
            <String ID="P135_S00030" HPOS="713" VPOS="602" WIDTH="158" HEIGHT="50" STYLEREFS="StyleId-2" CONTENT="herself" WC="0.79285717" CC="2040061" />
            <SP ID="P135_SP00025" WIDTH="0" HPOS="0" VPOS="0" />
            <String ID="P135_S00031" HPOS="890" VPOS="602" WIDTH="44" HEIGHT="50" STYLEREFS="StyleId-2" CONTENT="in" WC="1" CC="00" />
            <SP ID="P135_SP00026" WIDTH="0" HPOS="0" VPOS="0" />
            <String ID="P135_S00032" HPOS="953" VPOS="600" WIDTH="72" HEIGHT="52" STYLEREFS="StyleId-2" CONTENT="the" WC="0.7733333" CC="060" />
            <SP ID="P135_SP00027" WIDTH="0" HPOS="0" VPOS="0" />
            <String ID="P135_S00033" HPOS="1044" VPOS="600" WIDTH="141" HEIGHT="52" STYLEREFS="StyleId-2" CONTENT="hearts" WC="0.826666653" CC="600400" />
            <SP ID="P135_SP00028" WIDTH="0" HPOS="0" VPOS="0" />
            <String ID="P135_S00034" HPOS="1207" VPOS="599" WIDTH="47" HEIGHT="53" STYLEREFS="StyleId-2" CONTENT="of" WC="0.62" CC="43" />
            <SP ID="P135_SP00029" WIDTH="0" HPOS="0" VPOS="0" />
            <String ID="P135_S00035" HPOS="1275" VPOS="599" WIDTH="55" HEIGHT="53" STYLEREFS="StyleId-2" CONTENT="all" WC="0.563333333" CC="840" />
            <SP ID="P135_SP00030" WIDTH="0" HPOS="0" VPOS="0" />
            <String ID="P135_S00036" HPOS="1351" VPOS="597" WIDTH="103" HEIGHT="55" STYLEREFS="StyleId-2" CONTENT="with" WC="0.7275" CC="7300" />
            <SP ID="P135_SP00031" WIDTH="0" HPOS="0" VPOS="0" />
            <String ID="P135_S00037" HPOS="1477" VPOS="594" WIDTH="143" HEIGHT="58" STYLEREFS="StyleId-2" CONTENT="whom" WC="0.77" CC="0350" />
          </TextLine>
          <TextLine ID="P135_TL00007" HPOS="300" VPOS="660" WIDTH="1316" HEIGHT="60">
            <String ID="P135_S00038" HPOS="300" VPOS="665" WIDTH="73" HEIGHT="41" STYLEREFS="StyleId-2" CONTENT="she" WC="1" CC="000" />
            <SP ID="P135_SP00032" WIDTH="0" HPOS="0" VPOS="0" />
            <String ID="P135_S00039" HPOS="398" VPOS="680" WIDTH="119" HEIGHT="27" STYLEREFS="StyleId-2" CONTENT="came" WC="0.5275" CC="10800" />
            <SP ID="P135_SP00033" WIDTH="0" HPOS="0" VPOS="0" />
            <String ID="P135_S00040" HPOS="544" VPOS="668" WIDTH="43" HEIGHT="39" STYLEREFS="StyleId-2" CONTENT="in" WC="1" CC="00" />
            <SP ID="P135_SP00034" WIDTH="0" HPOS="0" VPOS="0" />
            <String ID="P135_S00041" HPOS="615" VPOS="673" WIDTH="177" HEIGHT="34" STYLEREFS="StyleId-2" CONTENT="contact." WC="0.94625" CC="00000004" />
            <SP ID="P135_SP00035" WIDTH="0" HPOS="0" VPOS="0" />
            <String ID="P135_S00042" HPOS="852" VPOS="668" WIDTH="50" HEIGHT="40" STYLEREFS="StyleId-2" CONTENT="In" WC="0.885" CC="20" />
            <SP ID="P135_SP00036" WIDTH="0" HPOS="0" VPOS="0" />
            <String ID="P135_S00043" HPOS="934" VPOS="668" WIDTH="103" HEIGHT="52" STYLEREFS="StyleId-2" CONTENT="1897" WC="0.75" CC="00010" />
            <SP ID="P135_SP00037" WIDTH="0" HPOS="0" VPOS="0" />
            <String ID="P135_S00044" HPOS="1066" VPOS="668" WIDTH="160" HEIGHT="52" STYLEREFS="StyleId-2" CONTENT="Bishop" WC="0.7916667" CC="230060" />
            <SP ID="P135_SP00038" WIDTH="0" HPOS="0" VPOS="0" />
            <String ID="P135_S00045" HPOS="1255" VPOS="666" WIDTH="57" HEIGHT="54" STYLEREFS="StyleId-2" CONTENT="H." WC="0.79" CC="40" />
            <SP ID="P135_SP00039" WIDTH="0" HPOS="0" VPOS="0" />
            <String ID="P135_S00046" HPOS="1345" VPOS="665" WIDTH="61" HEIGHT="55" STYLEREFS="StyleId-2" CONTENT="M." WC="0.825" CC="20" />
            <SP ID="P135_SP00040" WIDTH="0" HPOS="0" VPOS="0" />
            <String ID="P135_S00047" HPOS="1436" VPOS="660" WIDTH="180" HEIGHT="60" STYLEREFS="StyleId-2" CONTENT="Turner.." WC="0.62" CC="75200473" />
          </TextLine>
          <TextLine ID="P135_TL00008" HPOS="299" VPOS="728" WIDTH="1320" HEIGHT="59">
            <String ID="P135_S00048" HPOS="299" VPOS="733" WIDTH="52" HEIGHT="40" STYLEREFS="StyleId-2" CONTENT="D." WC="0.915" CC="01" />
            <SP ID="P135_SP00041" WIDTH="0" HPOS="0" VPOS="0" />
            <String ID="P135_S00049" HPOS="376" VPOS="734" WIDTH="67" HEIGHT="49" STYLEREFS="StyleId-2" CONTENT="D.," WC="0.783333361" CC="033" />
            <SP ID="P135_SP00042" WIDTH="0" HPOS="0" VPOS="0" />
            <String ID="P135_S00050" HPOS="467" VPOS="735" WIDTH="46" HEIGHT="48" STYLEREFS="StyleId-2" CONTENT="of" WC="1" CC="00" />
            <SP ID="P135_SP00043" WIDTH="0" HPOS="0" VPOS="0" />
            <String ID="P135_S00051" HPOS="536" VPOS="734" WIDTH="70" HEIGHT="49" STYLEREFS="StyleId-2" CONTENT="the" WC="0.886666656" CC="300" />
            <SP ID="P135_SP00044" WIDTH="0" HPOS="0" VPOS="0" />
            <String ID="P135_S00052" HPOS="626" VPOS="734" WIDTH="73" HEIGHT="49" STYLEREFS="StyleId-2" CONTENT="6th" WC="0.886666656" CC="003" />
            <SP ID="P135_SP00045" WIDTH="0" HPOS="0" VPOS="0" />
            <String ID="P135_S00053" HPOS="722" VPOS="734" WIDTH="227" HEIGHT="53" STYLEREFS="StyleId-2" CONTENT="Episcopal" WC="0.807777762" CC="601000703" />
            <SP ID="P135_SP00046" WIDTH="0" HPOS="0" VPOS="0" />
            <String ID="P135_S00054" HPOS="972" VPOS="735" WIDTH="176" HEIGHT="52" STYLEREFS="StyleId-2" CONTENT="District" WC="0.92875" CC="03002000" />
            <SP ID="P135_SP00047" WIDTH="0" HPOS="0" VPOS="0" />
            <String ID="P135_S00055" HPOS="1177" VPOS="734" WIDTH="124" HEIGHT="53" STYLEREFS="StyleId-2" CONTENT="(then" WC="0.922" CC="30000" />
            <SP ID="P135_SP00048" WIDTH="0" HPOS="0" VPOS="0" />
            <String ID="P135_S00056" HPOS="1326" VPOS="731" WIDTH="186" HEIGHT="56" STYLEREFS="StyleId-2" CONTENT="Georgia" WC="0.751428545" CC="6000064" />
            <SP ID="P135_SP00049" WIDTH="0" HPOS="0" VPOS="0" />
            <String ID="P135_S00057" HPOS="1535" VPOS="728" WIDTH="84" HEIGHT="59" STYLEREFS="StyleId-2" CONTENT="and" WC="0.49666667" CC="095" />
          </TextLine>
          <TextLine ID="P135_TL00009" HPOS="299" VPOS="796" WIDTH="1320" HEIGHT="57">
            <String ID="P135_S00058" HPOS="299" VPOS="799" WIDTH="250" HEIGHT="52" STYLEREFS="StyleId-2" CONTENT="Alabama)," WC="0.7366667" CC="0410009000" />
            <SP ID="P135_SP00050" WIDTH="0" HPOS="0" VPOS="0" />
            <String ID="P135_S00059" HPOS="582" VPOS="799" WIDTH="132" HEIGHT="52" STYLEREFS="StyleId-2" CONTENT="called" WC="0.7216667" CC="093300" />
            <SP ID="P135_SP00051" WIDTH="0" HPOS="0" VPOS="0" />
            <String ID="P135_S00060" HPOS="744" VPOS="801" WIDTH="70" HEIGHT="50" STYLEREFS="StyleId-2" CONTENT="the" WC="0.81" CC="050" />
            <SP ID="P135_SP00052" WIDTH="0" HPOS="0" VPOS="0" />
            <String ID="P135_S00061" HPOS="844" VPOS="801" WIDTH="186" HEIGHT="52" STYLEREFS="StyleId-2" CONTENT="meeting" WC="0.93" CC="0000400" />
            <SP ID="P135_SP00053" WIDTH="0" HPOS="0" VPOS="0" />
            <String ID="P135_S00062" HPOS="1061" VPOS="802" WIDTH="68" HEIGHT="51" STYLEREFS="StyleId-2" CONTENT="for" WC="1" CC="000" />
            <SP ID="P135_SP00054" WIDTH="0" HPOS="0" VPOS="0" />
            <String ID="P135_S00063" HPOS="1157" VPOS="801" WIDTH="72" HEIGHT="52" STYLEREFS="StyleId-2" CONTENT="the" WC="0.75" CC="043" />
            <SP ID="P135_SP00055" WIDTH="0" HPOS="0" VPOS="0" />
            <String ID="P135_S00064" HPOS="1259" VPOS="812" WIDTH="185" HEIGHT="41" STYLEREFS="StyleId-2" CONTENT="purpose" WC="0.7542857" CC="0630700" />
            <SP ID="P135_SP00056" WIDTH="0" HPOS="0" VPOS="0" />
            <String ID="P135_S00065" HPOS="1474" VPOS="796" WIDTH="47" HEIGHT="57" STYLEREFS="StyleId-2" CONTENT="of" WC="0.775" CC="04" />
            <SP ID="P135_SP00057" WIDTH="0" HPOS="0" VPOS="0" />
            <String ID="P135_S00066" HPOS="1552" VPOS="809" WIDTH="67" HEIGHT="44" STYLEREFS="StyleId-2" CONTENT="or¬" WC="0.683333337" CC="323" />
          </TextLine>
          <TextLine ID="P135_TL00010" HPOS="297" VPOS="860" WIDTH="1322" HEIGHT="58">
            <String ID="P135_S00067" HPOS="297" VPOS="866" WIDTH="204" HEIGHT="52" STYLEREFS="StyleId-2" CONTENT="ganizing" WC="0.86625" CC="00000640" />
            <SP ID="P135_SP00058" WIDTH="0" HPOS="0" VPOS="0" />
            <String ID="P135_S00068" HPOS="521" VPOS="880" WIDTH="78" HEIGHT="38" STYLEREFS="StyleId-2" CONTENT="our" WC="0.7633333" CC="070" />
            <SP ID="P135_SP00059" WIDTH="0" HPOS="0" VPOS="0" />
            <String ID="P135_S00069" HPOS="622" VPOS="865" WIDTH="118" HEIGHT="53" STYLEREFS="StyleId-2" CONTENT="State" WC="1" CC="00000" />
            <SP ID="P135_SP00060" WIDTH="0" HPOS="0" VPOS="0" />
            <String ID="P135_S00070" HPOS="759" VPOS="869" WIDTH="119" HEIGHT="49" STYLEREFS="StyleId-2" CONTENT="work" WC="0.685" CC="01020" />
            <SP ID="P135_SP00061" WIDTH="0" HPOS="0" VPOS="0" />
            <String ID="P135_S00071" HPOS="899" VPOS="869" WIDTH="42" HEIGHT="49" STYLEREFS="StyleId-2" CONTENT="in" WC="0.69" CC="60" />
            <SP ID="P135_SP00062" WIDTH="0" HPOS="0" VPOS="0" />
            <String ID="P135_S00072" HPOS="966" VPOS="867" WIDTH="153" HEIGHT="51" STYLEREFS="StyleId-2" CONTENT="Selma," WC="0.8933333" CC="023000" />
            <SP ID="P135_SP00063" WIDTH="0" HPOS="0" VPOS="0" />
            <String ID="P135_S00073" HPOS="1142" VPOS="867" WIDTH="108" HEIGHT="51" STYLEREFS="StyleId-2" CONTENT="Ala.," WC="0.818" CC="04004" />
            <SP ID="P135_SP00064" WIDTH="0" HPOS="0" VPOS="0" />
            <String ID="P135_S00074" HPOS="1273" VPOS="865" WIDTH="99" HEIGHT="53" STYLEREFS="StyleId-2" CONTENT="July" WC="0.645" CC="7015" />
            <SP ID="P135_SP00065" WIDTH="0" HPOS="0" VPOS="0" />
            <String ID="P135_S00075" HPOS="1395" VPOS="864" WIDTH="85" HEIGHT="54" STYLEREFS="StyleId-2" CONTENT="6th." WC="0.91" CC="0003" />
            <SP ID="P135_SP00066" WIDTH="0" HPOS="0" VPOS="0" />
            <String ID="P135_S00076" HPOS="1513" VPOS="860" WIDTH="106" HEIGHT="58" STYLEREFS="StyleId-2" CONTENT="This" WC="0.6675" CC="7006" />
          </TextLine>
          <TextLine ID="P135_TL00011" HPOS="299" VPOS="930" WIDTH="1321" HEIGHT="57">
            <String ID="P135_S00077" HPOS="299" VPOS="948" WIDTH="86" HEIGHT="26" STYLEREFS="StyleId-2" CONTENT="was" WC="0.723333359" CC="800" />
            <SP ID="P135_SP00067" WIDTH="0" HPOS="0" VPOS="0" />
            <String ID="P135_S00078" HPOS="411" VPOS="935" WIDTH="71" HEIGHT="39" STYLEREFS="StyleId-2" CONTENT="the" WC="1" CC="000" />
            <SP ID="P135_SP00068" WIDTH="0" HPOS="0" VPOS="0" />
            <String ID="P135_S00079" HPOS="506" VPOS="934" WIDTH="90" HEIGHT="40" STYLEREFS="StyleId-2" CONTENT="first" WC="0.842" CC="33100" />
            <SP ID="P135_SP00069" WIDTH="0" HPOS="0" VPOS="0" />
            <String ID="P135_S00080" HPOS="619" VPOS="936" WIDTH="186" HEIGHT="51" STYLEREFS="StyleId-2" CONTENT="meeting" WC="0.921428561" CC="0000130" />
            <SP ID="P135_SP00070" WIDTH="0" HPOS="0" VPOS="0" />
            <String ID="P135_S00081" HPOS="829" VPOS="936" WIDTH="46" HEIGHT="51" STYLEREFS="StyleId-2" CONTENT="of" WC="1" CC="00" />
            <SP ID="P135_SP00071" WIDTH="0" HPOS="0" VPOS="0" />
            <String ID="P135_S00082" HPOS="899" VPOS="934" WIDTH="70" HEIGHT="53" STYLEREFS="StyleId-2" CONTENT="the" WC="0.75666666" CC="070" />
            <SP ID="P135_SP00072" WIDTH="0" HPOS="0" VPOS="0" />
            <String ID="P135_S00083" HPOS="993" VPOS="936" WIDTH="69" HEIGHT="51" STYLEREFS="StyleId-2" CONTENT="W." WC="0.895" CC="20" />
            <SP ID="P135_SP00073" WIDTH="0" HPOS="0" VPOS="0" />
            <String ID="P135_S00084" HPOS="1089" VPOS="935" WIDTH="57" HEIGHT="52" STYLEREFS="StyleId-2" CONTENT="H." WC="0.755" CC="40" />
            <SP ID="P135_SP00074" WIDTH="0" HPOS="0" VPOS="0" />
            <String ID="P135_S00085" HPOS="1173" VPOS="935" WIDTH="84" HEIGHT="52" STYLEREFS="StyleId-2" CONTENT="and" WC="0.8066667" CC="140" />
            <SP ID="P135_SP00075" WIDTH="0" HPOS="0" VPOS="0" />
            <String ID="P135_S00086" HPOS="1282" VPOS="931" WIDTH="47" HEIGHT="56" STYLEREFS="StyleId-2" CONTENT="F." WC="0.565" CC="71" />
            <SP ID="P135_SP00076" WIDTH="0" HPOS="0" VPOS="0" />
            <String ID="P135_S00087" HPOS="1358" VPOS="933" WIDTH="61" HEIGHT="54" STYLEREFS="StyleId-2" CONTENT="M." WC="0.985" CC="00" />
            <SP ID="P135_SP00077" WIDTH="0" HPOS="0" VPOS="0" />
            <String ID="P135_S00088" HPOS="1450" VPOS="930" WIDTH="170" HEIGHT="57" STYLEREFS="StyleId-2" CONTENT="Society" WC="0.801428556" CC="0094000" />
          </TextLine>
          <TextLine ID="P135_TL00012" HPOS="297" VPOS="999" WIDTH="1320" HEIGHT="43">
            <String ID="P135_S00089" HPOS="297" VPOS="1000" WIDTH="98" HEIGHT="40" STYLEREFS="StyleId-2" CONTENT="held" WC="0.7325" CC="6040" />
            <SP ID="P135_SP00078" WIDTH="0" HPOS="0" VPOS="0" />
            <String ID="P135_S00090" HPOS="424" VPOS="1001" WIDTH="111" HEIGHT="39" STYLEREFS="StyleId-2" CONTENT="after" WC="0.776" CC="82000" />
            <SP ID="P135_SP00079" WIDTH="0" HPOS="0" VPOS="0" />
            <String ID="P135_S00091" HPOS="563" VPOS="1001" WIDTH="71" HEIGHT="40" STYLEREFS="StyleId-2" CONTENT="the" WC="1" CC="000" />
            <SP ID="P135_SP00080" WIDTH="0" HPOS="0" VPOS="0" />
            <String ID="P135_S00092" HPOS="665" VPOS="1001" WIDTH="179" HEIGHT="40" STYLEREFS="StyleId-2" CONTENT="General" WC="0.954285741" CC="0000101" />
            <SP ID="P135_SP00081" WIDTH="0" HPOS="0" VPOS="0" />
            <String ID="P135_S00093" HPOS="876" VPOS="1002" WIDTH="263" HEIGHT="40" STYLEREFS="StyleId-2" CONTENT="Conference" WC="0.878" CC="0083000000" />
            <SP ID="P135_SP00082" WIDTH="0" HPOS="0" VPOS="0" />
            <String ID="P135_S00094" HPOS="1167" VPOS="1002" WIDTH="42" HEIGHT="40" STYLEREFS="StyleId-2" CONTENT="in" WC="0.92" CC="10" />
            <SP ID="P135_SP00083" WIDTH="0" HPOS="0" VPOS="0" />
            <String ID="P135_S00095" HPOS="1239" VPOS="1001" WIDTH="74" HEIGHT="41" STYLEREFS="StyleId-2" CONTENT="the" WC="0.57" CC="075" />
            <SP ID="P135_SP00084" WIDTH="0" HPOS="0" VPOS="0" />
            <String ID="P135_S00096" HPOS="1342" VPOS="999" WIDTH="275" HEIGHT="43" STYLEREFS="StyleId-2" CONTENT="Connection." WC="0.78" CC="019000030100" />
          </TextLine>
          <TextLine ID="P135_TL00013" HPOS="299" VPOS="1065" WIDTH="1317" HEIGHT="52">
            <String ID="P135_S00097" HPOS="299" VPOS="1067" WIDTH="105" HEIGHT="38" STYLEREFS="StyleId-2" CONTENT="Mrs." WC="0.6575" CC="3063" />
            <SP ID="P135_SP00085" WIDTH="0" HPOS="0" VPOS="0" />
            <String ID="P135_S00098" HPOS="431" VPOS="1067" WIDTH="36" HEIGHT="49" STYLEREFS="StyleId-2" CONTENT="J." WC="0.705" CC="50" />
            <SP ID="P135_SP00086" WIDTH="0" HPOS="0" VPOS="0" />
            <String ID="P135_S00099" HPOS="495" VPOS="1067" WIDTH="52" HEIGHT="49" STYLEREFS="StyleId-2" CONTENT="A." WC="0.685" CC="60" />
            <SP ID="P135_SP00087" WIDTH="0" HPOS="0" VPOS="0" />
            <String ID="P135_S00100" HPOS="577" VPOS="1067" WIDTH="210" HEIGHT="49" STYLEREFS="StyleId-2" CONTENT="Brackett," WC="0.9522222" CC="000000004" />
            <SP ID="P135_SP00088" WIDTH="0" HPOS="0" VPOS="0" />
            <String ID="P135_S00101" HPOS="814" VPOS="1069" WIDTH="46" HEIGHT="47" STYLEREFS="StyleId-2" CONTENT="Of" WC="0.615" CC="70" />
            <SP ID="P135_SP00089" WIDTH="0" HPOS="0" VPOS="0" />
            <String ID="P135_S00102" HPOS="887" VPOS="1067" WIDTH="307" HEIGHT="50" STYLEREFS="StyleId-2" CONTENT="Birmingham," WC="0.6872727" CC="42106046900" />
            <SP ID="P135_SP00090" WIDTH="0" HPOS="0" VPOS="0" />
            <String ID="P135_S00103" HPOS="1223" VPOS="1067" WIDTH="94" HEIGHT="50" STYLEREFS="StyleId-2" CONTENT="Ala." WC="0.785" CC="0502" />
            <SP ID="P135_SP00091" WIDTH="0" HPOS="0" VPOS="0" />
            <String ID="P135_S00104" HPOS="1344" VPOS="1080" WIDTH="88" HEIGHT="37" STYLEREFS="StyleId-2" CONTENT="was" WC="1" CC="000" />
            <SP ID="P135_SP00092" WIDTH="0" HPOS="0" VPOS="0" />
            <String ID="P135_S00105" HPOS="1459" VPOS="1065" WIDTH="157" HEIGHT="52" STYLEREFS="StyleId-2" CONTENT="elected" WC="0.9628571" CC="0200000" />
          </TextLine>
          <TextLine ID="P135_TL00014" HPOS="297" VPOS="1130" WIDTH="1321" HEIGHT="53">
            <String ID="P135_S00106" HPOS="297" VPOS="1130" WIDTH="71" HEIGHT="41" STYLEREFS="StyleId-2" CONTENT="the" WC="1" CC="000" />
            <SP ID="P135_SP00093" WIDTH="0" HPOS="0" VPOS="0" />
            <String ID="P135_S00107" HPOS="388" VPOS="1131" WIDTH="90" HEIGHT="40" STYLEREFS="StyleId-2" CONTENT="first" WC="0.7" CC="77000" />
            <SP ID="P135_SP00094" WIDTH="0" HPOS="0" VPOS="0" />
            <String ID="P135_S00108" HPOS="501" VPOS="1131" WIDTH="220" HEIGHT="41" STYLEREFS="StyleId-2" CONTENT="President" WC="0.793333352" CC="600060060" />
            <SP ID="P135_SP00095" WIDTH="0" HPOS="0" VPOS="0" />
            <String ID="P135_S00109" HPOS="743" VPOS="1133" WIDTH="46" HEIGHT="39" STYLEREFS="StyleId-2" CONTENT="of" WC="1" CC="00" />
            <SP ID="P135_SP00096" WIDTH="0" HPOS="0" VPOS="0" />
            <String ID="P135_S00110" HPOS="810" VPOS="1133" WIDTH="71" HEIGHT="40" STYLEREFS="StyleId-2" CONTENT="the" WC="0.813333333" CC="050" />
            <SP ID="P135_SP00097" WIDTH="0" HPOS="0" VPOS="0" />
            <String ID="P135_S00111" HPOS="904" VPOS="1132" WIDTH="118" HEIGHT="42" STYLEREFS="StyleId-2" CONTENT="State" WC="0.88" CC="00104" />
            <SP ID="P135_SP00098" WIDTH="0" HPOS="0" VPOS="0" />
            <String ID="P135_S00112" HPOS="1043" VPOS="1133" WIDTH="132" HEIGHT="41" STYLEREFS="StyleId-2" CONTENT="work." WC="0.896" CC="00004" />
            <SP ID="P135_SP00099" WIDTH="0" HPOS="0" VPOS="0" />
            <String ID="P135_S00113" HPOS="1237" VPOS="1130" WIDTH="87" HEIGHT="44" STYLEREFS="StyleId-2" CONTENT="She" WC="0.74666667" CC="070" />
            <SP ID="P135_SP00100" WIDTH="0" HPOS="0" VPOS="0" />
            <String ID="P135_S00114" HPOS="1345" VPOS="1130" WIDTH="150" HEIGHT="44" STYLEREFS="StyleId-2" CONTENT="served" WC="0.936666667" CC="001100" />
            <SP ID="P135_SP00101" WIDTH="0" HPOS="0" VPOS="0" />
            <String ID="P135_S00115" HPOS="1516" VPOS="1144" WIDTH="102" HEIGHT="39" STYLEREFS="StyleId-2" CONTENT="very" WC="1" CC="0000" />
          </TextLine>
          <TextLine ID="P135_TL00015" HPOS="296" VPOS="1198" WIDTH="1320" HEIGHT="50">
            <String ID="P135_S00116" HPOS="296" VPOS="1199" WIDTH="279" HEIGHT="49" STYLEREFS="StyleId-2" CONTENT="successfully" WC="0.7158333" CC="270000007446" />
            <SP ID="P135_SP00102" WIDTH="0" HPOS="0" VPOS="0" />
            <String ID="P135_S00117" HPOS="607" VPOS="1199" WIDTH="83" HEIGHT="49" STYLEREFS="StyleId-2" CONTENT="and" WC="0.84" CC="040" />
            <SP ID="P135_SP00103" WIDTH="0" HPOS="0" VPOS="0" />
            <String ID="P135_S00118" HPOS="723" VPOS="1199" WIDTH="229" HEIGHT="49" STYLEREFS="StyleId-2" CONTENT="creditably" WC="0.814" CC="0000500615" />
            <SP ID="P135_SP00104" WIDTH="0" HPOS="0" VPOS="0" />
            <String ID="P135_S00119" HPOS="983" VPOS="1214" WIDTH="79" HEIGHT="34" STYLEREFS="StyleId-2" CONTENT="one" WC="0.6333333" CC="046" />
            <SP ID="P135_SP00105" WIDTH="0" HPOS="0" VPOS="0" />
            <String ID="P135_S00120" HPOS="1093" VPOS="1206" WIDTH="120" HEIGHT="42" STYLEREFS="StyleId-2" CONTENT="term." WC="0.884" CC="00104" />
            <SP ID="P135_SP00106" WIDTH="0" HPOS="0" VPOS="0" />
            <String ID="P135_S00121" HPOS="1275" VPOS="1199" WIDTH="106" HEIGHT="49" STYLEREFS="StyleId-2" CONTENT="Mrs." WC="0.8475" CC="0401" />
            <SP ID="P135_SP00107" WIDTH="0" HPOS="0" VPOS="0" />
            <String ID="P135_S00122" HPOS="1417" VPOS="1198" WIDTH="199" HEIGHT="50" STYLEREFS="StyleId-2" CONTENT="Brackett" WC="0.8675" CC="64000000" />
          </TextLine>
          <TextLine ID="P135_TL00016" HPOS="296" VPOS="1264" WIDTH="1319" HEIGHT="53">
            <String ID="P135_S00123" HPOS="296" VPOS="1265" WIDTH="35" HEIGHT="39" STYLEREFS="StyleId-2" CONTENT="is" WC="0.84" CC="30" />
            <SP ID="P135_SP00108" WIDTH="0" HPOS="0" VPOS="0" />
            <String ID="P135_S00124" HPOS="363" VPOS="1278" WIDTH="26" HEIGHT="27" STYLEREFS="StyleId-2" CONTENT="a" WC="0.89" CC="1" />
            <SP ID="P135_SP00109" WIDTH="0" HPOS="0" VPOS="0" />
            <String ID="P135_S00125" HPOS="419" VPOS="1278" WIDTH="102" HEIGHT="39" STYLEREFS="StyleId-2" CONTENT="very" WC="0.7625" CC="9000" />
            <SP ID="P135_SP00110" WIDTH="0" HPOS="0" VPOS="0" />
            <String ID="P135_S00126" HPOS="566" VPOS="1265" WIDTH="312" HEIGHT="52" STYLEREFS="StyleId-2" CONTENT="accomplished" WC="0.8975" CC="000000320600" />
            <SP ID="P135_SP00111" WIDTH="0" HPOS="0" VPOS="0" />
            <String ID="P135_S00127" HPOS="923" VPOS="1266" WIDTH="97" HEIGHT="51" STYLEREFS="StyleId-2" CONTENT="lady" WC="0.8875" CC="4000" />
            <SP ID="P135_SP00112" WIDTH="0" HPOS="0" VPOS="0" />
            <String ID="P135_S00128" HPOS="1067" VPOS="1266" WIDTH="84" HEIGHT="51" STYLEREFS="StyleId-2" CONTENT="and" WC="0.896666646" CC="030" />
            <SP ID="P135_SP00113" WIDTH="0" HPOS="0" VPOS="0" />
            <String ID="P135_S00129" HPOS="1197" VPOS="1264" WIDTH="196" HEIGHT="53" STYLEREFS="StyleId-2" CONTENT="splendid" WC="0.77375" CC="00250055" />
            <SP ID="P135_SP00114" WIDTH="0" HPOS="0" VPOS="0" />
            <String ID="P135_S00130" HPOS="1438" VPOS="1265" WIDTH="177" HEIGHT="52" STYLEREFS="StyleId-2" CONTENT="worker." WC="0.8642857" CC="0400014" />
          </TextLine>
          <TextLine ID="P135_TL00017" HPOS="303" VPOS="1330" WIDTH="793" HEIGHT="54">
            <String ID="P135_S00131" HPOS="303" VPOS="1330" WIDTH="105" HEIGHT="54" STYLEREFS="StyleId-2" CONTENT="(See" WC="0.96" CC="1000" />
            <SP ID="P135_SP00115" WIDTH="0" HPOS="0" VPOS="0" />
            <String ID="P135_S00132" HPOS="427" VPOS="1338" WIDTH="71" HEIGHT="46" STYLEREFS="StyleId-2" CONTENT="cut" WC="1" CC="000" />
            <SP ID="P135_SP00116" WIDTH="0" HPOS="0" VPOS="0" />
            <String ID="P135_S00133" HPOS="516" VPOS="1331" WIDTH="48" HEIGHT="53" STYLEREFS="StyleId-2" CONTENT="of" WC="0.885" CC="20" />
            <SP ID="P135_SP00117" WIDTH="0" HPOS="0" VPOS="0" />
            <String ID="P135_S00134" HPOS="582" VPOS="1331" WIDTH="160" HEIGHT="53" STYLEREFS="StyleId-2" CONTENT="herself" WC="0.91" CC="6000000" />
            <SP ID="P135_SP00118" WIDTH="0" HPOS="0" VPOS="0" />
            <String ID="P135_S00135" HPOS="761" VPOS="1333" WIDTH="84" HEIGHT="51" STYLEREFS="StyleId-2" CONTENT="and" WC="1" CC="000" />
            <SP ID="P135_SP00119" WIDTH="0" HPOS="0" VPOS="0" />
            <String ID="P135_S00136" HPOS="863" VPOS="1332" WIDTH="233" HEIGHT="52" STYLEREFS="StyleId-2" CONTENT="husband.)" WC="0.8977778" CC="001700000" />
          </TextLine>
          <TextLine ID="P135_TL00018" HPOS="354" VPOS="1398" WIDTH="1262" HEIGHT="51">
            <String ID="P135_S00137" HPOS="354" VPOS="1400" WIDTH="83" HEIGHT="40" STYLEREFS="StyleId-2" CONTENT="Mr." WC="0.85" CC="400" />
            <SP ID="P135_SP00120" WIDTH="0" HPOS="0" VPOS="0" />
            <String ID="P135_S00138" HPOS="474" VPOS="1398" WIDTH="135" HEIGHT="43" STYLEREFS="StyleId-2" CONTENT="Sarah" WC="0.662" CC="00376" />
            <SP ID="P135_SP00121" WIDTH="0" HPOS="0" VPOS="0" />
            <String ID="P135_S00139" HPOS="642" VPOS="1400" WIDTH="53" HEIGHT="41" STYLEREFS="StyleId-2" CONTENT="A." WC="1" CC="00" />
            <SP ID="P135_SP00122" WIDTH="0" HPOS="0" VPOS="0" />
            <String ID="P135_S00140" HPOS="731" VPOS="1399" WIDTH="225" HEIGHT="49" STYLEREFS="StyleId-2" CONTENT="Christian," WC="0.804" CC="0710005013" />
            <SP ID="P135_SP00123" WIDTH="0" HPOS="0" VPOS="0" />
            <String ID="P135_S00141" HPOS="991" VPOS="1401" WIDTH="47" HEIGHT="47" STYLEREFS="StyleId-2" CONTENT="of" WC="0.415" CC="92" />
            <SP ID="P135_SP00124" WIDTH="0" HPOS="0" VPOS="0" />
            <String ID="P135_S00142" HPOS="1072" VPOS="1399" WIDTH="278" HEIGHT="50" STYLEREFS="StyleId-2" CONTENT="Greensboro," WC="0.674545467" CC="0000305103103" />
            <SP ID="P135_SP00125" WIDTH="0" HPOS="0" VPOS="0" />
            <String ID="P135_S00143" HPOS="1385" VPOS="1400" WIDTH="109" HEIGHT="49" STYLEREFS="StyleId-2" CONTENT="Ala.," WC="0.96" CC="02000" />
            <SP ID="P135_SP00126" WIDTH="0" HPOS="0" VPOS="0" />
            <String ID="P135_S00144" HPOS="1529" VPOS="1414" WIDTH="87" HEIGHT="35" STYLEREFS="StyleId-2" CONTENT="was" WC="1" CC="000" />
          </TextLine>
          <TextLine ID="P135_TL00019" HPOS="295" VPOS="1466" WIDTH="1319" HEIGHT="53">
            <String ID="P135_S00145" HPOS="295" VPOS="1466" WIDTH="159" HEIGHT="40" STYLEREFS="StyleId-2" CONTENT="elected" WC="0.7171429" CC="3240009" />
            <SP ID="P135_SP00127" WIDTH="0" HPOS="0" VPOS="0" />
            <String ID="P135_S00146" HPOS="485" VPOS="1466" WIDTH="222" HEIGHT="41" STYLEREFS="StyleId-2" CONTENT="President" WC="0.933333337" CC="300010000" />
            <SP ID="P135_SP00128" WIDTH="0" HPOS="0" VPOS="0" />
            <String ID="P135_S00147" HPOS="736" VPOS="1467" WIDTH="40" HEIGHT="40" STYLEREFS="StyleId-2" CONTENT="in" WC="0.51" CC="36" />
            <SP ID="P135_SP00129" WIDTH="0" HPOS="0" VPOS="0" />
            <String ID="P135_S00148" HPOS="813" VPOS="1466" WIDTH="115" HEIGHT="53" STYLEREFS="StyleId-2" CONTENT="1898," WC="0.932" CC="00003" />
            <SP ID="P135_SP00130" WIDTH="0" HPOS="0" VPOS="0" />
            <String ID="P135_S00149" HPOS="960" VPOS="1467" WIDTH="84" HEIGHT="52" STYLEREFS="StyleId-2" CONTENT="and" WC="1" CC="000" />
            <SP ID="P135_SP00131" WIDTH="0" HPOS="0" VPOS="0" />
            <String ID="P135_S00150" HPOS="1075" VPOS="1466" WIDTH="83" HEIGHT="53" STYLEREFS="StyleId-2" CONTENT="still" WC="0.892" CC="00202" />
            <SP ID="P135_SP00132" WIDTH="0" HPOS="0" VPOS="0" />
            <String ID="P135_S00151" HPOS="1188" VPOS="1467" WIDTH="194" HEIGHT="52" STYLEREFS="StyleId-2" CONTENT="occupies" WC="0.8125" CC="20070400" />
            <SP ID="P135_SP00133" WIDTH="0" HPOS="0" VPOS="0" />
            <String ID="P135_S00152" HPOS="1411" VPOS="1467" WIDTH="73" HEIGHT="52" STYLEREFS="StyleId-2" CONTENT="the" WC="1" CC="000" />
            <SP ID="P135_SP00134" WIDTH="0" HPOS="0" VPOS="0" />
            <String ID="P135_S00153" HPOS="1510" VPOS="1467" WIDTH="104" HEIGHT="52" STYLEREFS="StyleId-2" CONTENT="hon¬" WC="0.9075" CC="0003" />
          </TextLine>
          <TextLine ID="P135_TL00020" HPOS="294" VPOS="1524" WIDTH="1321" HEIGHT="61">
            <String ID="P135_S00154" HPOS="294" VPOS="1534" WIDTH="103" HEIGHT="40" STYLEREFS="StyleId-2" CONTENT="ored" WC="0.9225" CC="2000" />
            <SP ID="P135_SP00135" WIDTH="0" HPOS="0" VPOS="0" />
            <String ID="P135_S00155" HPOS="418" VPOS="1532" WIDTH="195" HEIGHT="53" STYLEREFS="StyleId-2" CONTENT="position." WC="0.8655556" CC="000103131" />
            <SP ID="P135_SP00136" WIDTH="0" HPOS="0" VPOS="0" />
            <String ID="P135_S00156" HPOS="668" VPOS="1524" WIDTH="113" HEIGHT="61" STYLEREFS="StyleId-2" CONTENT="*Mrs." WC="0.598" CC="710200" />
            <SP ID="P135_SP00137" WIDTH="0" HPOS="0" VPOS="0" />
            <String ID="P135_S00157" HPOS="808" VPOS="1533" WIDTH="212" HEIGHT="52" STYLEREFS="StyleId-2" CONTENT="Christian" WC="0.9411111" CC="310000000" />
            <SP ID="P135_SP00138" WIDTH="0" HPOS="0" VPOS="0" />
            <String ID="P135_S00158" HPOS="1043" VPOS="1534" WIDTH="35" HEIGHT="51" STYLEREFS="StyleId-2" CONTENT="is" WC="0.76" CC="40" />
            <SP ID="P135_SP00139" WIDTH="0" HPOS="0" VPOS="0" />
            <String ID="P135_S00159" HPOS="1101" VPOS="1548" WIDTH="80" HEIGHT="37" STYLEREFS="StyleId-2" CONTENT="one" WC="0.63" CC="730" />
            <SP ID="P135_SP00140" WIDTH="0" HPOS="0" VPOS="0" />
            <String ID="P135_S00160" HPOS="1203" VPOS="1535" WIDTH="47" HEIGHT="50" STYLEREFS="StyleId-2" CONTENT="of" WC="0.355" CC="93" />
            <SP ID="P135_SP00141" WIDTH="0" HPOS="0" VPOS="0" />
            <String ID="P135_S00161" HPOS="1272" VPOS="1548" WIDTH="79" HEIGHT="37" STYLEREFS="StyleId-2" CONTENT="our" WC="0.75333333" CC="061" />
            <SP ID="P135_SP00142" WIDTH="0" HPOS="0" VPOS="0" />
            <String ID="P135_S00162" HPOS="1372" VPOS="1534" WIDTH="91" HEIGHT="51" STYLEREFS="StyleId-2" CONTENT="first" WC="0.468" CC="67408" />
            <SP ID="P135_SP00143" WIDTH="0" HPOS="0" VPOS="0" />
            <String ID="P135_S00163" HPOS="1484" VPOS="1548" WIDTH="131" HEIGHT="37" STYLEREFS="StyleId-2" CONTENT="wom-" WC="0.725" CC="0064" />
          </TextLine>
          <TextLine ID="P135_TL00021" HPOS="294" VPOS="1598" WIDTH="1319" HEIGHT="56">
            <String ID="P135_S00164" HPOS="294" VPOS="1600" WIDTH="47" HEIGHT="39" STYLEREFS="StyleId-2" CONTENT="of" WC="0.78" CC="04" />
            <SP ID="P135_SP00144" WIDTH="0" HPOS="0" VPOS="0" />
            <String ID="P135_S00165" HPOS="371" VPOS="1599" WIDTH="70" HEIGHT="41" STYLEREFS="StyleId-2" CONTENT="the" WC="0.7866667" CC="060" />
            <SP ID="P135_SP00145" WIDTH="0" HPOS="0" VPOS="0" />
            <String ID="P135_S00166" HPOS="474" VPOS="1599" WIDTH="271" HEIGHT="41" STYLEREFS="StyleId-2" CONTENT="Connection." WC="0.82" CC="01700004041" />
            <SP ID="P135_SP00146" WIDTH="0" HPOS="0" VPOS="0" />
            <String ID="P135_S00167" HPOS="807" VPOS="1598" WIDTH="85" HEIGHT="43" STYLEREFS="StyleId-2" CONTENT="For" WC="0.77" CC="600" />
            <SP ID="P135_SP00147" WIDTH="0" HPOS="0" VPOS="0" />
            <String ID="P135_S00168" HPOS="921" VPOS="1601" WIDTH="145" HEIGHT="52" STYLEREFS="StyleId-2" CONTENT="nearly" WC="0.961666644" CC="000200" />
            <SP ID="P135_SP00148" WIDTH="0" HPOS="0" VPOS="0" />
            <String ID="P135_S00169" HPOS="1095" VPOS="1607" WIDTH="159" HEIGHT="47" STYLEREFS="StyleId-2" CONTENT="twenty" WC="1" CC="000000" />
            <SP ID="P135_SP00149" WIDTH="0" HPOS="0" VPOS="0" />
            <String ID="P135_S00170" HPOS="1283" VPOS="1615" WIDTH="121" HEIGHT="39" STYLEREFS="StyleId-2" CONTENT="years" WC="0.934" CC="00030" />
            <SP ID="P135_SP00150" WIDTH="0" HPOS="0" VPOS="0" />
            <String ID="P135_S00171" HPOS="1434" VPOS="1601" WIDTH="74" HEIGHT="53" STYLEREFS="StyleId-2" CONTENT="she" WC="0.783333361" CC="060" />
            <SP ID="P135_SP00151" WIDTH="0" HPOS="0" VPOS="0" />
            <String ID="P135_S00172" HPOS="1537" VPOS="1600" WIDTH="76" HEIGHT="54" STYLEREFS="StyleId-2" CONTENT="has" WC="0.42" CC="466" />
          </TextLine>
          <TextLine ID="P135_TL00022" HPOS="294" VPOS="1665" WIDTH="1314" HEIGHT="52">
            <String ID="P135_S00173" HPOS="294" VPOS="1667" WIDTH="103" HEIGHT="40" STYLEREFS="StyleId-2" CONTENT="been" WC="0.57" CC="0098" />
            <SP ID="P135_SP00152" WIDTH="0" HPOS="0" VPOS="0" />
            <String ID="P135_S00174" HPOS="435" VPOS="1665" WIDTH="356" HEIGHT="52" STYLEREFS="StyleId-2" CONTENT="Superintendent" WC="0.7714286" CC="57000580005000" />
            <SP ID="P135_SP00153" WIDTH="0" HPOS="0" VPOS="0" />
            <String ID="P135_S00175" HPOS="823" VPOS="1668" WIDTH="46" HEIGHT="49" STYLEREFS="StyleId-2" CONTENT="of" WC="0.875" CC="20" />
            <SP ID="P135_SP00154" WIDTH="0" HPOS="0" VPOS="0" />
            <String ID="P135_S00176" HPOS="901" VPOS="1666" WIDTH="70" HEIGHT="51" STYLEREFS="StyleId-2" CONTENT="the" WC="0.75" CC="070" />
            <SP ID="P135_SP00155" WIDTH="0" HPOS="0" VPOS="0" />
            <String ID="P135_S00177" HPOS="1006" VPOS="1667" WIDTH="61" HEIGHT="50" STYLEREFS="StyleId-2" CONTENT="St." WC="0.853333354" CC="004" />
            <SP ID="P135_SP00156" WIDTH="0" HPOS="0" VPOS="0" />
            <String ID="P135_S00178" HPOS="1101" VPOS="1667" WIDTH="243" HEIGHT="50" STYLEREFS="StyleId-2" CONTENT="Matthew's" WC="0.803333342" CC="1000050020" />
            <SP ID="P135_SP00157" WIDTH="0" HPOS="0" VPOS="0" />
            <String ID="P135_S00179" HPOS="1376" VPOS="1668" WIDTH="53" HEIGHT="49" STYLEREFS="StyleId-2" CONTENT="A." WC="0.965" CC="00" />
            <SP ID="P135_SP00158" WIDTH="0" HPOS="0" VPOS="0" />
            <String ID="P135_S00180" HPOS="1465" VPOS="1669" WIDTH="60" HEIGHT="48" STYLEREFS="StyleId-2" CONTENT="M." WC="0.925" CC="01" />
            <SP ID="P135_SP00159" WIDTH="0" HPOS="0" VPOS="0" />
            <String ID="P135_S00181" HPOS="1559" VPOS="1667" WIDTH="49" HEIGHT="50" STYLEREFS="StyleId-2" CONTENT="E." WC="0.73" CC="50" />
          </TextLine>
          <TextLine ID="P135_TL00023" HPOS="296" VPOS="1732" WIDTH="1316" HEIGHT="55">
            <String ID="P135_S00182" HPOS="296" VPOS="1733" WIDTH="175" HEIGHT="52" STYLEREFS="StyleId-2" CONTENT="Sunday" WC="0.6166667" CC="067008" />
            <SP ID="P135_SP00160" WIDTH="0" HPOS="0" VPOS="0" />
            <String ID="P135_S00183" HPOS="496" VPOS="1732" WIDTH="152" HEIGHT="53" STYLEREFS="StyleId-2" CONTENT="School" WC="0.5883333" CC="407408" />
            <SP ID="P135_SP00161" WIDTH="0" HPOS="0" VPOS="0" />
            <String ID="P135_S00184" HPOS="670" VPOS="1741" WIDTH="41" HEIGHT="44" STYLEREFS="StyleId-2" CONTENT="at" WC="1" CC="00" />
            <SP ID="P135_SP00162" WIDTH="0" HPOS="0" VPOS="0" />
            <String ID="P135_S00185" HPOS="731" VPOS="1733" WIDTH="74" HEIGHT="52" STYLEREFS="StyleId-2" CONTENT="her" WC="0.83" CC="500" />
            <SP ID="P135_SP00163" WIDTH="0" HPOS="0" VPOS="0" />
            <String ID="P135_S00186" HPOS="825" VPOS="1734" WIDTH="137" HEIGHT="51" STYLEREFS="StyleId-2" CONTENT="home," WC="0.85" CC="40002" />
            <SP ID="P135_SP00164" WIDTH="0" HPOS="0" VPOS="0" />
            <String ID="P135_S00187" HPOS="984" VPOS="1734" WIDTH="83" HEIGHT="51" STYLEREFS="StyleId-2" CONTENT="and" WC="1" CC="000" />
            <SP ID="P135_SP00165" WIDTH="0" HPOS="0" VPOS="0" />
            <String ID="P135_S00188" HPOS="1088" VPOS="1735" WIDTH="34" HEIGHT="50" STYLEREFS="StyleId-2" CONTENT="is" WC="0.8" CC="40" />
            <SP ID="P135_SP00166" WIDTH="0" HPOS="0" VPOS="0" />
            <String ID="P135_S00189" HPOS="1144" VPOS="1748" WIDTH="23" HEIGHT="37" STYLEREFS="StyleId-2" CONTENT="a" WC="1" CC="0" />
            <SP ID="P135_SP00167" WIDTH="0" HPOS="0" VPOS="0" />
            <String ID="P135_S00190" HPOS="1187" VPOS="1735" WIDTH="169" HEIGHT="50" STYLEREFS="StyleId-2" CONTENT="teacher" WC="0.8914286" CC="0000600" />
            <SP ID="P135_SP00168" WIDTH="0" HPOS="0" VPOS="0" />
            <String ID="P135_S00191" HPOS="1375" VPOS="1736" WIDTH="42" HEIGHT="49" STYLEREFS="StyleId-2" CONTENT="in" WC="0.795" CC="40" />
            <SP ID="P135_SP00169" WIDTH="0" HPOS="0" VPOS="0" />
            <String ID="P135_S00192" HPOS="1437" VPOS="1735" WIDTH="72" HEIGHT="50" STYLEREFS="StyleId-2" CONTENT="the" WC="0.8833333" CC="030" />
            <SP ID="P135_SP00170" WIDTH="0" HPOS="0" VPOS="0" />
            <String ID="P135_S00193" HPOS="1529" VPOS="1735" WIDTH="83" HEIGHT="52" STYLEREFS="StyleId-2" CONTENT="city" WC="0.6825" CC="0660" />
          </TextLine>
          <TextLine ID="P135_TL00024" HPOS="295" VPOS="1798" WIDTH="1314" HEIGHT="57">
            <String ID="P135_S00194" HPOS="295" VPOS="1800" WIDTH="141" HEIGHT="51" STYLEREFS="StyleId-2" CONTENT="public" WC="0.75333333" CC="033340" />
            <SP ID="P135_SP00171" WIDTH="0" HPOS="0" VPOS="0" />
            <String ID="P135_S00195" HPOS="456" VPOS="1799" WIDTH="154" HEIGHT="52" STYLEREFS="StyleId-2" CONTENT="school." WC="0.855714262" CC="0070030" />
            <SP ID="P135_SP00172" WIDTH="0" HPOS="0" VPOS="0" />
            <String ID="P135_S00196" HPOS="674" VPOS="1798" WIDTH="83" HEIGHT="53" STYLEREFS="StyleId-2" CONTENT="She" WC="0.6333333" CC="370" />
            <SP ID="P135_SP00173" WIDTH="0" HPOS="0" VPOS="0" />
            <String ID="P135_S00197" HPOS="775" VPOS="1800" WIDTH="76" HEIGHT="51" STYLEREFS="StyleId-2" CONTENT="has" WC="0.75" CC="700" />
            <SP ID="P135_SP00174" WIDTH="0" HPOS="0" VPOS="0" />
            <String ID="P135_S00198" HPOS="871" VPOS="1801" WIDTH="166" HEIGHT="50" STYLEREFS="StyleId-2" CONTENT="written" WC="0.95714283" CC="0030000" />
            <SP ID="P135_SP00175" WIDTH="0" HPOS="0" VPOS="0" />
            <String ID="P135_S00199" HPOS="1057" VPOS="1802" WIDTH="160" HEIGHT="49" STYLEREFS="StyleId-2" CONTENT="several" WC="0.698571444" CC="0095203" />
            <SP ID="P135_SP00176" WIDTH="0" HPOS="0" VPOS="0" />
            <String ID="P135_S00200" HPOS="1237" VPOS="1802" WIDTH="132" HEIGHT="49" STYLEREFS="StyleId-2" CONTENT="books" WC="0.772" CC="09020" />
            <SP ID="P135_SP00177" WIDTH="0" HPOS="0" VPOS="0" />
            <String ID="P135_S00201" HPOS="1389" VPOS="1803" WIDTH="84" HEIGHT="48" STYLEREFS="StyleId-2" CONTENT="and" WC="0.8466667" CC="040" />
            <SP ID="P135_SP00178" WIDTH="0" HPOS="0" VPOS="0" />
            <String ID="P135_S00202" HPOS="1492" VPOS="1817" WIDTH="117" HEIGHT="38" STYLEREFS="StyleId-2" CONTENT="pam¬" WC="0.96" CC="0001" />
          </TextLine>
          <TextLine ID="P135_TL00025" HPOS="292" VPOS="1864" WIDTH="1319" HEIGHT="53">
            <String ID="P135_S00203" HPOS="292" VPOS="1864" WIDTH="136" HEIGHT="52" STYLEREFS="StyleId-2" CONTENT="phlets" WC="0.836666644" CC="072000" />
            <SP ID="P135_SP00179" WIDTH="0" HPOS="0" VPOS="0" />
            <String ID="P135_S00204" HPOS="445" VPOS="1879" WIDTH="6" HEIGHT="37" STYLEREFS="StyleId-2" CONTENT=";" WC="1" CC="0" />
            <SP ID="P135_SP00180" WIDTH="0" HPOS="0" VPOS="0" />
            <String ID="P135_S00205" HPOS="479" VPOS="1865" WIDTH="67" HEIGHT="51" STYLEREFS="StyleId-2" CONTENT="for" WC="0.936666667" CC="001" />
            <SP ID="P135_SP00181" WIDTH="0" HPOS="0" VPOS="0" />
            <String ID="P135_S00206" HPOS="571" VPOS="1865" WIDTH="193" HEIGHT="51" STYLEREFS="StyleId-2" CONTENT="example" WC="0.797142863" CC="0300730" />
            <SP ID="P135_SP00182" WIDTH="0" HPOS="0" VPOS="0" />
            <String ID="P135_S00207" HPOS="787" VPOS="1866" WIDTH="83" HEIGHT="50" STYLEREFS="StyleId-2" CONTENT="and" WC="0.793333352" CC="060" />
            <SP ID="P135_SP00183" WIDTH="0" HPOS="0" VPOS="0" />
            <String ID="P135_S00208" HPOS="894" VPOS="1866" WIDTH="152" HEIGHT="51" STYLEREFS="StyleId-2" CONTENT="beauty" WC="0.8283333" CC="108000" />
            <SP ID="P135_SP00184" WIDTH="0" HPOS="0" VPOS="0" />
            <String ID="P135_S00209" HPOS="1070" VPOS="1867" WIDTH="47" HEIGHT="50" STYLEREFS="StyleId-2" CONTENT="of" WC="0.695" CC="06" />
            <SP ID="P135_SP00185" WIDTH="0" HPOS="0" VPOS="0" />
            <String ID="P135_S00210" HPOS="1141" VPOS="1866" WIDTH="216" HEIGHT="51" STYLEREFS="StyleId-2" CONTENT="character" WC="0.7" CC="1063100050" />
            <SP ID="P135_SP00186" WIDTH="0" HPOS="0" VPOS="0" />
            <String ID="P135_S00211" HPOS="1381" VPOS="1867" WIDTH="73" HEIGHT="50" STYLEREFS="StyleId-2" CONTENT="she" WC="0.7966667" CC="060" />
            <SP ID="P135_SP00187" WIDTH="0" HPOS="0" VPOS="0" />
            <String ID="P135_S00212" HPOS="1479" VPOS="1869" WIDTH="35" HEIGHT="48" STYLEREFS="StyleId-2" CONTENT="is" WC="0.835" CC="30" />
            <SP ID="P135_SP00188" WIDTH="0" HPOS="0" VPOS="0" />
            <String ID="P135_S00213" HPOS="1536" VPOS="1874" WIDTH="75" HEIGHT="43" STYLEREFS="StyleId-2" CONTENT="not" WC="0.6566667" CC="450" />
          </TextLine>
          <TextLine ID="P135_TL00026" HPOS="292" VPOS="1930" WIDTH="238" HEIGHT="52">
            <String ID="P135_S00214" HPOS="292" VPOS="1930" WIDTH="238" HEIGHT="52" STYLEREFS="StyleId-2" CONTENT="surpassed." WC="0.908" CC="0200600000" />
          </TextLine>
          <TextLine ID="P135_TL00027" HPOS="350" VPOS="1997" WIDTH="1259" HEIGHT="54">
            <String ID="P135_S00215" HPOS="350" VPOS="1997" WIDTH="193" HEIGHT="40" STYLEREFS="StyleId-2" CONTENT="Mention" WC="0.834285736" CC="0000505" />
            <SP ID="P135_SP00189" WIDTH="0" HPOS="0" VPOS="0" />
            <String ID="P135_S00216" HPOS="571" VPOS="2004" WIDTH="112" HEIGHT="33" STYLEREFS="StyleId-2" CONTENT="must" WC="0.905" CC="0003" />
            <SP ID="P135_SP00190" WIDTH="0" HPOS="0" VPOS="0" />
            <String ID="P135_S00217" HPOS="710" VPOS="1999" WIDTH="51" HEIGHT="38" STYLEREFS="StyleId-2" CONTENT="be" WC="1" CC="00" />
            <SP ID="P135_SP00191" WIDTH="0" HPOS="0" VPOS="0" />
            <String ID="P135_S00218" HPOS="787" VPOS="1997" WIDTH="123" HEIGHT="40" STYLEREFS="StyleId-2" CONTENT="made" WC="1" CC="0000" />
            <SP ID="P135_SP00192" WIDTH="0" HPOS="0" VPOS="0" />
            <String ID="P135_S00219" HPOS="936" VPOS="1998" WIDTH="47" HEIGHT="39" STYLEREFS="StyleId-2" CONTENT="of" WC="1" CC="00" />
            <SP ID="P135_SP00193" WIDTH="0" HPOS="0" VPOS="0" />
            <String ID="P135_S00220" HPOS="1011" VPOS="1998" WIDTH="105" HEIGHT="39" STYLEREFS="StyleId-2" CONTENT="Airs." WC="0.628" CC="108000" />
            <SP ID="P135_SP00194" WIDTH="0" HPOS="0" VPOS="0" />
            <String ID="P135_S00221" HPOS="1148" VPOS="1997" WIDTH="41" HEIGHT="42" STYLEREFS="StyleId-2" CONTENT="S." WC="1" CC="00" />
            <SP ID="P135_SP00195" WIDTH="0" HPOS="0" VPOS="0" />
            <String ID="P135_S00222" HPOS="1221" VPOS="1999" WIDTH="45" HEIGHT="40" STYLEREFS="StyleId-2" CONTENT="B." WC="0.52" CC="62" />
            <SP ID="P135_SP00196" WIDTH="0" HPOS="0" VPOS="0" />
            <String ID="P135_S00223" HPOS="1299" VPOS="1999" WIDTH="181" HEIGHT="52" STYLEREFS="StyleId-2" CONTENT="Shields," WC="0.625" CC="45482004" />
            <SP ID="P135_SP00197" WIDTH="0" HPOS="0" VPOS="0" />
            <String ID="P135_S00224" HPOS="1509" VPOS="2003" WIDTH="100" HEIGHT="48" STYLEREFS="StyleId-2" CONTENT="wife" WC="0.85" CC="0600" />
          </TextLine>
          <TextLine ID="P135_TL00028" HPOS="289" VPOS="2061" WIDTH="1319" HEIGHT="59">
            <String ID="P135_S00225" HPOS="289" VPOS="2063" WIDTH="48" HEIGHT="39" STYLEREFS="StyleId-2" CONTENT="of" WC="1" CC="00" />
            <SP ID="P135_SP00198" WIDTH="0" HPOS="0" VPOS="0" />
            <String ID="P135_S00226" HPOS="363" VPOS="2063" WIDTH="225" HEIGHT="50" STYLEREFS="StyleId-2" CONTENT="Presiding" WC="0.8622222" CC="020000080" />
            <SP ID="P135_SP00199" WIDTH="0" HPOS="0" VPOS="0" />
            <String ID="P135_S00227" HPOS="611" VPOS="2061" WIDTH="129" HEIGHT="52" STYLEREFS="StyleId-2" CONTENT="Elder" WC="0.854" CC="51000" />
            <SP ID="P135_SP00200" WIDTH="0" HPOS="0" VPOS="0" />
            <String ID="P135_S00228" HPOS="766" VPOS="2062" WIDTH="177" HEIGHT="51" STYLEREFS="StyleId-2" CONTENT="Shields," WC="0.775" CC="06304003" />
            <SP ID="P135_SP00201" WIDTH="0" HPOS="0" VPOS="0" />
            <String ID="P135_S00229" HPOS="968" VPOS="2064" WIDTH="47" HEIGHT="49" STYLEREFS="StyleId-2" CONTENT="of" WC="0.57" CC="08" />
            <SP ID="P135_SP00202" WIDTH="0" HPOS="0" VPOS="0" />
            <String ID="P135_S00230" HPOS="1037" VPOS="2064" WIDTH="71" HEIGHT="49" STYLEREFS="StyleId-2" CONTENT="the" WC="0.78" CC="140" />
            <SP ID="P135_SP00203" WIDTH="0" HPOS="0" VPOS="0" />
            <String ID="P135_S00231" HPOS="1132" VPOS="2064" WIDTH="146" HEIGHT="49" STYLEREFS="StyleId-2" CONTENT="Union" WC="0.566" CC="02676" />
            <SP ID="P135_SP00204" WIDTH="0" HPOS="0" VPOS="0" />
            <String ID="P135_S00232" HPOS="1304" VPOS="2066" WIDTH="181" HEIGHT="54" STYLEREFS="StyleId-2" CONTENT="Springs" WC="0.948571444" CC="0003000" />
            <SP ID="P135_SP00205" WIDTH="0" HPOS="0" VPOS="0" />
            <String ID="P135_S00233" HPOS="1510" VPOS="2070" WIDTH="98" HEIGHT="50" STYLEREFS="StyleId-2" CONTENT="Dis¬" WC="0.775" CC="0521" />
          </TextLine>
          <TextLine ID="P135_TL00029" HPOS="288" VPOS="2127" WIDTH="1320" HEIGHT="57">
            <String ID="P135_S00234" HPOS="288" VPOS="2129" WIDTH="109" HEIGHT="46" STYLEREFS="StyleId-2" CONTENT="trict," WC="0.79" CC="005024" />
            <SP ID="P135_SP00206" WIDTH="0" HPOS="0" VPOS="0" />
            <String ID="P135_S00235" HPOS="423" VPOS="2127" WIDTH="100" HEIGHT="48" STYLEREFS="StyleId-2" CONTENT="who" WC="0.486666679" CC="059" />
            <SP ID="P135_SP00207" WIDTH="0" HPOS="0" VPOS="0" />
            <String ID="P135_S00236" HPOS="545" VPOS="2129" WIDTH="75" HEIGHT="46" STYLEREFS="StyleId-2" CONTENT="has" WC="0.7966667" CC="600" />
            <SP ID="P135_SP00208" WIDTH="0" HPOS="0" VPOS="0" />
            <String ID="P135_S00237" HPOS="647" VPOS="2142" WIDTH="49" HEIGHT="33" STYLEREFS="StyleId-2" CONTENT="so" WC="1" CC="00" />
            <SP ID="P135_SP00209" WIDTH="0" HPOS="0" VPOS="0" />
            <String ID="P135_S00238" HPOS="716" VPOS="2127" WIDTH="129" HEIGHT="52" STYLEREFS="StyleId-2" CONTENT="nobly" WC="0.756" CC="02630" />
            <SP ID="P135_SP00210" WIDTH="0" HPOS="0" VPOS="0" />
            <String ID="P135_S00239" HPOS="869" VPOS="2129" WIDTH="148" HEIGHT="50" STYLEREFS="StyleId-2" CONTENT="served" WC="0.9266667" CC="004000" />
            <SP ID="P135_SP00211" WIDTH="0" HPOS="0" VPOS="0" />
            <String ID="P135_S00240" HPOS="1043" VPOS="2129" WIDTH="42" HEIGHT="50" STYLEREFS="StyleId-2" CONTENT="in" WC="0.56" CC="26" />
            <SP ID="P135_SP00212" WIDTH="0" HPOS="0" VPOS="0" />
            <String ID="P135_S00241" HPOS="1110" VPOS="2129" WIDTH="71" HEIGHT="50" STYLEREFS="StyleId-2" CONTENT="the" WC="0.7866667" CC="060" />
            <SP ID="P135_SP00213" WIDTH="0" HPOS="0" VPOS="0" />
            <String ID="P135_S00242" HPOS="1205" VPOS="2133" WIDTH="190" HEIGHT="51" STYLEREFS="StyleId-2" CONTENT="capacity" WC="0.895" CC="01050000" />
            <SP ID="P135_SP00214" WIDTH="0" HPOS="0" VPOS="0" />
            <String ID="P135_S00243" HPOS="1420" VPOS="2135" WIDTH="48" HEIGHT="49" STYLEREFS="StyleId-2" CONTENT="of" WC="0.625" CC="60" />
            <SP ID="P135_SP00215" WIDTH="0" HPOS="0" VPOS="0" />
            <String ID="P135_S00244" HPOS="1493" VPOS="2133" WIDTH="115" HEIGHT="51" STYLEREFS="StyleId-2" CONTENT="First" WC="0.776" CC="74000" />
          </TextLine>
          <TextLine ID="P135_TL00030" HPOS="288" VPOS="2194" WIDTH="1318" HEIGHT="56">
            <String ID="P135_S00245" HPOS="288" VPOS="2195" WIDTH="106" HEIGHT="40" STYLEREFS="StyleId-2" CONTENT="Vice" WC="0.885" CC="0400" />
            <SP ID="P135_SP00216" WIDTH="0" HPOS="0" VPOS="0" />
            <String ID="P135_S00246" HPOS="415" VPOS="2195" WIDTH="220" HEIGHT="40" STYLEREFS="StyleId-2" CONTENT="President" WC="0.8411111" CC="610030030" />
            <SP ID="P135_SP00217" WIDTH="0" HPOS="0" VPOS="0" />
            <String ID="P135_S00247" HPOS="655" VPOS="2194" WIDTH="113" HEIGHT="41" STYLEREFS="StyleId-2" CONTENT="since" WC="0.718" CC="07600" />
            <SP ID="P135_SP00218" WIDTH="0" HPOS="0" VPOS="0" />
            <String ID="P135_S00248" HPOS="791" VPOS="2194" WIDTH="114" HEIGHT="51" STYLEREFS="StyleId-2" CONTENT="1897," WC="0.548" CC="39062" />
            <SP ID="P135_SP00219" WIDTH="0" HPOS="0" VPOS="0" />
            <String ID="P135_S00249" HPOS="927" VPOS="2196" WIDTH="83" HEIGHT="49" STYLEREFS="StyleId-2" CONTENT="and" WC="1" CC="000" />
            <SP ID="P135_SP00220" WIDTH="0" HPOS="0" VPOS="0" />
            <String ID="P135_S00250" HPOS="1029" VPOS="2197" WIDTH="99" HEIGHT="48" STYLEREFS="StyleId-2" CONTENT="who&gt;" WC="0.7" CC="0407" />
            <SP ID="P135_SP00221" WIDTH="0" HPOS="0" VPOS="0" />
            <String ID="P135_S00251" HPOS="1144" VPOS="2198" WIDTH="76" HEIGHT="47" STYLEREFS="StyleId-2" CONTENT="has" WC="0.446666658" CC="6010" />
            <SP ID="P135_SP00222" WIDTH="0" HPOS="0" VPOS="0" />
            <String ID="P135_S00252" HPOS="1238" VPOS="2196" WIDTH="154" HEIGHT="54" STYLEREFS="StyleId-2" CONTENT="helped" WC="0.813333333" CC="703000" />
            <SP ID="P135_SP00223" WIDTH="0" HPOS="0" VPOS="0" />
            <String ID="P135_S00253" HPOS="1413" VPOS="2214" WIDTH="48" HEIGHT="36" STYLEREFS="StyleId-2" CONTENT="so" WC="0.695" CC="06" />
            <SP ID="P135_SP00224" WIDTH="0" HPOS="0" VPOS="0" />
            <String ID="P135_S00254" HPOS="1479" VPOS="2205" WIDTH="127" HEIGHT="45" STYLEREFS="StyleId-2" CONTENT="much" WC="0.4925" CC="6805" />
          </TextLine>
          <TextLine ID="P135_TL00031" HPOS="287" VPOS="2259" WIDTH="931" HEIGHT="44">
            <String ID="P135_S00255" HPOS="287" VPOS="2261" WIDTH="164" HEIGHT="39" STYLEREFS="StyleId-2" CONTENT="toward" WC="0.99333334" CC="000000" />
            <SP ID="P135_SP00225" WIDTH="0" HPOS="0" VPOS="0" />
            <String ID="P135_S00256" HPOS="479" VPOS="2260" WIDTH="71" HEIGHT="40" STYLEREFS="StyleId-2" CONTENT="the" WC="0.75" CC="070" />
            <SP ID="P135_SP00226" WIDTH="0" HPOS="0" VPOS="0" />
            <String ID="P135_S00257" HPOS="577" VPOS="2274" WIDTH="164" HEIGHT="27" STYLEREFS="StyleId-2" CONTENT="success" WC="0.98" CC="0000010" />
            <SP ID="P135_SP00227" WIDTH="0" HPOS="0" VPOS="0" />
            <String ID="P135_S00258" HPOS="770" VPOS="2261" WIDTH="47" HEIGHT="40" STYLEREFS="StyleId-2" CONTENT="of" WC="0.455" CC="64" />
            <SP ID="P135_SP00228" WIDTH="0" HPOS="0" VPOS="0" />
            <String ID="P135_S00259" HPOS="844" VPOS="2259" WIDTH="72" HEIGHT="42" STYLEREFS="StyleId-2" CONTENT="the" WC="0.75333333" CC="070" />
            <SP ID="P135_SP00229" WIDTH="0" HPOS="0" VPOS="0" />
            <String ID="P135_S00260" HPOS="944" VPOS="2260" WIDTH="117" HEIGHT="43" STYLEREFS="StyleId-2" CONTENT="State" WC="1" CC="00000" />
            <SP ID="P135_SP00230" WIDTH="0" HPOS="0" VPOS="0" />
            <String ID="P135_S00261" HPOS="1089" VPOS="2263" WIDTH="129" HEIGHT="40" STYLEREFS="StyleId-2" CONTENT="work." WC="0.75" CC="02702" />
          </TextLine>
          <TextLine ID="P135_TL00032" HPOS="344" VPOS="2326" WIDTH="1257" HEIGHT="61">
            <String ID="P135_S00262" HPOS="344" VPOS="2327" WIDTH="49" HEIGHT="38" STYLEREFS="StyleId-2" CONTENT="In" WC="0.805" CC="21" />
            <SP ID="P135_SP00231" WIDTH="0" HPOS="0" VPOS="0" />
            <String ID="P135_S00263" HPOS="429" VPOS="2327" WIDTH="114" HEIGHT="51" STYLEREFS="StyleId-2" CONTENT="1897," WC="0.92" CC="01003" />
            <SP ID="P135_SP00232" WIDTH="0" HPOS="0" VPOS="0" />
            <String ID="P135_S00264" HPOS="574" VPOS="2333" WIDTH="43" HEIGHT="45" STYLEREFS="StyleId-2" CONTENT="at" WC="0.73" CC="05" />
            <SP ID="P135_SP00233" WIDTH="0" HPOS="0" VPOS="0" />
            <String ID="P135_S00265" HPOS="645" VPOS="2328" WIDTH="72" HEIGHT="50" STYLEREFS="StyleId-2" CONTENT="the" WC="0.683333337" CC="270" />
            <SP ID="P135_SP00234" WIDTH="0" HPOS="0" VPOS="0" />
            <String ID="P135_S00266" HPOS="747" VPOS="2326" WIDTH="118" HEIGHT="52" STYLEREFS="StyleId-2" CONTENT="State" WC="1" CC="00000" />
            <SP ID="P135_SP00235" WIDTH="0" HPOS="0" VPOS="0" />
            <String ID="P135_S00267" HPOS="893" VPOS="2327" WIDTH="186" HEIGHT="52" STYLEREFS="StyleId-2" CONTENT="meeting" WC="0.742857158" CC="00008010" />
            <SP ID="P135_SP00236" WIDTH="0" HPOS="0" VPOS="0" />
            <String ID="P135_S00268" HPOS="1106" VPOS="2329" WIDTH="97" HEIGHT="50" STYLEREFS="StyleId-2" CONTENT="held" WC="0.78" CC="3050" />
            <SP ID="P135_SP00237" WIDTH="0" HPOS="0" VPOS="0" />
            <String ID="P135_S00269" HPOS="1234" VPOS="2337" WIDTH="41" HEIGHT="42" STYLEREFS="StyleId-2" CONTENT="at" WC="0.665" CC="06" />
            <SP ID="P135_SP00238" WIDTH="0" HPOS="0" VPOS="0" />
            <String ID="P135_S00270" HPOS="1308" VPOS="2331" WIDTH="153" HEIGHT="53" STYLEREFS="StyleId-2" CONTENT="Selma," WC="0.87833333" CC="002004" />
            <SP ID="P135_SP00239" WIDTH="0" HPOS="0" VPOS="0" />
            <String ID="P135_S00271" HPOS="1493" VPOS="2337" WIDTH="108" HEIGHT="50" STYLEREFS="StyleId-2" CONTENT="Ala.," WC="0.804" CC="04500" />
          </TextLine>
          <TextLine ID="P135_TL00033" HPOS="288" VPOS="2392" WIDTH="1315" HEIGHT="60">
            <String ID="P135_S00272" HPOS="288" VPOS="2393" WIDTH="157" HEIGHT="40" STYLEREFS="StyleId-2" CONTENT="Brown" WC="0.884" CC="50000" />
            <SP ID="P135_SP00240" WIDTH="0" HPOS="0" VPOS="0" />
            <String ID="P135_S00273" HPOS="473" VPOS="2393" WIDTH="158" HEIGHT="52" STYLEREFS="StyleId-2" CONTENT="Chapel" WC="0.6616667" CC="447004" />
            <SP ID="P135_SP00241" WIDTH="0" HPOS="0" VPOS="0" />
            <String ID="P135_S00274" HPOS="657" VPOS="2393" WIDTH="52" HEIGHT="52" STYLEREFS="StyleId-2" CONTENT="A." WC="1" CC="00" />
            <SP ID="P135_SP00242" WIDTH="0" HPOS="0" VPOS="0" />
            <String ID="P135_S00275" HPOS="740" VPOS="2394" WIDTH="60" HEIGHT="51" STYLEREFS="StyleId-2" CONTENT="M." WC="0.925" CC="01" />
            <SP ID="P135_SP00243" WIDTH="0" HPOS="0" VPOS="0" />
            <String ID="P135_S00276" HPOS="829" VPOS="2392" WIDTH="48" HEIGHT="53" STYLEREFS="StyleId-2" CONTENT="E." WC="0.715" CC="50" />
            <SP ID="P135_SP00244" WIDTH="0" HPOS="0" VPOS="0" />
            <String ID="P135_S00277" HPOS="908" VPOS="2393" WIDTH="181" HEIGHT="52" STYLEREFS="StyleId-2" CONTENT="Church," WC="0.667142868" CC="0660064" />
            <SP ID="P135_SP00245" WIDTH="0" HPOS="0" VPOS="0" />
            <String ID="P135_S00278" HPOS="1119" VPOS="2396" WIDTH="105" HEIGHT="49" STYLEREFS="StyleId-2" CONTENT="Mrs." WC="0.9575" CC="0001" />
            <SP ID="P135_SP00246" WIDTH="0" HPOS="0" VPOS="0" />
            <String ID="P135_S00279" HPOS="1255" VPOS="2397" WIDTH="134" HEIGHT="48" STYLEREFS="StyleId-2" CONTENT="Sarah" WC="0.864" CC="10005" />
            <SP ID="P135_SP00247" WIDTH="0" HPOS="0" VPOS="0" />
            <String ID="P135_S00280" HPOS="1415" VPOS="2401" WIDTH="38" HEIGHT="51" STYLEREFS="StyleId-2" CONTENT="J." WC="0.7" CC="60" />
            <SP ID="P135_SP00248" WIDTH="0" HPOS="0" VPOS="0" />
            <String ID="P135_S00281" HPOS="1481" VPOS="2403" WIDTH="122" HEIGHT="49" STYLEREFS="StyleId-2" CONTENT="Dun¬" WC="0.6375" CC="0733" />
          </TextLine>
          <TextLine ID="P135_TL00034" HPOS="285" VPOS="2459" WIDTH="1317" HEIGHT="53">
            <String ID="P135_S00282" HPOS="285" VPOS="2472" WIDTH="77" HEIGHT="27" STYLEREFS="StyleId-2" CONTENT="can" WC="1" CC="000" />
            <SP ID="P135_SP00249" WIDTH="0" HPOS="0" VPOS="0" />
            <String ID="P135_S00283" HPOS="388" VPOS="2472" WIDTH="86" HEIGHT="27" STYLEREFS="StyleId-2" CONTENT="was" WC="1" CC="000" />
            <SP ID="P135_SP00250" WIDTH="0" HPOS="0" VPOS="0" />
            <String ID="P135_S00284" HPOS="499" VPOS="2460" WIDTH="226" HEIGHT="50" STYLEREFS="StyleId-2" CONTENT="appointed" WC="0.73" CC="8000500010" />
            <SP ID="P135_SP00251" WIDTH="0" HPOS="0" VPOS="0" />
            <String ID="P135_S00285" HPOS="752" VPOS="2459" WIDTH="177" HEIGHT="51" STYLEREFS="StyleId-2" CONTENT="General" WC="0.8685714" CC="0050003" />
            <SP ID="P135_SP00252" WIDTH="0" HPOS="0" VPOS="0" />
            <String ID="P135_S00286" HPOS="955" VPOS="2460" WIDTH="237" HEIGHT="52" STYLEREFS="StyleId-2" CONTENT="Organizer" WC="0.93" CC="000022010" />
            <SP ID="P135_SP00253" WIDTH="0" HPOS="0" VPOS="0" />
            <String ID="P135_S00287" HPOS="1217" VPOS="2465" WIDTH="82" HEIGHT="47" STYLEREFS="StyleId-2" CONTENT="and" WC="0.66" CC="208" />
            <SP ID="P135_SP00254" WIDTH="0" HPOS="0" VPOS="0" />
            <String ID="P135_S00288" HPOS="1326" VPOS="2466" WIDTH="203" HEIGHT="46" STYLEREFS="StyleId-2" CONTENT="Lecturer" WC="0.6275" CC="75700620" />
            <SP ID="P135_SP00255" WIDTH="0" HPOS="0" VPOS="0" />
            <String ID="P135_S00289" HPOS="1555" VPOS="2473" WIDTH="47" HEIGHT="39" STYLEREFS="StyleId-2" CONTENT="of" WC="0.625" CC="07" />
          </TextLine>
        </TextBlock>
      </PrintSpace>
    </Page>
  </Layout>
</alto>