1899 2799
735 651 290 45 CHAPTER
1056 652 79 44 VI.

331 786 163 51 Bishop
515 784 38 53 J.
580 783 46 54 P.
653 778 218 59 Campbell
894 791 88 46 was
1005 782 104 55 next
1131 781 45 56 to
1199 785 131 52 come.
1388 767 94 70 The
1505 768 92 69 first

279 855 264 42 Conference
568 849 99 48 held
694 848 136 49 under
856 844 66 53 his
951 839 341 58 administration
1319 850 88 47 was
1435 841 44 56 at
1508 833 89 64 Sel-

276 936 83 36 ma,
383 921 102 51 Dec.
514 918 97 54 14th
633 922 45 50 to
700 913 114 59 20th.
873 913 61 59 At
954 910 70 62 his
1043 907 157 65 second
1223 904 162 68 session
1408 903 44 69 in
1479 900 118 72 1877,

278 990 71 40 the
378 986 264 44 Conference
669 981 85 49 had
782 993 151 40 grown
961 991 51 42 so
1037 977 118 56 large
1181 973 92 60 that
1299 969 73 64 the
1398 967 199 66 brethren

280 1057 77 40 felt
377 1055 93 42 that
488 1053 121 44 there
629 1049 138 52 might
787 1049 52 52 be
860 1043 254 58 established
1135 1038 179 63 another
1335 1035 265 66 Conference

282 1125 68 40 for
372 1123 71 42 the
467 1120 128 45 State.
654 1115 134 53 They,
807 1114 220 54 hereupon
1050 1107 228 61 appointed
1300 1118 24 50 a
1348 1101 253 67 Committee

283 1206 54 26 on
362 1188 195 44 Division
584 1186 46 46 of
658 1184 274 48 Conference.

339 1256 141 41 North
508 1253 212 44 Alabama
745 1249 265 48 Conference
1034 1258 88 39 was
1149 1239 230 58 organized
1406 1238 101 59 Dec.
1541 1246 64 51 11,

288 1323 117 53 1878,
432 1329 45 47 at
502 1318 215 58 Florence,
746 1316 109 60 Ala.,
884 1315 43 61 in
952 1311 74 65 the
1046 1316 125 60 court
1194 1308 147 68 house.
1399 1304 71 72 Rt.
1497 1302 108 74 Rev.

285 1392 129 52 Jabez
449 1389 89 55 Pitt
571 1382 231 62 Campbell,
837 1382 55 62 D.
927 1380 68 64 D.,
1029 1376 231 68 presiding.
1318 1368 94 76 The
1445 1368 163 76 Bishop

287 1458 101 41 read
412 1457 132 51 hymn
573 1464 93 44 249,
694 1450 107 58 "Let
826 1447 142 61 Zion's
994 1444 237 64 watchmen
1257 1439 54 69 all
1336 1437 160 71 awake,
1522 1435 85 73 and

287 1525 99 41 take
409 1522 72 44 the
508 1521 133 45 alarm
667 1517 100 52 they
794 1514 137 55 give."
989 1510 94 59 The
1111 1509 220 60 Scripture
1354 1505 140 64 lesson
1520 1515 89 54 was

288 1591 94 54 Joel
409 1589 86 56 2nd
521 1587 185 58 chapter.
765 1580 113 65 That
907 1579 262 66 Conference
1195 1588 88 57 was
1310 1570 227 75 composed
1564 1568 47 77 of

295 1660 73 40 the
393 1655 227 48 following
643 1650 221 53 brethren:
896 1648 48 55 P.
971 1644 65 59 E.,
1062 1645 71 58 W.
1160 1643 54 60 D.
1243 1641 176 62 Morton
1445 1638 84 65 and
1554 1636 56 67 A.

293 1726 55 40 A.
385 1724 134 42 Price.
580 1717 233 51 Traveling
843 1713 166 55 Elders,
1044 1709 47 59 F.
1126 1710 58 58 H.
1222 1706 151 62 Smith,
1406 1705 113 63 John
1553 1703 58 65 H.

294 1790 211 45 Warrick,
533 1787 48 48 C.
607 1785 48 50 L.
682 1783 168 52 Harris,
874 1781 38 54 J.
939 1780 70 55 W.
1034 1774 301 61 Washington,
1361 1769 152 66 Daniel
1538 1768 76 67 Al¬

296 1861 80 46 len,
410 1858 38 51 J.
483 1853 50 56 T.
570 1853 176 56 Gipson,
782 1847 227 62 Benjamin
1043 1844 142 65 Greer,
1221 1840 155 69 Hiram
1410 1837 108 72 Key,
1552 1836 63 73 M.

299 1924 49 41 G.
382 1922 205 47 Thomas,
620 1918 123 51 Benj.
777 1915 175 54 Nelson,
985 1911 169 58 George
1185 1905 166 64 Merrill
1382 1902 83 67 and
1495 1900 122 69 York

297 1993 178 43 Reeves,
497 1985 235 51 Traveling
749 1984 210 52 Deacons,
982 1977 42 59 S.
1047 1977 58 59 H.
1128 1974 182 62 Bignon,
1335 1970 136 66 Cyrus
1493 1967 124 69 Jack¬

300 2072 90 32 son,
415 2057 90 47 Ben
530 2052 220 52 Gholston,
774 2047 126 57 Robt.
926 2043 222 61 Chatman,
1171 2037 187 67 Thomas
1381 2034 238 70 Hamilton,

302 2124 193 50 Zachary
521 2117 173 57 Taylor,
722 2114 50 60 T.
801 2114 70 60 W.
904 2109 158 65 Coffee,
1091 2105 158 69 Joseph
1279 2103 162 71 Carew,
1468 2098 52 76 E.
1548 2099 71 75 W.

302 2191 202 45 Wallace,
526 2185 234 51 Buchanan
781 2182 184 54 Brewer,
985 2173 161 63 Joseph
1164 2169 209 67 Leonard,
1394 2167 159 69 Burley
1571 2166 48 70 L.

306 2258 216 45 Coleman,
575 2252 115 51 Wm.
747 2248 262 55 Messenger,
1064 2240 48 63 P.
1152 2237 46 66 Z.
1238 2233 191 70 Phillips,
1481 2232 141 71 James

307 2327 154 38 Moren
487 2321 84 44 and
596 2315 190 50 Edward
811 2310 186 55 Nelson;
1020 2304 235 61 Traveling
1278 2299 265 66 Licentiates,
1567 2298 55 67 A.

307 2391 55 40 A.
389 2391 154 44 Lucas,
571 2383 127 52 Noah
726 2380 232 55 Summers,
985 2371 147 64 Elisha
1158 2369 176 66 Nichols
1360 2365 84 70 and
1466 2362 161 73 Thom¬

309 2471 47 26 as
382 2455 59 42 H.
470 2450 193 50 Starkey.

970 2502 44 31 43
