1899 2799
747 550 291 48 CHAPTER
1071 550 33 48 I.

325 735 52 39 In
407 733 74 41 the
509 742 101 39 year
645 727 116 54 1787,
795 724 41 57 in
868 722 73 59 the
971 719 84 62 city
1085 716 47 65 of
1164 710 227 71 Brotherly
1421 709 174 72 Love—

269 798 308 52 Philadelphia,
615 790 265 60 Penn.—the
924 784 227 66 immortal,
1201 774 397 76 uncompromising

270 867 208 51 heavenly
499 862 206 56 ordained
726 857 190 61 Richard
937 855 137 63 Allen,
1097 850 132 68 Jacob
1251 846 205 72 Tapscoe,
1478 843 118 75 Dan¬

273 936 55 41 iel
358 934 141 43 Coker
528 930 84 47 and
642 941 119 36 some
789 924 141 53 others
960 926 86 51 met
1076 918 84 59 and
1189 909 260 68 formulated
1477 907 122 70 plans

276 1005 71 40 for
369 1003 73 42 the
466 996 296 53 organization
786 993 48 56 of
858 991 73 58 the
952 986 183 63 African
1162 979 238 70 Methodist
1424 975 176 74 Episco¬

277 1072 69 49 pal
381 1067 184 54 Church.
627 1064 73 57 No
731 1063 195 58 dreamer
959 1068 97 53 ever
1088 1051 212 70 dreamed,
1331 1061 61 60 no
1420 1042 183 79 prophet

278 1151 100 27 ever
405 1130 266 56 prophesied,
701 1129 90 57 that
819 1126 74 60 the
919 1121 153 65 results
1101 1119 47 67 of
1177 1117 104 69 such
1310 1109 291 77 organization

281 1204 144 43 would
443 1203 54 44 be
516 1214 45 33 as
584 1197 189 51 glorious
796 1208 44 40 as
861 1194 100 54 they
983 1203 71 45 are
1072 1186 161 62 to-day.

338 1269 95 41 The
457 1264 226 54 magnetic,
710 1258 179 60 graphic
914 1256 85 62 and
1025 1252 178 66 poetical
1229 1246 182 72 prophet
1436 1240 171 78 Ezekiel

285 1341 44 39 in
350 1338 67 42 his
440 1335 139 45 vision
603 1332 47 48 of
672 1330 72 50 the
767 1326 118 54 Holy
908 1325 170 55 Waters
1104 1332 117 48 came
1243 1329 103 51 near
1370 1310 242 70 des'cribing

287 1407 73 40 the
387 1402 147 52 length
562 1399 86 55 and
675 1394 190 60 breadth,
894 1390 150 64 height
1072 1388 85 66 and
1186 1385 128 69 depth
1344 1381 47 73 of
1418 1379 85 75 this
1532 1390 81 64 our

290 1473 118 38 Zion.
467 1470 120 41 Hear
615 1464 111 47 him!
786 1461 99 50 "He
914 1455 224 56 measured
1167 1468 18 43 s
1218 1448 214 63 thousand
1462 1445 148 66 cubits,

293 1539 85 41 and
410 1537 54 43 he
496 1532 189 52 brought
718 1542 70 42 me
819 1524 188 60 through
1041 1524 73 60 the
1145 1525 177 59 waters;
1356 1515 73 69 the
1461 1518 154 66 waters

295 1619 112 28 were
435 1611 46 36 to
508 1602 72 45 the
609 1598 156 49 ankles.
825 1594 144 53 Again
999 1590 54 57 he
1082 1585 223 62 measured
1335 1597 26 50 a
1388 1577 226 70 thousand,

295 1673 85 41 and
407 1668 187 52 brought
620 1680 69 40 me
713 1661 189 59 through
929 1660 73 60 the
1026 1663 176 57 waters;
1229 1654 73 66 the
1328 1655 152 65 waters
1507 1658 112 62 were

296 1748 47 33 to
377 1740 72 41 the
484 1739 142 42 knees.
685 1730 143 51 Again
865 1729 54 52 he
954 1722 223 59 measured
1213 1737 24 44 a
1271 1716 226 65 thousand,
1536 1712 84 69 and

296 1805 189 53 brought
505 1816 70 42 me
594 1798 211 60 through;
827 1795 73 63 the
919 1799 153 59 waters
1094 1803 111 55 were
1225 1793 48 65 to
1291 1785 70 73 th,"
1384 1782 121 76 loins.
1535 1779 84 79 Af¬

300 1872 185 43 terward
512 1871 54 44 he
595 1865 223 50 measured
848 1877 25 38 a
899 1857 237 58 thousand;
1167 1854 84 61 and
1278 1854 33 61 it
1340 1863 87 52 was
1458 1863 24 52 a
1512 1847 111 68 river

301 1942 92 40 that
419 1940 20 42 I
465 1937 127 45 could
616 1941 77 41 not
718 1945 96 39 pass
840 1941 125 43 over:
993 1926 70 58 for
1086 1924 71 60 the
1183 1927 153 57 waters
1361 1928 113 56 were
1498 1914 126 70 risen,

303 2014 154 36 waters
489 2013 44 37 to
566 2003 123 47 swim
720 1999 57 51 in,
808 2012 25 38 a
865 1998 111 52 river
1005 1992 93 58 that
1130 1988 126 62 could
1286 1991 75 59 not
1391 1984 52 66 be
1473 1979 153 71 passed

304 2074 141 43 over."
512 2069 154 54 (Ezek.
694 2063 190 60 47:3-5.)
951 2060 62 63 So
1035 2061 38 62 is
1097 2057 83 66 this
1207 2060 121 63 great
1354 2050 171 73 church.
1557 2048 74 75 No

304 2143 138 50 living
478 2145 192 48 creature
708 2147 76 46 can
824 2129 190 64 describe
1050 2127 52 66 its
1143 2136 135 57 scope.
1337 2116 95 77 The
1469 2117 161 76 human

306 2211 141 40 minds
472 2220 100 37 may
597 2204 99 53 dive
720 2201 90 56 into
833 2199 73 58 the
929 2202 157 55 stream
1111 2192 49 65 of
1183 2192 74 65 the
1280 2186 182 71 African
1490 2184 62 73 M.
1579 2180 52 77 E-

310 2275 173 44 Church
508 2273 84 46 and
617 2270 121 49 swim
762 2267 42 52 in
830 2277 126 42 every
979 2259 218 60 direction,
1221 2256 75 63 but
1321 2251 143 68 would
1489 2256 144 63 return

310 2354 47 32 to
383 2344 72 42 the
480 2340 127 46 brink
633 2338 48 48 of
707 2335 73 51 the
808 2331 111 55 river
945 2328 85 58 and
1057 2330 142 56 report
1226 2323 91 63 that
1344 2321 72 65 the
1442 2324 132 62 water
1599 2316 36 70 is

958 2394 47 30 23
