1900 2800
278 213 92 48 218

644 219 241 37 AFRICAN
918 217 346 39 METHODISM.

283 333 78 39 has
393 330 201 52 certainly
625 329 109 53 been;
760 342 25 40 a
814 327 187 55 hero—a
1029 324 103 58 hero
1162 331 74 51 not
1267 323 42 59 in
1340 320 132 62 battle
1501 317 113 65 wittr

285 412 137 34 arms;
446 404 75 42 not
546 397 42 49 in
615 395 198 51 rescuing
837 407 174 39 persons
1038 392 45 54 in
1105 392 101 54 time
1231 391 47 55 of
1304 394 123 52 great
1451 387 156 59 calam¬

287 465 115 47 ities;
436 469 77 43 not
546 463 43 49 in
624 457 338 55 accomplishing
995 457 253 55 mysterious
1285 455 134 57 feats;
1453 453 76 59 but
1564 451 45 61 in

286 529 309 43 conscientious
632 527 162 49 efforts,
831 524 241 52 self-denial
1108 524 84 52 and
1225 520 263 56 numberless
1523 517 88 59 pri¬

289 597 178 41 vations.

343 663 113 54 John
478 663 172 54 Wesley
670 675 88 42 was
780 674 24 43 a
823 659 126 58 hero;
972 656 188 61 Richard
1182 656 125 61 Allen
1330 668 88 49 was
1440 666 25 51 a
1484 652 129 65 hero;

290 733 151 51 Henry
471 732 62 52 M.
563 727 168 57 Turner
758 729 36 55 is
823 742 25 42 a
874 725 126 59 hero;
1028 726 73 58 the
1128 725 71 59 old
1227 722 258 62 organizers,
1515 719 108 65 who-

290 798 167 41 walked
489 795 219 44 hundreds
745 794 47 45 of
828 793 122 46 miles'
982 799 47 40 to
1061 791 118 52 plant
1214 789 73 54 the
1323 790 98 53 seed
1457 787 47 56 of
1539 784 73 59 the

289 866 148 52 gospel
478 864 84 54 and
601 862 199 56 organize
841 860 217 58 churches,
1100 872 110 46 were
1250 858 162 60 heroes.
1472 852 147 66 There-

289 948 113 27 were
423 947 57 28 no
503 932 205 43 railroads
733 930 43 45 in
798 943 130 39 many
948 928 154 54 places,
1127 941 55 41 no
1206 933 142 49 stages
1372 924 175 58 leading
1568 928 46 54 to

293 1001 155 52 points,
484 1013 57 40 no
578 999 253 54 steamboats
869 995 194 58 entering
1098 993 71 60 the
1205 993 193 60 sections,
1437 997 70 56 yet
1543 989 73 64 the

293 1069 146 52 gospel
462 1068 84 53 had
568 1073 46 48 to
634 1080 70 41 go,
729 1066 83 55 and
838 1065 83 56 Mr.
947 1064 172 57 Wesley
1143 1062 104 59 said,
1273 1057 119 64 "The
1415 1058 139 63 world
1575 1057 43 64 is-

293 1149 72 38 my
392 1134 182 53 parish."
633 1130 93 57 The
754 1130 272 57 commission
1055 1130 47 57 of
1131 1128 72 59 the
1233 1127 88 60 Son
1351 1127 48 60 of
1429 1124 96 63 God
1554 1125 61 62 is:

295 1200 91 42 "Go
409 1215 51 38 ye
484 1201 222 52 therefore,
731 1199 83 54 and
838 1198 118 55 teach
979 1197 56 56 all
1056 1195 179 58 nations,
1261 1191 216 62 baptizing
1501 1193 117 60 them

295 1269 45 40 in
363 1270 72 39 the
455 1281 124 28 name
604 1266 48 53 of
674 1266 71 53 the
765 1263 172 56 Father,
961 1264 85 55 and
1070 1263 50 56 of
1142 1262 70 57 the
1234 1261 104 58 Son,
1364 1261 88 58 and
1474 1260 50 59 of
1546 1258 76 61 the

293 1336 117 52 Holy
434 1334 154 54 Ghost:
610 1332 215 56 Teaching
848 1332 113 56 them
983 1338 40 50 to
1047 1331 173 57 observe
1242 1330 56 58 all
1319 1328 145 60 things
1482 1326 137 62 what¬

293 1415 150 28 soever
462 1402 25 41 I
509 1402 106 41 have
639 1399 279 44 coinnnunded
940 1410 105 39 you:
1068 1397 97 52 and,
1188 1397 55 52 lo,
1265 1396 26 53 I
1313 1409 69 40 am
1404 1394 103 55 with
1531 1407 85 42 you

295 1469 148 51 alzvay,
470 1482 103 38 even
599 1473 102 47 unto
728 1467 68 53 the
822 1465 81 55 end
929 1465 47 55 of
1001 1465 68 55 the
1093 1463 146 57 world.
1299 1461 183 59 Amen."
