<?xml version="1.0" encoding="utf-8"?>
<alto xmlns:xlink="http://www.w3.org/1999/xlink" xmlns:xsi="http://www.w3.org/2001/XMLSchema-instance" xsi:schemaLocation="http://www.loc.gov/standards/alto/ns-v2# http://www.loc.gov/standards/alto/alto-v2.0.xsd" xmlns="http://www.loc.gov/standards/alto/ns-v2#">
  <Description>
    <MeasurementUnit>pixel</MeasurementUnit>
    <sourceImageInformation>
      <fileName>0037.tif</fileName>
    </sourceImageInformation>
    <OCRProcessing ID="Processing">
      <ocrProcessingStep>
        <processingStepSettings>Image Resolution:400</processingStepSettings>
        <processingSoftware>
          <softwareCreator>I2S Kirtas</softwareCreator>
          <softwareName>Limb</softwareName>
          <softwareVersion>1.0</softwareVersion>
          <applicationDescription>Abbyy10 OCR Engine</applicationDescription>
        </processingSoftware>
      </ocrProcessingStep>
    </OCRProcessing>
  </Description>
  <Styles>
    <TextStyle ID="StyleId-0" FONTSIZE="8" FONTFAMILY="Times New Roman" />
    <TextStyle ID="StyleId-1" FONTSIZE="10" FONTFAMILY="Times New Roman" />
    <TextStyle ID="StyleId-2" FONTSIZE="9" FONTFAMILY="Times New Roman" />
  </Styles>
  <Layout>
    <Page ID="P36" PHYSICAL_IMG_NR="36" HEIGHT="2800" WIDTH="1900" ACCURACY="0.757681966" QUALITY_DETAIL="244 words, 1166 chars, 880 with recognition greater than 50% (75.47%)">
      <TopMargin ID="P36_TM00001" HPOS="0" VPOS="0" WIDTH="1900" HEIGHT="308" />
      <LeftMargin ID="P36_LM00001" HPOS="0" VPOS="308" WIDTH="265" HEIGHT="2192" />
      <RightMargin ID="P36_RM00001" HPOS="1637" VPOS="308" WIDTH="263" HEIGHT="2192" />
      <BottomMargin ID="P36_BM00001" HPOS="0" VPOS="2500" WIDTH="1900" HEIGHT="300" />
      <PrintSpace ID="P36_PS00001" HPOS="265" VPOS="308" WIDTH="1372" HEIGHT="2192">
        <TextBlock ID="P36_TB00001" HPOS="751" VPOS="314" WIDTH="395" HEIGHT="47">
          <TextLine ID="P36_TL00001" HPOS="759" VPOS="322" WIDTH="379" HEIGHT="31">
            <String ID="P36_S00001" HPOS="759" VPOS="322" WIDTH="58" HEIGHT="31" STYLEREFS="StyleId-0" CONTENT="IN" WC="0.7" CC="32" />
            <SP ID="P36_SP00001" WIDTH="0" HPOS="0" VPOS="0" />
            <String ID="P36_S00002" HPOS="851" VPOS="321" WIDTH="287" HEIGHT="34" STYLEREFS="StyleId-0" CONTENT="ALABAMA." WC="0.63125" CC="27045134" />
          </TextLine>
        </TextBlock>
        <TextBlock ID="P36_TB00002" HPOS="1546" VPOS="297" WIDTH="73" HEIGHT="59">
          <TextLine ID="P36_TL00002" HPOS="1554" VPOS="305" WIDTH="57" HEIGHT="43">
            <String ID="P36_S00003" HPOS="1554" VPOS="305" WIDTH="57" HEIGHT="44" STYLEREFS="StyleId-1" CONTENT="35" WC="0.57" CC="71" />
          </TextLine>
        </TextBlock>
        <TextBlock ID="P36_TB00003" HPOS="266" VPOS="431" WIDTH="1371" HEIGHT="2069">
          <TextLine ID="P36_TL00003" HPOS="282" VPOS="439" WIDTH="1330" HEIGHT="43">
            <String ID="P36_S00004" HPOS="282" VPOS="450" WIDTH="59" HEIGHT="38" STYLEREFS="StyleId-2" CONTENT="up" WC="0.635" CC="70" />
            <SP ID="P36_SP00002" WIDTH="0" HPOS="0" VPOS="0" />
            <String ID="P36_S00005" HPOS="376" VPOS="450" WIDTH="25" HEIGHT="38" STYLEREFS="StyleId-2" CONTENT="a" WC="1" CC="0" />
            <SP ID="P36_SP00003" WIDTH="0" HPOS="0" VPOS="0" />
            <String ID="P36_S00006" HPOS="435" VPOS="437" WIDTH="235" HEIGHT="51" STYLEREFS="StyleId-2" CONTENT="collection." WC="0.7390909" CC="00021067613" />
            <SP ID="P36_SP00004" WIDTH="0" HPOS="0" VPOS="0" />
            <String ID="P36_S00007" HPOS="730" VPOS="436" WIDTH="129" HEIGHT="52" STYLEREFS="StyleId-2" CONTENT="After" WC="1" CC="00000" />
            <SP ID="P36_SP00005" WIDTH="0" HPOS="0" VPOS="0" />
            <String ID="P36_S00008" HPOS="892" VPOS="437" WIDTH="54" HEIGHT="51" STYLEREFS="StyleId-2" CONTENT="he" WC="0.92" CC="10" />
            <SP ID="P36_SP00006" WIDTH="0" HPOS="0" VPOS="0" />
            <String ID="P36_S00009" HPOS="978" VPOS="436" WIDTH="126" HEIGHT="52" STYLEREFS="StyleId-2" CONTENT="made" WC="0.9025" CC="3000" />
            <SP ID="P36_SP00007" WIDTH="0" HPOS="0" VPOS="0" />
            <String ID="P36_S00010" HPOS="1135" VPOS="434" WIDTH="119" HEIGHT="54" STYLEREFS="StyleId-2" CONTENT="these" WC="0.752" CC="56001" />
            <SP ID="P36_SP00008" WIDTH="0" HPOS="0" VPOS="0" />
            <String ID="P36_S00011" HPOS="1287" VPOS="440" WIDTH="258" HEIGHT="48" STYLEREFS="StyleId-2" CONTENT="statements," WC="0.9509091" CC="00002000002" />
            <SP ID="P36_SP00009" WIDTH="0" HPOS="0" VPOS="0" />
            <String ID="P36_S00012" HPOS="1579" VPOS="433" WIDTH="33" HEIGHT="55" STYLEREFS="StyleId-2" CONTENT="it" WC="0.715" CC="50" />
          </TextLine>
          <TextLine ID="P36_TL00004" HPOS="283" VPOS="507" WIDTH="1329" HEIGHT="39">
            <String ID="P36_S00013" HPOS="283" VPOS="517" WIDTH="88" HEIGHT="27" STYLEREFS="StyleId-2" CONTENT="was" WC="0.6666667" CC="0100" />
            <SP ID="P36_SP00010" WIDTH="0" HPOS="0" VPOS="0" />
            <String ID="P36_S00014" HPOS="398" VPOS="517" WIDTH="56" HEIGHT="27" STYLEREFS="StyleId-2" CONTENT="on" WC="0.955" CC="00" />
            <SP ID="P36_SP00011" WIDTH="0" HPOS="0" VPOS="0" />
            <String ID="P36_S00015" HPOS="479" VPOS="504" WIDTH="165" HEIGHT="40" STYLEREFS="StyleId-2" CONTENT="motion" WC="0.77" CC="006203" />
            <SP ID="P36_SP00012" WIDTH="0" HPOS="0" VPOS="0" />
            <String ID="P36_S00016" HPOS="668" VPOS="504" WIDTH="93" HEIGHT="40" STYLEREFS="StyleId-2" CONTENT="that" WC="0.7375" CC="0604" />
            <SP ID="P36_SP00013" WIDTH="0" HPOS="0" VPOS="0" />
            <String ID="P36_S00017" HPOS="786" VPOS="503" WIDTH="195" HEIGHT="50" STYLEREFS="StyleId-2" CONTENT="Regulus" WC="0.812857151" CC="0003810" />
            <SP ID="P36_SP00014" WIDTH="0" HPOS="0" VPOS="0" />
            <String ID="P36_S00018" HPOS="1009" VPOS="502" WIDTH="184" HEIGHT="51" STYLEREFS="StyleId-2" CONTENT="Persons" WC="0.8857143" CC="6000000" />
            <SP ID="P36_SP00015" WIDTH="0" HPOS="0" VPOS="0" />
            <String ID="P36_S00019" HPOS="1219" VPOS="501" WIDTH="154" HEIGHT="52" STYLEREFS="StyleId-2" CONTENT="should" WC="0.7966667" CC="000145" />
            <SP ID="P36_SP00016" WIDTH="0" HPOS="0" VPOS="0" />
            <String ID="P36_S00020" HPOS="1399" VPOS="500" WIDTH="125" HEIGHT="53" STYLEREFS="StyleId-2" CONTENT="make" WC="1" CC="0000" />
            <SP ID="P36_SP00017" WIDTH="0" HPOS="0" VPOS="0" />
            <String ID="P36_S00021" HPOS="1546" VPOS="499" WIDTH="66" HEIGHT="54" STYLEREFS="StyleId-2" CONTENT="his" WC="0.23" CC="966" />
          </TextLine>
          <TextLine ID="P36_TL00005" HPOS="283" VPOS="571" WIDTH="1326" HEIGHT="44">
            <String ID="P36_S00022" HPOS="283" VPOS="569" WIDTH="401" HEIGHT="52" STYLEREFS="StyleId-2" CONTENT="acknowledgment" WC="0.828571439" CC="50033000470000" />
            <SP ID="P36_SP00018" WIDTH="0" HPOS="0" VPOS="0" />
            <String ID="P36_S00023" HPOS="717" VPOS="575" WIDTH="46" HEIGHT="46" STYLEREFS="StyleId-2" CONTENT="to" WC="0.7" CC="06" />
            <SP ID="P36_SP00019" WIDTH="0" HPOS="0" VPOS="0" />
            <String ID="P36_S00024" HPOS="795" VPOS="567" WIDTH="73" HEIGHT="54" STYLEREFS="StyleId-2" CONTENT="the" WC="1" CC="000" />
            <SP ID="P36_SP00020" WIDTH="0" HPOS="0" VPOS="0" />
            <String ID="P36_S00025" HPOS="902" VPOS="567" WIDTH="265" HEIGHT="54" STYLEREFS="StyleId-2" CONTENT="Conference" WC="0.725" CC="5906030110" />
            <SP ID="P36_SP00021" WIDTH="0" HPOS="0" VPOS="0" />
            <String ID="P36_S00026" HPOS="1214" VPOS="567" WIDTH="47" HEIGHT="54" STYLEREFS="StyleId-2" CONTENT="of" WC="0.5" CC="100" />
            <SP ID="P36_SP00022" WIDTH="0" HPOS="0" VPOS="0" />
            <String ID="P36_S00027" HPOS="1309" VPOS="565" WIDTH="66" HEIGHT="56" STYLEREFS="StyleId-2" CONTENT="his" WC="0.73" CC="061" />
            <SP ID="P36_SP00023" WIDTH="0" HPOS="0" VPOS="0" />
            <String ID="P36_S00028" HPOS="1423" VPOS="577" WIDTH="186" HEIGHT="44" STYLEREFS="StyleId-2" CONTENT="wrongs." WC="0.59" CC="05010714" />
          </TextLine>
          <TextLine ID="P36_TL00006" HPOS="284" VPOS="637" WIDTH="1189" HEIGHT="45">
            <String ID="P36_S00029" HPOS="284" VPOS="638" WIDTH="72" HEIGHT="39" STYLEREFS="StyleId-2" CONTENT="He" WC="0.755" CC="40" />
            <SP ID="P36_SP00024" WIDTH="0" HPOS="0" VPOS="0" />
            <String ID="P36_S00030" HPOS="382" VPOS="636" WIDTH="74" HEIGHT="41" STYLEREFS="StyleId-2" CONTENT="did" WC="0.6666667" CC="1000" />
            <SP ID="P36_SP00025" WIDTH="0" HPOS="0" VPOS="0" />
            <String ID="P36_S00031" HPOS="484" VPOS="649" WIDTH="49" HEIGHT="28" STYLEREFS="StyleId-2" CONTENT="so" WC="0.555" CC="08" />
            <SP ID="P36_SP00026" WIDTH="0" HPOS="0" VPOS="0" />
            <String ID="P36_S00032" HPOS="560" VPOS="635" WIDTH="85" HEIGHT="42" STYLEREFS="StyleId-2" CONTENT="and" WC="1" CC="000" />
            <SP ID="P36_SP00027" WIDTH="0" HPOS="0" VPOS="0" />
            <String ID="P36_S00033" HPOS="673" VPOS="648" WIDTH="88" HEIGHT="29" STYLEREFS="StyleId-2" CONTENT="was" WC="1" CC="000" />
            <SP ID="P36_SP00028" WIDTH="0" HPOS="0" VPOS="0" />
            <String ID="P36_S00034" HPOS="791" VPOS="633" WIDTH="299" HEIGHT="52" STYLEREFS="StyleId-2" CONTENT="reprimanded" WC="0.86" CC="00006008000" />
            <SP ID="P36_SP00029" WIDTH="0" HPOS="0" VPOS="0" />
            <String ID="P36_S00035" HPOS="1116" VPOS="633" WIDTH="56" HEIGHT="52" STYLEREFS="StyleId-2" CONTENT="by" WC="0.36" CC="75" />
            <SP ID="P36_SP00030" WIDTH="0" HPOS="0" VPOS="0" />
            <String ID="P36_S00036" HPOS="1198" VPOS="632" WIDTH="74" HEIGHT="53" STYLEREFS="StyleId-2" CONTENT="the" WC="1" CC="000" />
            <SP ID="P36_SP00031" WIDTH="0" HPOS="0" VPOS="0" />
            <String ID="P36_S00037" HPOS="1298" VPOS="631" WIDTH="175" HEIGHT="54" STYLEREFS="StyleId-2" CONTENT="Bishop." WC="0.7785714" CC="6300104" />
          </TextLine>
          <TextLine ID="P36_TL00007" HPOS="340" VPOS="703" WIDTH="1272" HEIGHT="42">
            <String ID="P36_S00038" HPOS="340" VPOS="703" WIDTH="84" HEIGHT="41" STYLEREFS="StyleId-2" CONTENT="We" WC="1" CC="00" />
            <SP ID="P36_SP00032" WIDTH="0" HPOS="0" VPOS="0" />
            <String ID="P36_S00039" HPOS="447" VPOS="702" WIDTH="141" HEIGHT="42" STYLEREFS="StyleId-2" CONTENT="notice" WC="0.6433333" CC="471700" />
            <SP ID="P36_SP00033" WIDTH="0" HPOS="0" VPOS="0" />
            <String ID="P36_S00040" HPOS="613" VPOS="701" WIDTH="45" HEIGHT="43" STYLEREFS="StyleId-2" CONTENT="in" WC="0.52" CC="36" />
            <SP ID="P36_SP00034" WIDTH="0" HPOS="0" VPOS="0" />
            <String ID="P36_S00041" HPOS="684" VPOS="701" WIDTH="73" HEIGHT="43" STYLEREFS="StyleId-2" CONTENT="the" WC="0.78" CC="060" />
            <SP ID="P36_SP00035" WIDTH="0" HPOS="0" VPOS="0" />
            <String ID="P36_S00042" HPOS="782" VPOS="700" WIDTH="115" HEIGHT="51" STYLEREFS="StyleId-2" CONTENT="early" WC="0.854" CC="00205" />
            <SP ID="P36_SP00036" WIDTH="0" HPOS="0" VPOS="0" />
            <String ID="P36_S00043" HPOS="925" VPOS="699" WIDTH="103" HEIGHT="52" STYLEREFS="StyleId-2" CONTENT="days" WC="0.8875" CC="0400" />
            <SP ID="P36_SP00037" WIDTH="0" HPOS="0" VPOS="0" />
            <String ID="P36_S00044" HPOS="1056" VPOS="699" WIDTH="48" HEIGHT="52" STYLEREFS="StyleId-2" CONTENT="of" WC="0.42" CC="73" />
            <SP ID="P36_SP00038" WIDTH="0" HPOS="0" VPOS="0" />
            <String ID="P36_S00045" HPOS="1131" VPOS="712" WIDTH="79" HEIGHT="39" STYLEREFS="StyleId-2" CONTENT="our" WC="0.75666666" CC="070" />
            <SP ID="P36_SP00039" WIDTH="0" HPOS="0" VPOS="0" />
            <String ID="P36_S00046" HPOS="1236" VPOS="697" WIDTH="172" HEIGHT="54" STYLEREFS="StyleId-2" CONTENT="church," WC="0.867142856" CC="0002007" />
            <SP ID="P36_SP00040" WIDTH="0" HPOS="0" VPOS="0" />
            <String ID="P36_S00047" HPOS="1437" VPOS="709" WIDTH="103" HEIGHT="42" STYLEREFS="StyleId-2" CONTENT="even" WC="0.9575" CC="0001" />
            <SP ID="P36_SP00041" WIDTH="0" HPOS="0" VPOS="0" />
            <String ID="P36_S00048" HPOS="1568" VPOS="695" WIDTH="44" HEIGHT="56" STYLEREFS="StyleId-2" CONTENT="in" WC="0.665" CC="60" />
          </TextLine>
          <TextLine ID="P36_TL00008" HPOS="286" VPOS="771" WIDTH="1328" HEIGHT="43">
            <String ID="P36_S00049" HPOS="286" VPOS="771" WIDTH="77" HEIGHT="51" STYLEREFS="StyleId-2" CONTENT="'69," WC="0.7925" CC="3004" />
            <SP ID="P36_SP00042" WIDTH="0" HPOS="0" VPOS="0" />
            <String ID="P36_S00050" HPOS="398" VPOS="769" WIDTH="92" HEIGHT="53" STYLEREFS="StyleId-2" CONTENT="that" WC="1" CC="0000" />
            <SP ID="P36_SP00043" WIDTH="0" HPOS="0" VPOS="0" />
            <String ID="P36_S00051" HPOS="521" VPOS="768" WIDTH="73" HEIGHT="54" STYLEREFS="StyleId-2" CONTENT="the" WC="1" CC="000" />
            <SP ID="P36_SP00044" WIDTH="0" HPOS="0" VPOS="0" />
            <String ID="P36_S00052" HPOS="629" VPOS="767" WIDTH="286" HEIGHT="55" STYLEREFS="StyleId-2" CONTENT="Conferences" WC="0.9390909" CC="30020000000" />
            <SP ID="P36_SP00045" WIDTH="0" HPOS="0" VPOS="0" />
            <String ID="P36_S00053" HPOS="949" VPOS="765" WIDTH="242" HEIGHT="57" STYLEREFS="StyleId-2" CONTENT="suspended" WC="1" CC="000000000" />
            <SP ID="P36_SP00046" WIDTH="0" HPOS="0" VPOS="0" />
            <String ID="P36_S00054" HPOS="1223" VPOS="778" WIDTH="98" HEIGHT="44" STYLEREFS="StyleId-2" CONTENT="men" WC="0.62" CC="406" />
            <SP ID="P36_SP00047" WIDTH="0" HPOS="0" VPOS="0" />
            <String ID="P36_S00055" HPOS="1355" VPOS="764" WIDTH="70" HEIGHT="58" STYLEREFS="StyleId-2" CONTENT="for" WC="0.67" CC="207" />
            <SP ID="P36_SP00048" WIDTH="0" HPOS="0" VPOS="0" />
            <String ID="P36_S00056" HPOS="1457" VPOS="761" WIDTH="157" HEIGHT="61" STYLEREFS="StyleId-2" CONTENT="&quot;using" WC="0.6716667" CC="400347" />
          </TextLine>
          <TextLine ID="P36_TL00009" HPOS="285" VPOS="838" WIDTH="1328" HEIGHT="42">
            <String ID="P36_S00057" HPOS="285" VPOS="838" WIDTH="72" HEIGHT="40" STYLEREFS="StyleId-2" CONTENT="the" WC="1" CC="000" />
            <SP ID="P36_SP00049" WIDTH="0" HPOS="0" VPOS="0" />
            <String ID="P36_S00058" HPOS="377" VPOS="837" WIDTH="142" HEIGHT="41" STYLEREFS="StyleId-2" CONTENT="words" WC="1" CC="00000" />
            <SP ID="P36_SP00050" WIDTH="0" HPOS="0" VPOS="0" />
            <String ID="P36_S00059" HPOS="540" VPOS="836" WIDTH="49" HEIGHT="42" STYLEREFS="StyleId-2" CONTENT="of" WC="0.82" CC="30" />
            <SP ID="P36_SP00051" WIDTH="0" HPOS="0" VPOS="0" />
            <String ID="P36_S00060" HPOS="608" VPOS="834" WIDTH="179" HEIGHT="44" STYLEREFS="StyleId-2" CONTENT="another" WC="0.892857134" CC="0106000" />
            <SP ID="P36_SP00052" WIDTH="0" HPOS="0" VPOS="0" />
            <String ID="P36_S00061" HPOS="807" VPOS="834" WIDTH="181" HEIGHT="44" STYLEREFS="StyleId-2" CONTENT="without" WC="0.6457143" CC="10506200" />
            <SP ID="P36_SP00053" WIDTH="0" HPOS="0" VPOS="0" />
            <String ID="P36_S00062" HPOS="1006" VPOS="831" WIDTH="294" HEIGHT="54" STYLEREFS="StyleId-2" CONTENT="permission.&quot;" WC="0.7991667" CC="500070001530" />
            <SP ID="P36_SP00054" WIDTH="0" HPOS="0" VPOS="0" />
            <String ID="P36_S00063" HPOS="1359" VPOS="831" WIDTH="107" HEIGHT="54" STYLEREFS="StyleId-2" CONTENT="Rev." WC="0.78" CC="4004" />
            <SP ID="P36_SP00055" WIDTH="0" HPOS="0" VPOS="0" />
            <String ID="P36_S00064" HPOS="1486" VPOS="830" WIDTH="54" HEIGHT="55" STYLEREFS="StyleId-2" CONTENT="R." WC="0.445" CC="64" />
            <SP ID="P36_SP00056" WIDTH="0" HPOS="0" VPOS="0" />
            <String ID="P36_S00065" HPOS="1562" VPOS="829" WIDTH="51" HEIGHT="56" STYLEREFS="StyleId-2" CONTENT="B." WC="0.455" CC="37" />
          </TextLine>
          <TextLine ID="P36_TL00010" HPOS="287" VPOS="905" WIDTH="1324" HEIGHT="42">
            <String ID="P36_S00066" HPOS="287" VPOS="905" WIDTH="147" HEIGHT="50" STYLEREFS="StyleId-2" CONTENT="Bailey" WC="0.535" CC="585008" />
            <SP ID="P36_SP00057" WIDTH="0" HPOS="0" VPOS="0" />
            <String ID="P36_S00067" HPOS="467" VPOS="902" WIDTH="220" HEIGHT="53" STYLEREFS="StyleId-2" CONTENT="preferred" WC="0.942222238" CC="000003200" />
            <SP ID="P36_SP00058" WIDTH="0" HPOS="0" VPOS="0" />
            <String ID="P36_S00068" HPOS="721" VPOS="901" WIDTH="178" HEIGHT="54" STYLEREFS="StyleId-2" CONTENT="charges" WC="0.758571446" CC="00041002" />
            <SP ID="P36_SP00059" WIDTH="0" HPOS="0" VPOS="0" />
            <String ID="P36_S00069" HPOS="932" VPOS="900" WIDTH="169" HEIGHT="55" STYLEREFS="StyleId-2" CONTENT="against" WC="0.73" CC="01002600" />
            <SP ID="P36_SP00060" WIDTH="0" HPOS="0" VPOS="0" />
            <String ID="P36_S00070" HPOS="1134" VPOS="899" WIDTH="105" HEIGHT="56" STYLEREFS="StyleId-2" CONTENT="Rev." WC="0.945" CC="0200" />
            <SP ID="P36_SP00061" WIDTH="0" HPOS="0" VPOS="0" />
            <String ID="P36_S00071" HPOS="1276" VPOS="896" WIDTH="168" HEIGHT="59" STYLEREFS="StyleId-2" CONTENT="George" WC="0.785" CC="507000" />
            <SP ID="P36_SP00062" WIDTH="0" HPOS="0" VPOS="0" />
            <String ID="P36_S00072" HPOS="1477" VPOS="897" WIDTH="134" HEIGHT="58" STYLEREFS="StyleId-2" CONTENT="Haw¬" WC="0.7625" CC="2024" />
          </TextLine>
          <TextLine ID="P36_TL00011" HPOS="286" VPOS="971" WIDTH="1324" HEIGHT="41">
            <String ID="P36_S00073" HPOS="286" VPOS="972" WIDTH="96" HEIGHT="39" STYLEREFS="StyleId-2" CONTENT="kins" WC="0.6475" CC="2660" />
            <SP ID="P36_SP00063" WIDTH="0" HPOS="0" VPOS="0" />
            <String ID="P36_S00074" HPOS="409" VPOS="971" WIDTH="70" HEIGHT="40" STYLEREFS="StyleId-2" CONTENT="for" WC="0.873333335" CC="201" />
            <SP ID="P36_SP00064" WIDTH="0" HPOS="0" VPOS="0" />
            <String ID="P36_S00075" HPOS="503" VPOS="969" WIDTH="130" HEIGHT="52" STYLEREFS="StyleId-2" CONTENT="using" WC="0.566" CC="006410" />
            <SP ID="P36_SP00065" WIDTH="0" HPOS="0" VPOS="0" />
            <String ID="P36_S00076" HPOS="653" VPOS="967" WIDTH="68" HEIGHT="54" STYLEREFS="StyleId-2" CONTENT="his" WC="0.65" CC="064" />
            <SP ID="P36_SP00066" WIDTH="0" HPOS="0" VPOS="0" />
            <String ID="P36_S00077" HPOS="747" VPOS="966" WIDTH="155" HEIGHT="55" STYLEREFS="StyleId-2" CONTENT="words," WC="0.811666667" CC="070004" />
            <SP ID="P36_SP00067" WIDTH="0" HPOS="0" VPOS="0" />
            <String ID="P36_S00078" HPOS="927" VPOS="966" WIDTH="86" HEIGHT="55" STYLEREFS="StyleId-2" CONTENT="and" WC="0.486666679" CC="059" />
            <SP ID="P36_SP00068" WIDTH="0" HPOS="0" VPOS="0" />
            <String ID="P36_S00079" HPOS="1036" VPOS="964" WIDTH="57" HEIGHT="57" STYLEREFS="StyleId-2" CONTENT="he" WC="0.915" CC="01" />
            <SP ID="P36_SP00069" WIDTH="0" HPOS="0" VPOS="0" />
            <String ID="P36_S00080" HPOS="1116" VPOS="977" WIDTH="87" HEIGHT="44" STYLEREFS="StyleId-2" CONTENT="was" WC="0.50666666" CC="760" />
            <SP ID="P36_SP00070" WIDTH="0" HPOS="0" VPOS="0" />
            <String ID="P36_S00081" HPOS="1229" VPOS="963" WIDTH="242" HEIGHT="58" STYLEREFS="StyleId-2" CONTENT="suspended" WC="0.8622222" CC="000063300" />
            <SP ID="P36_SP00071" WIDTH="0" HPOS="0" VPOS="0" />
            <String ID="P36_S00082" HPOS="1497" VPOS="962" WIDTH="113" HEIGHT="59" STYLEREFS="StyleId-2" CONTENT="from" WC="0.645" CC="0076" />
          </TextLine>
          <TextLine ID="P36_TL00012" HPOS="287" VPOS="1039" WIDTH="1323" HEIGHT="40">
            <String ID="P36_S00083" HPOS="287" VPOS="1039" WIDTH="55" HEIGHT="40" STYLEREFS="StyleId-2" CONTENT="all" WC="0.7" CC="440" />
            <SP ID="P36_SP00072" WIDTH="0" HPOS="0" VPOS="0" />
            <String ID="P36_S00084" HPOS="367" VPOS="1037" WIDTH="150" HEIGHT="42" STYLEREFS="StyleId-2" CONTENT="official" WC="0.82" CC="00000274" />
            <SP ID="P36_SP00073" WIDTH="0" HPOS="0" VPOS="0" />
            <String ID="P36_S00085" HPOS="543" VPOS="1036" WIDTH="202" HEIGHT="49" STYLEREFS="StyleId-2" CONTENT="standing" WC="0.8525" CC="00060140" />
            <SP ID="P36_SP00074" WIDTH="0" HPOS="0" VPOS="0" />
            <String ID="P36_S00086" HPOS="771" VPOS="1035" WIDTH="68" HEIGHT="50" STYLEREFS="StyleId-2" CONTENT="for" WC="0.6666667" CC="0010" />
            <SP ID="P36_SP00075" WIDTH="0" HPOS="0" VPOS="0" />
            <String ID="P36_S00087" HPOS="863" VPOS="1034" WIDTH="72" HEIGHT="51" STYLEREFS="StyleId-2" CONTENT="the" WC="1" CC="000" />
            <SP ID="P36_SP00076" WIDTH="0" HPOS="0" VPOS="0" />
            <String ID="P36_S00088" HPOS="958" VPOS="1046" WIDTH="126" HEIGHT="39" STYLEREFS="StyleId-2" CONTENT="same." WC="0.754" CC="09003" />
            <SP ID="P36_SP00077" WIDTH="0" HPOS="0" VPOS="0" />
            <String ID="P36_S00089" HPOS="1155" VPOS="1031" WIDTH="31" HEIGHT="54" STYLEREFS="StyleId-2" CONTENT="\" WC="0" CC="10" />
            <SP ID="P36_SP00078" WIDTH="0" HPOS="0" VPOS="0" />
            <String ID="P36_S00090" HPOS="1210" VPOS="1030" WIDTH="161" HEIGHT="55" STYLEREFS="StyleId-2" CONTENT="motion" WC="0.853333354" CC="000602" />
            <SP ID="P36_SP00079" WIDTH="0" HPOS="0" VPOS="0" />
            <String ID="P36_S00091" HPOS="1397" VPOS="1029" WIDTH="213" HEIGHT="56" STYLEREFS="StyleId-2" CONTENT="prevailed" WC="0.572222233" CC="02109010410" />
          </TextLine>
          <TextLine ID="P36_TL00013" HPOS="287" VPOS="1104" WIDTH="1324" HEIGHT="42">
            <String ID="P36_S00092" HPOS="288" VPOS="1106" WIDTH="91" HEIGHT="40" STYLEREFS="StyleId-2" CONTENT="that" WC="1" CC="0000" />
            <SP ID="P36_SP00080" WIDTH="0" HPOS="0" VPOS="0" />
            <String ID="P36_S00093" HPOS="404" VPOS="1104" WIDTH="71" HEIGHT="42" STYLEREFS="StyleId-2" CONTENT="the" WC="1" CC="000" />
            <SP ID="P36_SP00081" WIDTH="0" HPOS="0" VPOS="0" />
            <String ID="P36_S00094" HPOS="502" VPOS="1102" WIDTH="285" HEIGHT="44" STYLEREFS="StyleId-2" CONTENT="Wilberforce" WC="0.813636363" CC="00640430001" />
            <SP ID="P36_SP00082" WIDTH="0" HPOS="0" VPOS="0" />
            <String ID="P36_S00095" HPOS="814" VPOS="1114" WIDTH="154" HEIGHT="37" STYLEREFS="StyleId-2" CONTENT="money" WC="1" CC="00000" />
            <SP ID="P36_SP00083" WIDTH="0" HPOS="0" VPOS="0" />
            <String ID="P36_S00096" HPOS="993" VPOS="1099" WIDTH="52" HEIGHT="52" STYLEREFS="StyleId-2" CONTENT="be" WC="0.68" CC="60" />
            <SP ID="P36_SP00084" WIDTH="0" HPOS="0" VPOS="0" />
            <String ID="P36_S00097" HPOS="1070" VPOS="1097" WIDTH="98" HEIGHT="54" STYLEREFS="StyleId-2" CONTENT="paid" WC="0.6425" CC="9040" />
            <SP ID="P36_SP00085" WIDTH="0" HPOS="0" VPOS="0" />
            <String ID="P36_S00098" HPOS="1196" VPOS="1104" WIDTH="47" HEIGHT="47" STYLEREFS="StyleId-2" CONTENT="to" WC="1" CC="00" />
            <SP ID="P36_SP00086" WIDTH="0" HPOS="0" VPOS="0" />
            <String ID="P36_S00099" HPOS="1267" VPOS="1097" WIDTH="70" HEIGHT="54" STYLEREFS="StyleId-2" CONTENT="the" WC="0.75" CC="070" />
            <SP ID="P36_SP00087" WIDTH="0" HPOS="0" VPOS="0" />
            <String ID="P36_S00100" HPOS="1365" VPOS="1094" WIDTH="173" HEIGHT="57" STYLEREFS="StyleId-2" CONTENT="Bishop." WC="0.7114286" CC="0707500" />
            <SP ID="P36_SP00088" WIDTH="0" HPOS="0" VPOS="0" />
            <String ID="P36_S00101" HPOS="1572" VPOS="1094" WIDTH="39" HEIGHT="57" STYLEREFS="StyleId-2" CONTENT="It" WC="0.41" CC="74" />
          </TextLine>
          <TextLine ID="P36_TL00014" HPOS="288" VPOS="1169" WIDTH="778" HEIGHT="46">
            <String ID="P36_S00102" HPOS="288" VPOS="1186" WIDTH="87" HEIGHT="27" STYLEREFS="StyleId-2" CONTENT="was" WC="1" CC="000" />
            <SP ID="P36_SP00089" WIDTH="0" HPOS="0" VPOS="0" />
            <String ID="P36_S00103" HPOS="398" VPOS="1172" WIDTH="119" HEIGHT="41" STYLEREFS="StyleId-2" CONTENT="done." WC="0.916" CC="04000" />
            <SP ID="P36_SP00090" WIDTH="0" HPOS="0" VPOS="0" />
            <String ID="P36_S00104" HPOS="577" VPOS="1166" WIDTH="125" HEIGHT="47" STYLEREFS="StyleId-2" CONTENT="Total" WC="0.75" CC="71004" />
            <SP ID="P36_SP00091" WIDTH="0" HPOS="0" VPOS="0" />
            <String ID="P36_S00105" HPOS="723" VPOS="1174" WIDTH="188" HEIGHT="42" STYLEREFS="StyleId-2" CONTENT="amount," WC="0.8842857" CC="0008000" />
            <SP ID="P36_SP00092" WIDTH="0" HPOS="0" VPOS="0" />
            <String ID="P36_S00106" HPOS="932" VPOS="1166" WIDTH="134" HEIGHT="50" STYLEREFS="StyleId-2" CONTENT="$1.00." WC="0.86" CC="200500" />
          </TextLine>
          <TextLine ID="P36_TL00015" HPOS="344" VPOS="1245" WIDTH="1270" HEIGHT="44">
            <String ID="P36_S00107" HPOS="344" VPOS="1246" WIDTH="92" HEIGHT="42" STYLEREFS="StyleId-2" CONTENT="The" WC="0.5966667" CC="740" />
            <SP ID="P36_SP00093" WIDTH="0" HPOS="0" VPOS="0" />
            <String ID="P36_S00108" HPOS="467" VPOS="1253" WIDTH="145" HEIGHT="46" STYLEREFS="StyleId-2" CONTENT="pastor" WC="0.975" CC="000001" />
            <SP ID="P36_SP00094" WIDTH="0" HPOS="0" VPOS="0" />
            <String ID="P36_S00109" HPOS="643" VPOS="1252" WIDTH="43" HEIGHT="47" STYLEREFS="StyleId-2" CONTENT="at" WC="1" CC="00" />
            <SP ID="P36_SP00095" WIDTH="0" HPOS="0" VPOS="0" />
            <String ID="P36_S00110" HPOS="719" VPOS="1245" WIDTH="306" HEIGHT="54" STYLEREFS="StyleId-2" CONTENT="Montgomery" WC="0.792" CC="0050020930" />
            <SP ID="P36_SP00096" WIDTH="0" HPOS="0" VPOS="0" />
            <String ID="P36_S00111" HPOS="1057" VPOS="1255" WIDTH="87" HEIGHT="44" STYLEREFS="StyleId-2" CONTENT="was" WC="1" CC="000" />
            <SP ID="P36_SP00097" WIDTH="0" HPOS="0" VPOS="0" />
            <String ID="P36_S00112" HPOS="1176" VPOS="1239" WIDTH="124" HEIGHT="60" STYLEREFS="StyleId-2" CONTENT="made" WC="0.99" CC="0000" />
            <SP ID="P36_SP00098" WIDTH="0" HPOS="0" VPOS="0" />
            <String ID="P36_S00113" HPOS="1329" VPOS="1239" WIDTH="73" HEIGHT="60" STYLEREFS="StyleId-2" CONTENT="the" WC="0.82" CC="050" />
            <SP ID="P36_SP00099" WIDTH="0" HPOS="0" VPOS="0" />
            <String ID="P36_S00114" HPOS="1434" VPOS="1236" WIDTH="180" HEIGHT="63" STYLEREFS="StyleId-2" CONTENT="Confer¬" WC="0.582857132" CC="46104003" />
          </TextLine>
          <TextLine ID="P36_TL00016" HPOS="290" VPOS="1314" WIDTH="1327" HEIGHT="41">
            <String ID="P36_S00115" HPOS="290" VPOS="1329" WIDTH="103" HEIGHT="28" STYLEREFS="StyleId-2" CONTENT="ence" WC="0.6325" CC="8600" />
            <SP ID="P36_SP00100" WIDTH="0" HPOS="0" VPOS="0" />
            <String ID="P36_S00116" HPOS="409" VPOS="1315" WIDTH="113" HEIGHT="42" STYLEREFS="StyleId-2" CONTENT="book" WC="0.4925" CC="6660" />
            <SP ID="P36_SP00101" WIDTH="0" HPOS="0" VPOS="0" />
            <String ID="P36_S00117" HPOS="541" VPOS="1312" WIDTH="196" HEIGHT="49" STYLEREFS="StyleId-2" CONTENT="steward," WC="0.69875" CC="00079303" />
            <SP ID="P36_SP00102" WIDTH="0" HPOS="0" VPOS="0" />
            <String ID="P36_S00118" HPOS="758" VPOS="1311" WIDTH="84" HEIGHT="50" STYLEREFS="StyleId-2" CONTENT="and" WC="0.85" CC="040" />
            <SP ID="P36_SP00103" WIDTH="0" HPOS="0" VPOS="0" />
            <String ID="P36_S00119" HPOS="863" VPOS="1324" WIDTH="87" HEIGHT="37" STYLEREFS="StyleId-2" CONTENT="was" WC="0.54" CC="0103" />
            <SP ID="P36_SP00104" WIDTH="0" HPOS="0" VPOS="0" />
            <String ID="P36_S00120" HPOS="970" VPOS="1308" WIDTH="100" HEIGHT="53" STYLEREFS="StyleId-2" CONTENT="paid" WC="0.5875" CC="0970" />
            <SP ID="P36_SP00105" WIDTH="0" HPOS="0" VPOS="0" />
            <String ID="P36_S00121" HPOS="1089" VPOS="1307" WIDTH="163" HEIGHT="54" STYLEREFS="StyleId-2" CONTENT="$10.00." WC="0.8414286" CC="6500000" />
            <SP ID="P36_SP00106" WIDTH="0" HPOS="0" VPOS="0" />
            <String ID="P36_S00122" HPOS="1311" VPOS="1306" WIDTH="60" HEIGHT="55" STYLEREFS="StyleId-2" CONTENT="At" WC="1" CC="00" />
            <SP ID="P36_SP00107" WIDTH="0" HPOS="0" VPOS="0" />
            <String ID="P36_S00123" HPOS="1391" VPOS="1305" WIDTH="84" HEIGHT="56" STYLEREFS="StyleId-2" CONTENT="this" WC="0.585" CC="3660" />
            <SP ID="P36_SP00108" WIDTH="0" HPOS="0" VPOS="0" />
            <String ID="P36_S00124" HPOS="1495" VPOS="1310" WIDTH="122" HEIGHT="51" STYLEREFS="StyleId-2" CONTENT="stage" WC="0.85" CC="00007" />
          </TextLine>
          <TextLine ID="P36_TL00017" HPOS="291" VPOS="1383" WIDTH="1322" HEIGHT="40">
            <String ID="P36_S00125" HPOS="291" VPOS="1384" WIDTH="47" HEIGHT="40" STYLEREFS="StyleId-2" CONTENT="of" WC="0.47" CC="82" />
            <SP ID="P36_SP00109" WIDTH="0" HPOS="0" VPOS="0" />
            <String ID="P36_S00126" HPOS="368" VPOS="1397" WIDTH="79" HEIGHT="27" STYLEREFS="StyleId-2" CONTENT="our" WC="0.71" CC="160" />
            <SP ID="P36_SP00110" WIDTH="0" HPOS="0" VPOS="0" />
            <String ID="P36_S00127" HPOS="476" VPOS="1382" WIDTH="119" HEIGHT="42" STYLEREFS="StyleId-2" CONTENT="work" WC="0.6225" CC="10500" />
            <SP ID="P36_SP00111" WIDTH="0" HPOS="0" VPOS="0" />
            <String ID="P36_S00128" HPOS="625" VPOS="1380" WIDTH="120" HEIGHT="44" STYLEREFS="StyleId-2" CONTENT="there" WC="0.876" CC="06000" />
            <SP ID="P36_SP00112" WIDTH="0" HPOS="0" VPOS="0" />
            <String ID="P36_S00129" HPOS="773" VPOS="1393" WIDTH="87" HEIGHT="31" STYLEREFS="StyleId-2" CONTENT="was" WC="1" CC="000" />
            <SP ID="P36_SP00113" WIDTH="0" HPOS="0" VPOS="0" />
            <String ID="P36_S00130" HPOS="889" VPOS="1391" WIDTH="59" HEIGHT="33" STYLEREFS="StyleId-2" CONTENT="no" WC="1" CC="00" />
            <SP ID="P36_SP00114" WIDTH="0" HPOS="0" VPOS="0" />
            <String ID="P36_S00131" HPOS="977" VPOS="1376" WIDTH="195" HEIGHT="48" STYLEREFS="StyleId-2" CONTENT="financial" WC="0.918888867" CC="000000204" />
            <SP ID="P36_SP00115" WIDTH="0" HPOS="0" VPOS="0" />
            <String ID="P36_S00132" HPOS="1204" VPOS="1375" WIDTH="265" HEIGHT="51" STYLEREFS="StyleId-2" CONTENT="department" WC="0.903" CC="0000300050" />
            <SP ID="P36_SP00116" WIDTH="0" HPOS="0" VPOS="0" />
            <String ID="P36_S00133" HPOS="1499" VPOS="1372" WIDTH="114" HEIGHT="54" STYLEREFS="StyleId-2" CONTENT="from" WC="0.7625" CC="3005" />
          </TextLine>
          <TextLine ID="P36_TL00018" HPOS="290" VPOS="1448" WIDTH="1324" HEIGHT="40">
            <String ID="P36_S00134" HPOS="291" VPOS="1448" WIDTH="138" HEIGHT="41" STYLEREFS="StyleId-2" CONTENT="which" WC="0.442" CC="86506" />
            <SP ID="P36_SP00117" WIDTH="0" HPOS="0" VPOS="0" />
            <String ID="P36_S00135" HPOS="456" VPOS="1460" WIDTH="81" HEIGHT="29" STYLEREFS="StyleId-2" CONTENT="our" WC="0.646666646" CC="208" />
            <SP ID="P36_SP00118" WIDTH="0" HPOS="0" VPOS="0" />
            <String ID="P36_S00136" HPOS="562" VPOS="1445" WIDTH="183" HEIGHT="51" STYLEREFS="StyleId-2" CONTENT="Bishops" WC="0.7842857" CC="4202600" />
            <SP ID="P36_SP00119" WIDTH="0" HPOS="0" VPOS="0" />
            <String ID="P36_S00137" HPOS="772" VPOS="1444" WIDTH="126" HEIGHT="52" STYLEREFS="StyleId-2" CONTENT="could" WC="0.744" CC="01640" />
            <SP ID="P36_SP00120" WIDTH="0" HPOS="0" VPOS="0" />
            <String ID="P36_S00138" HPOS="923" VPOS="1443" WIDTH="119" HEIGHT="53" STYLEREFS="StyleId-2" CONTENT="draw" WC="0.9975" CC="0000" />
            <SP ID="P36_SP00121" WIDTH="0" HPOS="0" VPOS="0" />
            <String ID="P36_S00139" HPOS="1066" VPOS="1441" WIDTH="112" HEIGHT="55" STYLEREFS="StyleId-2" CONTENT="their" WC="0.656" CC="45051" />
            <SP ID="P36_SP00122" WIDTH="0" HPOS="0" VPOS="0" />
            <String ID="P36_S00140" HPOS="1202" VPOS="1440" WIDTH="187" HEIGHT="56" STYLEREFS="StyleId-2" CONTENT="salaries," WC="0.7966667" CC="003505003" />
            <SP ID="P36_SP00123" WIDTH="0" HPOS="0" VPOS="0" />
            <String ID="P36_S00141" HPOS="1415" VPOS="1452" WIDTH="50" HEIGHT="44" STYLEREFS="StyleId-2" CONTENT="as" WC="0.29" CC="67" />
            <SP ID="P36_SP00124" WIDTH="0" HPOS="0" VPOS="0" />
            <String ID="P36_S00142" HPOS="1488" VPOS="1437" WIDTH="35" HEIGHT="59" STYLEREFS="StyleId-2" CONTENT="is" WC="0.635" CC="70" />
            <SP ID="P36_SP00125" WIDTH="0" HPOS="0" VPOS="0" />
            <String ID="P36_S00143" HPOS="1550" VPOS="1443" WIDTH="64" HEIGHT="53" STYLEREFS="StyleId-2" CONTENT="to¬" WC="0.5933333" CC="173" />
          </TextLine>
          <TextLine ID="P36_TL00019" HPOS="293" VPOS="1515" WIDTH="940" HEIGHT="45">
            <String ID="P36_S00144" HPOS="293" VPOS="1517" WIDTH="93" HEIGHT="50" STYLEREFS="StyleId-2" CONTENT="day," WC="0.5225" CC="7703" />
            <SP ID="P36_SP00126" WIDTH="0" HPOS="0" VPOS="0" />
            <String ID="P36_S00145" HPOS="414" VPOS="1528" WIDTH="45" HEIGHT="39" STYLEREFS="StyleId-2" CONTENT="as" WC="1" CC="00" />
            <SP ID="P36_SP00127" WIDTH="0" HPOS="0" VPOS="0" />
            <String ID="P36_S00146" HPOS="487" VPOS="1513" WIDTH="72" HEIGHT="54" STYLEREFS="StyleId-2" CONTENT="the" WC="0.74666667" CC="070" />
            <SP ID="P36_SP00128" WIDTH="0" HPOS="0" VPOS="0" />
            <String ID="P36_S00147" HPOS="586" VPOS="1511" WIDTH="225" HEIGHT="56" STYLEREFS="StyleId-2" CONTENT="following" WC="0.724444449" CC="344040250" />
            <SP ID="P36_SP00129" WIDTH="0" HPOS="0" VPOS="0" />
            <String ID="P36_S00148" HPOS="837" VPOS="1515" WIDTH="165" HEIGHT="52" STYLEREFS="StyleId-2" CONTENT="reports" WC="0.862857163" CC="7000200" />
            <SP ID="P36_SP00130" WIDTH="0" HPOS="0" VPOS="0" />
            <String ID="P36_S00149" HPOS="1029" VPOS="1508" WIDTH="204" HEIGHT="59" STYLEREFS="StyleId-2" CONTENT="indicate:" WC="0.613333344" CC="550559003" />
          </TextLine>
          <TextLine ID="P36_TL00020" HPOS="293" VPOS="1580" WIDTH="791" HEIGHT="47">
            <String ID="P36_S00150" HPOS="293" VPOS="1579" WIDTH="90" HEIGHT="43" STYLEREFS="StyleId-2" CONTENT="&quot;To" WC="0.31" CC="388" />
            <SP ID="P36_SP00131" WIDTH="0" HPOS="0" VPOS="0" />
            <String ID="P36_S00151" HPOS="409" VPOS="1582" WIDTH="71" HEIGHT="40" STYLEREFS="StyleId-2" CONTENT="the" WC="1" CC="000" />
            <SP ID="P36_SP00132" WIDTH="0" HPOS="0" VPOS="0" />
            <String ID="P36_S00152" HPOS="502" VPOS="1579" WIDTH="162" HEIGHT="51" STYLEREFS="StyleId-2" CONTENT="Bishop" WC="0.7083333" CC="006506" />
            <SP ID="P36_SP00133" WIDTH="0" HPOS="0" VPOS="0" />
            <String ID="P36_S00153" HPOS="690" VPOS="1579" WIDTH="86" HEIGHT="51" STYLEREFS="StyleId-2" CONTENT="and" WC="0.803333342" CC="041" />
            <SP ID="P36_SP00134" WIDTH="0" HPOS="0" VPOS="0" />
            <String ID="P36_S00154" HPOS="800" VPOS="1575" WIDTH="284" HEIGHT="55" STYLEREFS="StyleId-2" CONTENT="Conference:" WC="0.7336364" CC="10700045370" />
          </TextLine>
          <TextLine ID="P36_TL00021" HPOS="350" VPOS="1656" WIDTH="1268" HEIGHT="42">
            <String ID="P36_S00155" HPOS="350" VPOS="1660" WIDTH="121" HEIGHT="47" STYLEREFS="StyleId-2" CONTENT="&quot;We," WC="0.8925" CC="0004" />
            <SP ID="P36_SP00135" WIDTH="0" HPOS="0" VPOS="0" />
            <String ID="P36_S00156" HPOS="502" VPOS="1658" WIDTH="73" HEIGHT="49" STYLEREFS="StyleId-2" CONTENT="the" WC="0.79" CC="060" />
            <SP ID="P36_SP00136" WIDTH="0" HPOS="0" VPOS="0" />
            <String ID="P36_S00157" HPOS="608" VPOS="1656" WIDTH="253" HEIGHT="51" STYLEREFS="StyleId-2" CONTENT="Committee" WC="0.853333354" CC="150050000" />
            <SP ID="P36_SP00137" WIDTH="0" HPOS="0" VPOS="0" />
            <String ID="P36_S00158" HPOS="892" VPOS="1667" WIDTH="55" HEIGHT="40" STYLEREFS="StyleId-2" CONTENT="on" WC="1" CC="00" />
            <SP ID="P36_SP00138" WIDTH="0" HPOS="0" VPOS="0" />
            <String ID="P36_S00159" HPOS="980" VPOS="1667" WIDTH="49" HEIGHT="40" STYLEREFS="StyleId-2" CONTENT="so" WC="1" CC="00" />
            <SP ID="P36_SP00139" WIDTH="0" HPOS="0" VPOS="0" />
            <String ID="P36_S00160" HPOS="1057" VPOS="1652" WIDTH="231" HEIGHT="55" STYLEREFS="StyleId-2" CONTENT="important" WC="0.9222222" CC="600000000" />
            <SP ID="P36_SP00140" WIDTH="0" HPOS="0" VPOS="0" />
            <String ID="P36_S00161" HPOS="1320" VPOS="1663" WIDTH="24" HEIGHT="44" STYLEREFS="StyleId-2" CONTENT="a" WC="1" CC="0" />
            <SP ID="P36_SP00141" WIDTH="0" HPOS="0" VPOS="0" />
            <String ID="P36_S00162" HPOS="1375" VPOS="1647" WIDTH="166" HEIGHT="60" STYLEREFS="StyleId-2" CONTENT="subject" WC="0.87" CC="0702000" />
            <SP ID="P36_SP00142" WIDTH="0" HPOS="0" VPOS="0" />
            <String ID="P36_S00163" HPOS="1572" VPOS="1658" WIDTH="45" HEIGHT="49" STYLEREFS="StyleId-2" CONTENT="as" WC="0.63" CC="07" />
          </TextLine>
          <TextLine ID="P36_TL00022" HPOS="293" VPOS="1722" WIDTH="1326" HEIGHT="45">
            <String ID="P36_S00164" HPOS="293" VPOS="1741" WIDTH="79" HEIGHT="27" STYLEREFS="StyleId-2" CONTENT="our" WC="0.343333334" CC="775" />
            <SP ID="P36_SP00143" WIDTH="0" HPOS="0" VPOS="0" />
            <String ID="P36_S00165" HPOS="395" VPOS="1725" WIDTH="196" HEIGHT="51" STYLEREFS="StyleId-2" CONTENT="Bishop's" WC="0.72875" CC="66060020" />
            <SP ID="P36_SP00144" WIDTH="0" HPOS="0" VPOS="0" />
            <String ID="P36_S00166" HPOS="615" VPOS="1729" WIDTH="190" HEIGHT="47" STYLEREFS="StyleId-2" CONTENT="support," WC="0.9575" CC="00000003" />
            <SP ID="P36_SP00145" WIDTH="0" HPOS="0" VPOS="0" />
            <String ID="P36_S00167" HPOS="830" VPOS="1722" WIDTH="83" HEIGHT="54" STYLEREFS="StyleId-2" CONTENT="beg" WC="0.6666667" CC="0010" />
            <SP ID="P36_SP00146" WIDTH="0" HPOS="0" VPOS="0" />
            <String ID="P36_S00168" HPOS="935" VPOS="1721" WIDTH="116" HEIGHT="55" STYLEREFS="StyleId-2" CONTENT="leave" WC="0.864" CC="00060" />
            <SP ID="P36_SP00147" WIDTH="0" HPOS="0" VPOS="0" />
            <String ID="P36_S00169" HPOS="1074" VPOS="1725" WIDTH="46" HEIGHT="51" STYLEREFS="StyleId-2" CONTENT="to" WC="0.67" CC="06" />
            <SP ID="P36_SP00148" WIDTH="0" HPOS="0" VPOS="0" />
            <String ID="P36_S00170" HPOS="1142" VPOS="1715" WIDTH="270" HEIGHT="61" STYLEREFS="StyleId-2" CONTENT="recommend" WC="0.927777767" CC="000000060" />
            <SP ID="P36_SP00149" WIDTH="0" HPOS="0" VPOS="0" />
            <String ID="P36_S00171" HPOS="1434" VPOS="1714" WIDTH="92" HEIGHT="62" STYLEREFS="StyleId-2" CONTENT="that" WC="0.8325" CC="0600" />
            <SP ID="P36_SP00150" WIDTH="0" HPOS="0" VPOS="0" />
            <String ID="P36_S00172" HPOS="1548" VPOS="1711" WIDTH="71" HEIGHT="65" STYLEREFS="StyleId-2" CONTENT="the" WC="0.533333361" CC="067" />
          </TextLine>
          <TextLine ID="P36_TL00023" HPOS="293" VPOS="1791" WIDTH="1162" HEIGHT="45">
            <String ID="P36_S00173" HPOS="293" VPOS="1808" WIDTH="95" HEIGHT="27" STYLEREFS="StyleId-2" CONTENT="sum" WC="0.8666667" CC="040" />
            <SP ID="P36_SP00151" WIDTH="0" HPOS="0" VPOS="0" />
            <String ID="P36_S00174" HPOS="414" VPOS="1794" WIDTH="48" HEIGHT="41" STYLEREFS="StyleId-2" CONTENT="of" WC="0.75" CC="04" />
            <SP ID="P36_SP00152" WIDTH="0" HPOS="0" VPOS="0" />
            <String ID="P36_S00175" HPOS="486" VPOS="1793" WIDTH="111" HEIGHT="50" STYLEREFS="StyleId-2" CONTENT="$900" WC="0.815" CC="4020" />
            <SP ID="P36_SP00153" WIDTH="0" HPOS="0" VPOS="0" />
            <String ID="P36_S00176" HPOS="619" VPOS="1792" WIDTH="53" HEIGHT="51" STYLEREFS="StyleId-2" CONTENT="be" WC="0.67" CC="60" />
            <SP ID="P36_SP00154" WIDTH="0" HPOS="0" VPOS="0" />
            <String ID="P36_S00177" HPOS="696" VPOS="1788" WIDTH="204" HEIGHT="55" STYLEREFS="StyleId-2" CONTENT="annually" WC="0.3875" CC="1069010660" />
            <SP ID="P36_SP00155" WIDTH="0" HPOS="0" VPOS="0" />
            <String ID="P36_S00178" HPOS="925" VPOS="1786" WIDTH="138" HEIGHT="57" STYLEREFS="StyleId-2" CONTENT="raised" WC="0.72" CC="0106000" />
            <SP ID="P36_SP00156" WIDTH="0" HPOS="0" VPOS="0" />
            <String ID="P36_S00179" HPOS="1090" VPOS="1786" WIDTH="69" HEIGHT="57" STYLEREFS="StyleId-2" CONTENT="for" WC="0.76" CC="070" />
            <SP ID="P36_SP00157" WIDTH="0" HPOS="0" VPOS="0" />
            <String ID="P36_S00180" HPOS="1184" VPOS="1784" WIDTH="73" HEIGHT="59" STYLEREFS="StyleId-2" CONTENT="the" WC="0.7966667" CC="060" />
            <SP ID="P36_SP00158" WIDTH="0" HPOS="0" VPOS="0" />
            <String ID="P36_S00181" HPOS="1281" VPOS="1782" WIDTH="174" HEIGHT="61" STYLEREFS="StyleId-2" CONTENT="Bishop." WC="0.6642857" CC="6707100" />
          </TextLine>
          <TextLine ID="P36_TL00024" HPOS="351" VPOS="1867" WIDTH="1268" HEIGHT="35">
            <String ID="P36_S00182" HPOS="351" VPOS="1873" WIDTH="82" HEIGHT="39" STYLEREFS="StyleId-2" CONTENT="We" WC="0.875" CC="02" />
            <SP ID="P36_SP00159" WIDTH="0" HPOS="0" VPOS="0" />
            <String ID="P36_S00183" HPOS="463" VPOS="1871" WIDTH="91" HEIGHT="41" STYLEREFS="StyleId-2" CONTENT="also'" WC="0.766" CC="06032" />
            <SP ID="P36_SP00160" WIDTH="0" HPOS="0" VPOS="0" />
            <String ID="P36_S00184" HPOS="583" VPOS="1867" WIDTH="271" HEIGHT="45" STYLEREFS="StyleId-2" CONTENT="recommend" WC="0.885555565" CC="000400060" />
            <SP ID="P36_SP00161" WIDTH="0" HPOS="0" VPOS="0" />
            <String ID="P36_S00185" HPOS="882" VPOS="1865" WIDTH="91" HEIGHT="47" STYLEREFS="StyleId-2" CONTENT="that" WC="0.8075" CC="0700" />
            <SP ID="P36_SP00162" WIDTH="0" HPOS="0" VPOS="0" />
            <String ID="P36_S00186" HPOS="1002" VPOS="1865" WIDTH="69" HEIGHT="47" STYLEREFS="StyleId-2" CONTENT="the" WC="0.78" CC="060" />
            <SP ID="P36_SP00163" WIDTH="0" HPOS="0" VPOS="0" />
            <String ID="P36_S00187" HPOS="1105" VPOS="1861" WIDTH="116" HEIGHT="51" STYLEREFS="StyleId-2" CONTENT="State" WC="0.704" CC="50800" />
            <SP ID="P36_SP00164" WIDTH="0" HPOS="0" VPOS="0" />
            <String ID="P36_S00188" HPOS="1249" VPOS="1861" WIDTH="53" HEIGHT="51" STYLEREFS="StyleId-2" CONTENT="be" WC="0.63" CC="70" />
            <SP ID="P36_SP00165" WIDTH="0" HPOS="0" VPOS="0" />
            <String ID="P36_S00189" HPOS="1330" VPOS="1859" WIDTH="171" HEIGHT="53" STYLEREFS="StyleId-2" CONTENT="divided" WC="0.741428554" CC="0190006" />
            <SP ID="P36_SP00166" WIDTH="0" HPOS="0" VPOS="0" />
            <String ID="P36_S00190" HPOS="1530" VPOS="1857" WIDTH="89" HEIGHT="55" STYLEREFS="StyleId-2" CONTENT="into" WC="0.5975" CC="5207" />
          </TextLine>
          <TextLine ID="P36_TL00025" HPOS="295" VPOS="1933" WIDTH="1326" HEIGHT="41">
            <String ID="P36_S00191" HPOS="296" VPOS="1939" WIDTH="67" HEIGHT="39" STYLEREFS="StyleId-2" CONTENT="six" WC="0.71" CC="043" />
            <SP ID="P36_SP00167" WIDTH="0" HPOS="0" VPOS="0" />
            <String ID="P36_S00192" HPOS="394" VPOS="1952" WIDTH="47" HEIGHT="26" STYLEREFS="StyleId-2" CONTENT="or" WC="0.495" CC="63" />
            <SP ID="P36_SP00168" WIDTH="0" HPOS="0" VPOS="0" />
            <String ID="P36_S00193" HPOS="472" VPOS="1950" WIDTH="118" HEIGHT="28" STYLEREFS="StyleId-2" CONTENT="more" WC="0.9175" CC="0300" />
            <SP ID="P36_SP00169" WIDTH="0" HPOS="0" VPOS="0" />
            <String ID="P36_S00194" HPOS="620" VPOS="1934" WIDTH="197" HEIGHT="47" STYLEREFS="StyleId-2" CONTENT="districts," WC="0.868" CC="0300070003" />
            <SP ID="P36_SP00170" WIDTH="0" HPOS="0" VPOS="0" />
            <String ID="P36_S00195" HPOS="851" VPOS="1931" WIDTH="84" HEIGHT="50" STYLEREFS="StyleId-2" CONTENT="and" WC="0.6" CC="1020" />
            <SP ID="P36_SP00171" WIDTH="0" HPOS="0" VPOS="0" />
            <String ID="P36_S00196" HPOS="966" VPOS="1930" WIDTH="100" HEIGHT="51" STYLEREFS="StyleId-2" CONTENT="each" WC="0.8275" CC="0006" />
            <SP ID="P36_SP00172" WIDTH="0" HPOS="0" VPOS="0" />
            <String ID="P36_S00197" HPOS="1097" VPOS="1926" WIDTH="227" HEIGHT="55" STYLEREFS="StyleId-2" CONTENT="Presiding" WC="0.7733333" CC="710071200" />
            <SP ID="P36_SP00173" WIDTH="0" HPOS="0" VPOS="0" />
            <String ID="P36_S00198" HPOS="1353" VPOS="1924" WIDTH="131" HEIGHT="57" STYLEREFS="StyleId-2" CONTENT="Elder" WC="0.628" CC="65006" />
            <SP ID="P36_SP00174" WIDTH="0" HPOS="0" VPOS="0" />
            <String ID="P36_S00199" HPOS="1514" VPOS="1921" WIDTH="107" HEIGHT="60" STYLEREFS="StyleId-2" CONTENT="shall" WC="0.668" CC="04047" />
          </TextLine>
          <TextLine ID="P36_TL00026" HPOS="297" VPOS="1999" WIDTH="1325" HEIGHT="40">
            <String ID="P36_S00200" HPOS="297" VPOS="2006" WIDTH="147" HEIGHT="40" STYLEREFS="StyleId-2" CONTENT="collect" WC="0.878571451" CC="0080000" />
            <SP ID="P36_SP00175" WIDTH="0" HPOS="0" VPOS="0" />
            <String ID="P36_S00201" HPOS="477" VPOS="2003" WIDTH="73" HEIGHT="43" STYLEREFS="StyleId-2" CONTENT="the" WC="0.68" CC="063" />
            <SP ID="P36_SP00176" WIDTH="0" HPOS="0" VPOS="0" />
            <String ID="P36_S00202" HPOS="583" VPOS="2007" WIDTH="175" HEIGHT="39" STYLEREFS="StyleId-2" CONTENT="amount" WC="0.825" CC="005050" />
            <SP ID="P36_SP00177" WIDTH="0" HPOS="0" VPOS="0" />
            <String ID="P36_S00203" HPOS="793" VPOS="1999" WIDTH="47" HEIGHT="47" STYLEREFS="StyleId-2" CONTENT="of" WC="0.75" CC="05" />
            <SP ID="P36_SP00178" WIDTH="0" HPOS="0" VPOS="0" />
            <String ID="P36_S00204" HPOS="875" VPOS="2012" WIDTH="79" HEIGHT="34" STYLEREFS="StyleId-2" CONTENT="one" WC="0.9433333" CC="100" />
            <SP ID="P36_SP00179" WIDTH="0" HPOS="0" VPOS="0" />
            <String ID="P36_S00205" HPOS="988" VPOS="1995" WIDTH="195" HEIGHT="51" STYLEREFS="StyleId-2" CONTENT="hundred" WC="0.76" CC="2770000" />
            <SP ID="P36_SP00180" WIDTH="0" HPOS="0" VPOS="0" />
            <String ID="P36_S00206" HPOS="1217" VPOS="1993" WIDTH="84" HEIGHT="53" STYLEREFS="StyleId-2" CONTENT="and" WC="1" CC="000" />
            <SP ID="P36_SP00181" WIDTH="0" HPOS="0" VPOS="0" />
            <String ID="P36_S00207" HPOS="1335" VPOS="1991" WIDTH="95" HEIGHT="55" STYLEREFS="StyleId-2" CONTENT="fifty" WC="0.898" CC="00500" />
            <SP ID="P36_SP00182" WIDTH="0" HPOS="0" VPOS="0" />
            <String ID="P36_S00208" HPOS="1465" VPOS="1988" WIDTH="157" HEIGHT="58" STYLEREFS="StyleId-2" CONTENT="dollars" WC="0.7057143" CC="0082027" />
          </TextLine>
          <TextLine ID="P36_TL00027" HPOS="304" VPOS="2064" WIDTH="1318" HEIGHT="47">
            <String ID="P36_S00209" HPOS="304" VPOS="2072" WIDTH="156" HEIGHT="50" STYLEREFS="StyleId-2" CONTENT="($150)" WC="0.608333349" CC="500268" />
            <SP ID="P36_SP00183" WIDTH="0" HPOS="0" VPOS="0" />
            <String ID="P36_S00210" HPOS="495" VPOS="2071" WIDTH="114" HEIGHT="51" STYLEREFS="StyleId-2" CONTENT="from" WC="0.5175" CC="6560" />
            <SP ID="P36_SP00184" WIDTH="0" HPOS="0" VPOS="0" />
            <String ID="P36_S00211" HPOS="635" VPOS="2068" WIDTH="72" HEIGHT="54" STYLEREFS="StyleId-2" CONTENT="the" WC="0.706666648" CC="080" />
            <SP ID="P36_SP00185" WIDTH="0" HPOS="0" VPOS="0" />
            <String ID="P36_S00212" HPOS="733" VPOS="2063" WIDTH="328" HEIGHT="59" STYLEREFS="StyleId-2" CONTENT="congregations" WC="0.65" CC="037950100000100" />
            <SP ID="P36_SP00186" WIDTH="0" HPOS="0" VPOS="0" />
            <String ID="P36_S00213" HPOS="1089" VPOS="2062" WIDTH="46" HEIGHT="60" STYLEREFS="StyleId-2" CONTENT="of" WC="0.435" CC="46" />
            <SP ID="P36_SP00187" WIDTH="0" HPOS="0" VPOS="0" />
            <String ID="P36_S00214" HPOS="1160" VPOS="2061" WIDTH="65" HEIGHT="61" STYLEREFS="StyleId-2" CONTENT="his" WC="0.75333333" CC="700" />
            <SP ID="P36_SP00188" WIDTH="0" HPOS="0" VPOS="0" />
            <String ID="P36_S00215" HPOS="1255" VPOS="2059" WIDTH="173" HEIGHT="63" STYLEREFS="StyleId-2" CONTENT="district," WC="0.8933333" CC="000044000" />
            <SP ID="P36_SP00189" WIDTH="0" HPOS="0" VPOS="0" />
            <String ID="P36_S00216" HPOS="1459" VPOS="2070" WIDTH="45" HEIGHT="52" STYLEREFS="StyleId-2" CONTENT="so" WC="1" CC="00" />
            <SP ID="P36_SP00190" WIDTH="0" HPOS="0" VPOS="0" />
            <String ID="P36_S00217" HPOS="1530" VPOS="2053" WIDTH="92" HEIGHT="69" STYLEREFS="StyleId-2" CONTENT="that" WC="0.6375" CC="1606" />
          </TextLine>
          <TextLine ID="P36_TL00028" HPOS="298" VPOS="2131" WIDTH="1327" HEIGHT="45">
            <String ID="P36_S00218" HPOS="298" VPOS="2140" WIDTH="72" HEIGHT="40" STYLEREFS="StyleId-2" CONTENT="the" WC="0.8066667" CC="050" />
            <SP ID="P36_SP00191" WIDTH="0" HPOS="0" VPOS="0" />
            <String ID="P36_S00219" HPOS="395" VPOS="2143" WIDTH="178" HEIGHT="37" STYLEREFS="StyleId-2" CONTENT="amount" WC="0.7366667" CC="600900" />
            <SP ID="P36_SP00192" WIDTH="0" HPOS="0" VPOS="0" />
            <String ID="P36_S00220" HPOS="599" VPOS="2135" WIDTH="47" HEIGHT="45" STYLEREFS="StyleId-2" CONTENT="of" WC="0.875" CC="20" />
            <SP ID="P36_SP00193" WIDTH="0" HPOS="0" VPOS="0" />
            <String ID="P36_S00221" HPOS="672" VPOS="2134" WIDTH="112" HEIGHT="50" STYLEREFS="StyleId-2" CONTENT="$900" WC="0.62" CC="4073" />
            <SP ID="P36_SP00194" WIDTH="0" HPOS="0" VPOS="0" />
            <String ID="P36_S00222" HPOS="808" VPOS="2132" WIDTH="52" HEIGHT="52" STYLEREFS="StyleId-2" CONTENT="be" WC="0.635" CC="70" />
            <SP ID="P36_SP00195" WIDTH="0" HPOS="0" VPOS="0" />
            <String ID="P36_S00223" HPOS="885" VPOS="2130" WIDTH="138" HEIGHT="54" STYLEREFS="StyleId-2" CONTENT="raised" WC="0.816666663" CC="406000" />
            <SP ID="P36_SP00196" WIDTH="0" HPOS="0" VPOS="0" />
            <String ID="P36_S00224" HPOS="1049" VPOS="2128" WIDTH="85" HEIGHT="56" STYLEREFS="StyleId-2" CONTENT="and" WC="0.5466667" CC="940" />
            <SP ID="P36_SP00197" WIDTH="0" HPOS="0" VPOS="0" />
            <String ID="P36_S00225" HPOS="1158" VPOS="2126" WIDTH="70" HEIGHT="58" STYLEREFS="StyleId-2" CONTENT="the" WC="0.7866667" CC="060" />
            <SP ID="P36_SP00198" WIDTH="0" HPOS="0" VPOS="0" />
            <String ID="P36_S00226" HPOS="1255" VPOS="2129" WIDTH="175" HEIGHT="55" STYLEREFS="StyleId-2" CONTENT="amount" WC="0.75" CC="700006" />
            <SP ID="P36_SP00199" WIDTH="0" HPOS="0" VPOS="0" />
            <String ID="P36_S00227" HPOS="1455" VPOS="2120" WIDTH="99" HEIGHT="64" STYLEREFS="StyleId-2" CONTENT="paid" WC="0.9025" CC="0012" />
            <SP ID="P36_SP00200" WIDTH="0" HPOS="0" VPOS="0" />
            <String ID="P36_S00228" HPOS="1582" VPOS="2127" WIDTH="42" HEIGHT="57" STYLEREFS="StyleId-2" CONTENT="at" WC="0.82" CC="03" />
          </TextLine>
          <TextLine ID="P36_TL00029" HPOS="297" VPOS="2200" WIDTH="1328" HEIGHT="38">
            <String ID="P36_S00229" HPOS="297" VPOS="2207" WIDTH="71" HEIGHT="40" STYLEREFS="StyleId-2" CONTENT="the" WC="0.7133333" CC="260" />
            <SP ID="P36_SP00201" WIDTH="0" HPOS="0" VPOS="0" />
            <String ID="P36_S00230" HPOS="391" VPOS="2204" WIDTH="158" HEIGHT="43" STYLEREFS="StyleId-2" CONTENT="annual" WC="0.9116667" CC="050000" />
            <SP ID="P36_SP00202" WIDTH="0" HPOS="0" VPOS="0" />
            <String ID="P36_S00231" HPOS="575" VPOS="2201" WIDTH="276" HEIGHT="46" STYLEREFS="StyleId-2" CONTENT="Conference." WC="0.815454543" CC="52030305000" />
            <SP ID="P36_SP00203" WIDTH="0" HPOS="0" VPOS="0" />
            <String ID="P36_S00232" HPOS="912" VPOS="2195" WIDTH="82" HEIGHT="52" STYLEREFS="StyleId-2" CONTENT="We" WC="1" CC="00" />
            <SP ID="P36_SP00204" WIDTH="0" HPOS="0" VPOS="0" />
            <String ID="P36_S00233" HPOS="1017" VPOS="2194" WIDTH="154" HEIGHT="53" STYLEREFS="StyleId-2" CONTENT="submit" WC="0.8016667" CC="006050" />
            <SP ID="P36_SP00205" WIDTH="0" HPOS="0" VPOS="0" />
            <String ID="P36_S00234" HPOS="1193" VPOS="2192" WIDTH="84" HEIGHT="55" STYLEREFS="StyleId-2" CONTENT="this" WC="0.73" CC="0640" />
            <SP ID="P36_SP00206" WIDTH="0" HPOS="0" VPOS="0" />
            <String ID="P36_S00235" HPOS="1303" VPOS="2191" WIDTH="68" HEIGHT="56" STYLEREFS="StyleId-2" CONTENT="for" WC="0.81" CC="500" />
            <SP ID="P36_SP00207" WIDTH="0" HPOS="0" VPOS="0" />
            <String ID="P36_S00236" HPOS="1395" VPOS="2201" WIDTH="107" HEIGHT="46" STYLEREFS="StyleId-2" CONTENT="your" WC="0.8175" CC="0070" />
            <SP ID="P36_SP00208" WIDTH="0" HPOS="0" VPOS="0" />
            <String ID="P36_S00237" HPOS="1526" VPOS="2200" WIDTH="99" HEIGHT="47" STYLEREFS="StyleId-2" CONTENT="con¬" WC="0.845" CC="0060" />
          </TextLine>
          <TextLine ID="P36_TL00030" HPOS="299" VPOS="2274" WIDTH="245" HEIGHT="37">
            <String ID="P36_S00238" HPOS="300" VPOS="2272" WIDTH="244" HEIGHT="41" STYLEREFS="StyleId-2" CONTENT="sideration." WC="0.616363645" CC="06701025882" />
          </TextLine>
          <TextLine ID="P36_TL00031" HPOS="1029" VPOS="2323" WIDTH="397" HEIGHT="44">
            <String ID="P36_S00239" HPOS="1029" VPOS="2325" WIDTH="141" HEIGHT="41" STYLEREFS="StyleId-2" CONTENT="Louis" WC="0.722" CC="70005" />
            <SP ID="P36_SP00209" WIDTH="0" HPOS="0" VPOS="0" />
            <String ID="P36_S00240" HPOS="1204" VPOS="2322" WIDTH="222" HEIGHT="45" STYLEREFS="StyleId-0" CONTENT="Hillary," WC="0.59375" CC="50777004" />
          </TextLine>
          <TextLine ID="P36_TL00032" HPOS="1026" VPOS="2390" WIDTH="373" HEIGHT="49">
            <String ID="P36_S00241" HPOS="1026" VPOS="2392" WIDTH="139" HEIGHT="50" STYLEREFS="StyleId-0" CONTENT="Jacob" WC="0.484" CC="75616" />
            <SP ID="P36_SP00210" WIDTH="0" HPOS="0" VPOS="0" />
            <String ID="P36_S00242" HPOS="1197" VPOS="2389" WIDTH="202" HEIGHT="53" STYLEREFS="StyleId-0" CONTENT="Crozier," WC="0.55625" CC="20926807" />
          </TextLine>
          <TextLine ID="P36_TL00033" HPOS="1030" VPOS="2456" WIDTH="543" HEIGHT="37">
            <String ID="P36_S00243" HPOS="1030" VPOS="2456" WIDTH="175" HEIGHT="40" STYLEREFS="StyleId-0" CONTENT="George:" WC="0.5371429" CC="07024710" />
            <SP ID="P36_SP00211" WIDTH="0" HPOS="0" VPOS="0" />
            <String ID="P36_S00244" HPOS="1232" VPOS="2455" WIDTH="341" HEIGHT="41" STYLEREFS="StyleId-0" CONTENT="Washington." WC="0.728181839" CC="00264156002" />
          </TextLine>
        </TextBlock>
      </PrintSpace>
    </Page>
  </Layout>
</alto>