1900 2800
298 302 59 44 84

689 313 241 33 AFRICAN
966 312 338 35 METHODISM.

358 419 92 42 The
471 428 140 44 report
634 422 46 50 of
702 421 102 51 Rev.
830 422 46 50 L.
903 419 203 53 Gardner,
1133 419 44 53 P.
1202 416 48 56 E.
1276 418 46 54 of
1345 417 70 55 the
1439 414 160 58 Greens
1613 435 6 37 ¬

304 489 101 38 boro
442 488 187 45 District,
667 502 86 31 was
789 488 143 48 heard,
969 487 80 49 and
1088 485 159 51 several
1281 498 95 38 new
1413 481 206 55 churches

304 569 109 26 were
438 555 105 40 built
569 556 83 39 and
681 555 229 40 dedicated.
970 551 92 44 The
1090 553 129 42 entire
1248 551 164 44 district
1440 562 87 33 was
1557 562 63 33 re¬

303 623 147 50 ported
472 623 45 50 in'
537 636 23 37 a
583 620 252 53 flourishing
857 621 83 52 and
962 632 254 41 prosperous
1241 617 227 56 condition.
1528 612 92 61 The

304 689 176 39 number
517 689 46 39 of
596 688 286 43 conversions,
919 687 204 51 baptisms
1160 686 83 52 and
1279 683 235 55 accessions
1554 683 65 55 far

304 755 208 39 exceeded
534 768 81 37 any
635 754 197 51 previous
853 767 111 38 year.

361 832 140 42 Sclma
525 833 188 42 District,
739 832 268 51 represented
1030 832 54 51 by
1109 830 68 53 W.
1204 830 57 53 H.
1290 830 166 53 Mixon,
1484 829 45 54 P.
1556 827 63 56 E.,

304 899 171 40 showed
503 899 90 40 that
621 910 25 40 9
674 912 93 38 new
797 898 196 52 missions
1022 898 85 52 had
1135 897 103 53 been
1268 896 240 54 organized,
1541 910 79 40 one

305 965 157 39 church
500 965 230 44 dedicated,
766 965 83 44 laid
885 963 69 46 the
989 970 270 39 cornerstone
1294 963 46 46 of
1375 964 118 45 three
1526 977 93 32 new

300 1033 204 39 churches
530 1032 82 40 and
636 1046 25 26 a
683 1033 117 49 large
824 1033 184 49 increase
1032 1032 47 50 of
1103 1032 219 50 members.
1383 1031 101 51 Had
1508 1038 111 44 trav¬

304 1098 89 39 eled
432 1110 120 37 3,000
589 1099 131 48 miles,
756 1096 85 51 had
878 1098 151 49 visited
1069 1096 184 51 Sabbath
1292 1098 164 49 schools
1495 1112 123 37 every

303 1171 190 44 quarter;
523 1175 52 40 gg
604 1163 186 52 children
820 1165 83 50 and
933 1174 52 41 27
1014 1165 138 50 adults
1181 1165 215 50 baptized;
1426 1165 191 50 renewed

302 1240 50 41 35
380 1231 173 50 licenses
577 1232 83 49 and
685 1231 179 51 granted
888 1230 173 52 licenses
1086 1238 46 44 to
1153 1243 26 40 9
1202 1246 174 37 persons
1400 1239 47 44 to
1468 1232 150 51 exhort

301 1297 83 39 and
407 1297 175 49 preach;
606 1297 300 49 administered
930 1305 234 41 s'acrament
1185 1305 46 41 to>
1254 1298 119 49 5,6^4
1394 1299 220 48 members,

304 1362 210 41 delivered
538 1363 75 40 621
643 1377 189 27 sermons
856 1364 83 40 and
963 1365 190 48 lectures,
1178 1364 151 49 visited
1354 1366 83 47 and
1461 1367 157 50 prayed

304 1429 97 39 with
430 1429 53 49 64
509 1429 99 49 sick.

359 1517 56 40 At
445 1515 123 51 night
598 1518 69 48 the
697 1519 154 47 annual
882 1519 252 52 missionary
1165 1519 173 52 address
1369 1534 87 37 was
1488 1520 129 51 deliv¬

303 1585 95 39 ered
422 1585 53 51 by
498 1585 73 51 Dr.
596 1584 296 52 Derrick,-and
914 1587 29 49 it
966 1600 85 36 was
1074 1601 24 35 a
1119 1595 119 42 great
1260 1588 82 49 and
1364 1589 253 51 convincing

306 1652 126 40 effort
454 1652 67 41 for
540 1652 69 41 the
630 1666 125 27 cause
773 1654 47 39 of
840 1655 145 39 sacred
1005 1654 209 41 missions.
1275 1655 50 40 In
1344 1656 83 41 this
1448 1657 166 40 confer¬

303 1731 100 27 ence
435 1719 70 39 the
542 1719 220 50 following
795 1720 196 49 brethren
1027 1734 111 35 were
1171 1721 203 48 admitted
1409 1737 53 32 on
1498 1724 117 45 trial:

302 1782 48 41 F.
377 1785 66 38 W.
470 1784 220 45 Williams,
715 1786 36 50 J.
779 1786 45 50 B.
852 1785 158 51 Carter,
1036 1787 55 49 H.
1117 1788 46 48 L.
1190 1789 298 51 Washington,
1516 1790 98 50 Nel¬

302 1865 75 25 son
401 1850 170 44 Adams,
593 1851 51 43 D.
668 1851 44 43 P.
736 1852 163 44 Moore,
922 1852 41 44 S.
986 1853 47 43 B.
1054 1851 113 51 Taff,
1187 1855 37 50 J.
1248 1855 56 50 H.
1326 1855 289 50 Underwood,

305 1918 187 39 Ananias
514 1917 153 46 Curtis,
687 1916 48 47 E.
756 1918 51 45 A.
828 1918 236 48 Valentine,
1087 1921 124 45 Peter
1231 1923 224 50 Bingham,
1476 1925 67 48 W.
1564 1925 46 48 B.

299 1982 188 51 Johnson
521 1983 83 50 and
636 1984 124 49 Noah
791 1984 184 49 Walton.
1037 1983 143 50 Frank
1209 1988 192 51 Johnson
1433 2004 86 35 was
1552 2005 60 34 re¬

301 2049 203 39 admitted
520 2063 6 30 ;
566 2049 94 44 Dan
700 2050 168 46 Brown,
908 2051 51 45 A.
1000 2052 46 44 L.
1089 2051 117 45 Scott
1244 2056 83 40 and
1365 2057 67 39 W.
1472 2057 52 40 A.
1565 2058 46 41 L.

300 2112 185 42 Thomas
520 2115 213 39 admitted.
795 2115 217 42 Ordained
1047 2118 202 42 deacons:
1285 2122 51 39 A.
1371 2123 51 39 A.
1462 2123 151 41 Sensa-

302 2180 155 51 bough,
479 2178 47 53 T.
549 2182 68 49 W.
639 2182 220 49 Williams,
883 2183 158 48 Gaston
1063 2185 253 46 Whitehead
1346 2188 152 53 (local)
1527 2194 83 47 and

299 2247 150 39 Daniel
487 2248 167 39 Brown.
715 2247 150 42 Elders
902 2250 223 40 ordained:
1158 2253 112 40 Wm.
1310 2255 56 39 H.
1406 2256 204 50 Councill,

303 2313 33 37 B
382 2313 67 39 W.
484 2313 215 44 Bowman,
730 2314 36 51 J.
799 2315 67 50 W.
899 2315 223 51 Williams,
1155 2316 48 50 E.
1236 2316 49 50 T.
1318 2320 288 53 Underwood,

298 2378 67 39 W.
406 2377 48 42 E.
496 2378 177 41 Stanton
711 2381 82 38 and
833 2379 43 41 C.
919 2381 211 42 Peterson.
1192 2385 159 41 Deaths
1392 2392 217 48 reported:

297 2444 124 40 "Revs.
448 2445 149 40 Prince
621 2444 192 42 Gardner
834 2448 82 39 and
938 2448 157 52 Joseph
1120 2448 159 52 Carew.
1339 2453 125 47 Revs.
1492 2457 115 43 Mix-
