2323 3615
133 184 94 58 528

712 192 255 48 Southern
1000 193 278 47 Workman

132 305 155 54 rolling
307 308 97 51 hills
421 310 85 49 and
530 312 233 53 spreading
784 316 229 49 meadows,
1035 315 208 50 threaded
1266 315 104 50 with
1394 320 198 45 streams,
1626 313 84 52 and
1734 313 132 52 inter-

128 375 156 49 spread
309 376 101 48 with
434 378 232 46 cultivated
691 381 112 52 plats
826 382 137 51 which
988 382 237 51 constitute
1248 381 132 52 about
1399 379 215 54 one-third
1634 379 45 54 of
1698 378 74 55 the
1791 391 70 42 en¬

128 440 82 39 tire
231 454 193 42 acreage.
486 445 94 51 The
602 447 120 52 place
738 448 34 51 is
794 449 94 50 well
911 448 206 52 provided
1140 448 103 52 with
1265 448 159 52 houses
1465 446 83 54 and
1572 445 192 55 farming
1786 445 74 55 im¬

128 507 230 51 plements.
434 511 143 47 There
599 526 72 32 are
697 526 50 40 30
763 515 162 51 horses,
952 524 47 42 25
1025 527 125 39 cows,
1171 525 53 41 40
1240 514 121 52 hogs,
1386 513 103 53 with
1527 512 209 54 chickens
1772 510 84 56 and

126 574 194 56 turkeys,
346 577 73 53 the
441 578 255 52 fluctuation
719 581 44 49 of
797 581 145 49 whose
973 580 206 50 numbers
1202 580 178 50 renders
1403 586 123 44 exact
1549 578 303 52 enumeration

126 653 27 26 a
173 641 181 41 difficult
378 645 321 41 mathematical
730 647 207 52 problem.

239 708 93 40 The
355 710 244 41 institution
623 713 34 38 is
697 713 151 55 purely
879 713 282 55 educational,
1187 713 83 55 and
1294 713 34 55 is
1350 712 187 56 adapted
1560 719 47 49 to
1629 712 74 56 the
1718 712 136 56 needs

123 773 48 39 of
192 786 23 26 a
237 775 110 39 class
369 783 75 32 not
467 778 198 39 included
689 780 42 38 in
751 780 73 38 the
847 792 129 39 scope
998 780 82 51 and
1103 779 226 52 discipline
1351 779 45 52 of
1416 792 83 41 any
1535 779 128 54 other
1684 779 170 54 institu¬

124 840 104 49 tion,
254 842 163 50 private
432 856 46 36 or
493 844 156 51 public.
686 846 62 49 Its
770 846 98 51 plan
888 846 32 51 is
940 852 43 45 to
999 845 125 52 make
1148 846 73 51 the
1244 846 109 51 unfit
1372 845 81 52 and
1472 845 202 52 helpless,
1700 845 47 52 fit
1766 846 83 51 and

310 922 7 34 helpful;
340 914 44 42 to
407 910 117 46 solve
545 911 73 45 the
632 918 122 44 great
772 911 231 52 municipal
1025 912 193 52 problem
1233 912 45 52 of
1299 912 211 52 inspiring
1530 912 75 52 the
1628 912 223 52 submerg¬

122 972 53 38 ed
208 973 85 53 city
328 975 98 51 waif
460 975 102 51 with
596 989 21 37 a
641 976 94 50 love
757 977 45 49 of
824 985 152 41 nature
998 978 83 48 and
1104 977 45 49 of
1179 978 177 53 making
1378 978 87 53 him
1488 992 23 39 a
1533 978 174 53 skillful,
1752 991 95 40 con¬

122 1039 163 49 tented,
318 1041 112 47 rural
449 1042 176 46 worker.

665 2439 66 27 The
746 2440 76 27 Last
839 2442 125 33 Hoeing
976 2443 33 32 of
1022 2443 50 32 the
1088 2444 82 31 Corn

211 2536 93 39 The
328 2537 145 39 school
496 2538 230 40 maintains
749 2552 22 26 a
793 2542 168 38 natural
994 2544 299 40 environment
1325 2548 138 40 which
1487 2550 31 39 it
1550 2551 80 39 will
1664 2559 74 33 not
1762 2553 53 40 be

96 2602 247 51 impossible
366 2602 65 51 for
472 2603 73 50 the
586 2603 191 50 children
818 2612 44 41 to
901 2607 217 52 duplicate
1151 2611 41 48 in
1225 2612 113 47 after
1359 2614 85 45 life.
1508 2616 38 43 It
1569 2619 200 49 provides
1791 2634 24 34 a

96 2668 127 51 plain,
249 2668 163 51 simple,
438 2668 261 51 unadorned,
723 2677 72 47 yet
819 2673 191 54 sanitary
1027 2675 83 52 and
1133 2677 260 50 wholesome
1415 2682 162 51 regime
1600 2684 45 49 of
1665 2685 146 53 living.

93 2733 96 39 The
220 2734 119 53 boys,
364 2734 136 53 under
522 2735 73 52 the
616 2735 209 52 direction
847 2738 44 49 of
912 2751 24 36 a
953 2740 165 47 trained
1142 2754 124 40 corps
1288 2745 45 49 of
1354 2746 259 48 instructors
1648 2752 84 42 and
1754 2753 59 41 di¬

93 2806 176 43 rectors,
304 2800 204 49 cultivate
527 2801 74 48 the
622 2801 122 49 farm,
768 2804 150 46 attend
957 2804 73 46 the
1051 2806 163 51 horses,
1240 2810 102 47 milk
1365 2811 74 46 the
1461 2826 125 37 cows,
1613 2815 98 48 feed
1735 2819 74 44 the

88 2866 122 51 hogs,
231 2865 81 52 and
335 2866 184 51 conduct
544 2867 39 50 in
607 2879 22 38 a
650 2868 167 49 natural
835 2882 178 35 manner
1034 2872 53 45 all
1110 2872 44 45 of
1176 2874 73 43 the
1270 2877 212 41 activities
1504 2880 45 39 of
1562 2894 24 25 a
1607 2884 204 52 well-reg¬

89 2931 144 40 ulated
275 2932 122 39 farm.
477 2932 123 54 They
630 2945 71 41 are
740 2934 127 52 given
904 2936 257 50 instruction
1184 2940 41 46 in
1263 2941 73 45 the
1362 2943 182 53 English
1578 2947 226 54 branches,

85 3005 244 47 carpentry,
356 2997 368 55 wheelwrighting
741 3000 82 52 and
846 3001 336 55 blacksmithing
1201 3020 6 36 ;
1231 3006 73 50 the
1336 3009 93 47 idea
1452 3010 129 53 being
1613 3020 42 43 to
1678 3016 128 54 equip

87 3065 119 39 them
229 3064 102 40 with
363 3064 275 51 agricultural
679 3064 254 54 knowledge
973 3069 82 49 and
1080 3069 73 49 the
1194 3072 152 53 simple
1379 3076 156 53 village
1570 3079 235 50 industries

87 3130 139 40 which
248 3143 180 40 prepare
450 3130 66 53 for
537 3131 234 52 attainable
794 3133 110 50 rural
933 3134 206 51 pursuits.
1221 3138 39 47 It
1284 3139 33 46 is
1338 3145 281 54 grotesquely
1642 3147 159 52 absurd

84 3205 47 33 to
168 3196 214 42 surround
425 3196 105 42 such
572 3196 190 42 children
784 3198 102 40 with
920 3211 53 27 an
995 3201 193 41 artificial
1226 3206 301 43 environment
1550 3211 45 38 of
1616 3214 185 40 massive

85 3271 127 34 stone
235 3263 229 52 buildings,
490 3262 166 53 shower
673 3262 140 53 baths,
856 3264 172 51 electric
1066 3267 143 51 lights,
1248 3272 83 46 and
1374 3281 137 37 steam
1548 3276 114 51 heat,
1687 3292 47 35 or
1757 3287 43 40 to

82 3331 128 54 equip
227 3331 116 54 them
364 3330 100 55 with
480 3330 261 55 mechanical
758 3330 143 55 trades
918 3333 216 52 requiring
1156 3338 230 49 expensive
1408 3339 285 48 instruments
1714 3348 84 39 and

81 3397 286 54 complicated
405 3396 260 55 machinery.
745 3396 105 55 This
890 3398 139 53 would
1052 3401 162 54 merely
1247 3402 47 53 fit
1318 3404 118 51 them
1460 3407 67 48 for
1549 3408 74 47 the
1645 3410 155 53 higher
