2436 3687
302 95 89 46 532

868 106 256 55 Southern
1159 118 277 56 Workman

290 243 72 55 ing
384 252 150 54 which,
560 261 73 45 sad
658 270 43 36 to
724 269 143 52 relate,
895 275 101 56 they
1021 281 103 50 miss
1147 283 41 48 in
1212 286 111 45 their
1364 293 198 59 ordinary
1587 300 123 52 place
1753 300 42 52 in
1829 302 188 54 society.

291 311 37 41 It
371 317 33 39 is
441 324 267 47 well-known
748 335 92 41 that
877 340 105 56 boys
1024 345 44 51 of
1111 349 83 47 this
1236 353 221 47 character
1508 366 167 55 usually
1734 366 154 55 regard
1934 369 78 52 the

282 381 249 59 policemen,
557 394 94 46 who
675 404 42 36 to
741 401 116 42 them
894 409 184 56 embody
1102 414 73 51 the
1198 420 136 45 entire
1376 425 125 41 circle
1537 431 44 39 of
1605 432 73 39 the
1702 433 79 39 law
1822 432 84 40 and
1952 433 54 39 its

279 447 95 51 aim,
399 464 45 34 as
468 457 109 41 their
600 467 166 39 natural
785 473 201 42 enemies.
1021 476 94 41 The
1138 483 277 49 policeman's
1437 493 97 41 club
1552 496 32 40 is
1605 498 73 39 the
1697 499 101 55 only
1821 510 187 44 govern¬

278 519 159 38 mental
462 521 260 49 instrument
754 535 100 40 with
898 540 138 41 which
1078 544 102 56 they
1219 561 120 39 come
1363 554 39 46 in
1437 567 188 36 contact.
1688 564 123 56 They
1835 578 72 42 are
1933 579 70 41 en¬

274 587 213 49 couraged
519 589 40 47 in
598 593 84 43 this
724 597 129 43 belief
875 603 55 55 by
955 609 147 52 seeing
1133 612 110 49 their
1266 629 95 32 race
1383 620 112 57 daily
1517 630 224 53 crowding
1764 632 74 51 the
1861 632 144 53 police

271 656 144 33 courts
458 659 42 34 to
543 655 51 41 be
635 664 226 42 convicted
899 672 83 39 and
1026 680 236 39 sentenced
1285 695 115 40 upon
1443 689 72 46 the
1558 696 238 57 testimony
1821 699 45 54 of
1889 700 108 53 such

268 712 182 44 officers.

376 780 93 43 The
490 796 122 40 great
636 791 162 55 danger
827 799 31 47 is
893 801 93 45 that
1029 805 101 57 they
1166 811 82 51 will
1283 813 51 49 be
1372 817 217 46 hardened
1629 826 91 42 into
1753 832 241 40 anti-social

263 842 160 45 factors
446 851 82 40 and
552 853 181 45 become
756 873 23 26 a
802 873 201 35 constant
1027 883 176 31 menace
1228 884 43 33 to
1295 880 73 40 the
1391 896 129 39 peace
1544 890 83 45 and
1661 895 126 40 order
1829 897 44 40 of
1915 898 80 40 the

261 917 280 54 community.
605 921 93 50 The
740 931 202 47 practical
979 935 206 58 handling
1207 944 44 49 of
1285 945 74 48 the
1388 949 345 49 administrative
1756 961 164 43 factors
1944 966 45 38 of

259 987 286 40 government
570 994 74 33 not
668 991 97 55 only
786 994 215 52 increases
1026 1002 110 44 their
1177 1008 104 41 civic
1325 1012 255 59 knowledge
1615 1021 77 50 but
1713 1025 278 46 familiarizes-

261 1041 115 42 them
401 1048 101 40 with
547 1051 71 40 the
645 1054 242 48 beneficent
910 1076 81 30 aim
1015 1070 82 40 and
1122 1085 186 42 purpose
1331 1079 45 48 of
1398 1083 52 44 all
1475 1086 128 41 social
1628 1093 281 48 regulations.

851 2511 64 30 The
937 2514 221 41 Wheelwright
1171 2525 84 37 Shop

311 2604 92 41 The
430 2608 109 43 Hart
566 2613 124 42 Farm
732 2619 153 45 School
927 2635 42 32 at
1002 2644 174 39 present
1209 2642 156 44 admits
1403 2652 99 55 only
1538 2655 117 57 boys.
1721 2665 194 61 Perhaps

198 2666 72 40 the
286 2679 111 32 most
422 2677 182 54 striking
622 2681 167 50 feature
811 2689 43 42 of
878 2692 72 40 the
971 2695 184 56 Negro's
1179 2707 133 44 urban
1339 2712 71 41 life
1435 2716 31 40 is
1506 2721 91 42 that
1637 2727 30 39 it
1706 2733 164 45 affords
1885 2753 27 27 a

192 2734 194 43 valuable
408 2746 216 39 economic
648 2755 138 36 status
810 2754 64 40 for
896 2771 165 31 women
1087 2769 143 42 rather
1249 2774 102 42 than
1374 2779 66 41 for
1463 2797 110 30 men.
1636 2792 66 43 As
1725 2810 23 26 a
1771 2806 135 40 result

191 2798 120 42 there
334 2803 32 39 is
389 2817 52 28 an
464 2812 260 55 astounding
746 2824 350 47 preponderance
1117 2834 44 38 of
1183 2838 168 43 colored
1391 2858 165 34 women
1594 2869 102 30 over
1737 2878 99 30 men
1861 2872 40 39 in

186 2865 53 39 all
263 2867 43 39 of
329 2870 72 39 the
424 2871 114 54 large
561 2885 169 40 centers
752 2884 44 41 of
818 2890 259 53 population,
1104 2898 72 45 the
1199 2915 181 44 average
1397 2911 393 71 being'something
1814 2934 85 48 like

186 2929 80 41 five
290 2939 42 34 to
356 2935 106 43 four.
526 2940 141 58 Every
691 2946 145 58 family
860 2953 43 51 of
926 2963 320 59 respectability
1269 2973 82 49 and
1376 2987 282 45 competence
1682 2992 76 42 has
1781 3003 110 39 need

181 2996 44 40 of
242 3010 80 29 one
344 3013 46 28 or
412 3016 117 28 more
551 3008 168 43 colored
741 3015 102 51 girls
867 3025 42 41 to
932 3025 185 42 conduct
1142 3030 72 40 the
1245 3035 211 48 domestic
1479 3045 233 52 industries
1749 3062 45 39 of
1816 3066 76 41 the

178 3062 235 45 household
434 3084 6 34 ;
465 3070 74 48 but
563 3074 120 44 there
706 3078 33 40 is
762 3093 53 27 no
838 3092 336 55 corresponding
1215 3098 222 49 industrial
1481 3110 195 50 function
1701 3124 66 40 for
1789 3141 99 31 men

176 3141 47 28 or
245 3131 119 56 boys.
425 3136 121 57 They
568 3153 71 40 are
662 3147 247 58 practically
933 3154 99 51 shut
1056 3167 73 38 out
1154 3161 106 44 from
1295 3169 52 38 all
1371 3171 106 43 lines
1492 3178 45 39 of
1559 3179 198 50 business
1799 3198 84 39 and

173 3197 130 50 trade,
329 3200 82 47 and
434 3215 70 32 are
527 3207 210 52 confined,
769 3212 65 47 for
857 3217 71 42 the
952 3229 110 33 most
1086 3234 105 43 part,
1219 3236 43 41 to
1286 3233 71 44 the
1381 3236 117 55 hard,
1525 3243 354 70 bone-breaking,

168 3262 342 60 dehumanizing,
537 3272 285 50 intermittent
847 3282 115 42 labor
984 3287 138 44 which
1144 3294 162 44 affords
1328 3313 23 27 a
1373 3305 227 46 miserable
1634 3319 81 38 and
1739 3334 145 39 preca-
