2418 3675
771 170 251 54 Southern
1058 180 279 53 Workman

181 298 98 31 case
310 294 44 40 of
389 299 184 46 violated
606 312 262 47 confidence.
931 320 69 41 On
1023 323 97 56 July
1146 326 124 53 third,
1307 331 71 48 the
1411 335 143 44 writer
1588 337 131 54 being
1741 354 53 37 an
1827 356 84 42 eye

179 355 189 57 witness,
412 366 52 46 he
505 374 212 55 equipped
760 381 197 48 fourteen
993 389 45 40 of
1071 391 73 40 the
1181 393 118 42 older
1341 397 105 56 boys
1498 402 39 51 in
1581 416 96 37 new
1711 406 200 55 clothing"

179 420 110 45 from
309 426 108 45 head
438 440 42 34 to
496 436 102 54 foot,
615 454 107 40 gave
746 454 42 40 to
804 462 80 32 one
904 453 44 41 of
963 454 72 40 the
1052 458 182 42 number
1252 462 73 40 the
1344 477 155 44 money
1524 474 43 47 to
1589 482 84 43 pay
1698 471 74 54 the
1787 473 116 52 fares

174 489 45 39 of
249 490 172 48 himself
451 504 82 40 and
557 515 277 47 companions
867 524 43 38 to
941 521 82 41 and
1047 521 110 43 from
1181 526 73 39 the
1278 529 98 55 city,
1402 532 149 52 placed
1589 548 24 36 a
1645 538 122 46 small
1806 552 94 32 sum

174 554 41 41 in
239 559 72 40 the
335 562 112 44 hand
470 570 44 39 of
536 575 103 39 each
672 578 95 56 boy,
791 584 83 50 and
908 594 94 40 sent
1037 589 118 45 them
1189 598 43 36 to
1265 594 292 57 Washington
1591 608 45 43 to
1661 605 136 52 spend
1822 607 75 50 the

168 622 189 51 glorious
382 631 178 48 Fourth.
636 642 94 42 The
766 652 197 47 personal
987 653 113 46 bond
1124 657 44 42 of
1190 660 104 40 each
1319 661 82 56 boy
1437 678 87 39 was
1567 668 132 49 taken
1725 671 93 46 that
1842 674 57 43 he

166 692 139 40 would
329 704 147 36 return
500 716 53 27 on
578 707 72 40 the
679 712 98 40 nine
799 714 164 44 o'clock
1000 720 100 41 boat
1123 736 53 27 on
1201 725 98 57 July
1325 728 109 54 fifth.
1501 731 111 51 Sure
1636 740 186 52 enough,
1848 748 43 44 at

165 754 73 41 the
261 764 230 49 appointed
516 771 103 42 time
642 775 72 41 the
737 778 98 42 boat
856 782 185 56 brought
1065 800 128 44 every
1212 792 83 56 boy
1315 794 105 54 back
1439 804 43 44 to
1505 800 65 48 his
1593 810 99 44 post
1741 805 148 49 Those

163 822 94 41 who
280 825 108 44 have
411 832 81 41 had
515 846 111 33 most
651 848 42 34 to
717 844 52 41 do
784 848 101 40 with
909 850 106 56 boys
1038 854 44 52 of
1104 856 85 50 this
1213 859 222 47 character
1453 868 154 50 regard
1647 871 86 47 this
1757 875 138 52 esprit

161 888 51 39 de
230 900 116 45 corps
368 908 45 37 as
433 904 246 55 something
710 913 180 56 entirely
915 918 190 51 unheard
1130 923 54 49 of,
1205 926 82 46 and
1331 931 198 41 consider
1547 934 30 40 it
1604 936 74 40 the
1702 938 176 54 highest

156 957 188 48 possible
385 968 277 51 compliment
686 981 42 38 to
767 978 72 41 the
861 985 139 48 genial
1023 985 223 55 discipline
1270 993 93 47 that
1386 1000 184 48 prevails
1593 1010 43 38 at
1662 1004 74 44 the
1763 1006 115 42 Hart

160 1020 124 43 Farm
312 1026 169 46 School.
528 1035 116 43 Does
668 1042 85 40 this
776 1049 253 49 experience
1052 1061 75 37 not
1152 1056 185 43 indicate
1362 1063 92 40 that
1488 1067 122 40 there
1644 1070 32 39 is
1700 1073 174 41 unfath-

154 1090 125 39 omed
311 1097 156 40 wealth
490 1101 44 39 of
556 1103 150 55 simple
730 1109 105 49 faith
859 1115 82 43 and
958 1118 226 58 reliability
1203 1124 153 58 deeply
1381 1130 228 52 imbedded
1634 1137 40 45 in
1700 1139 73 43 the
1800 1155 75 27 na-

844 2521 129 37 Picking
988 2526 78 32 Peas

107 2602 98 35 ture
240 2600 45 40 of
308 2603 71 40 the
405 2606 192 55 African,
618 2615 138 46 which
780 2620 32 41 is
836 2634 99 30 ever
957 2633 251 49 responsive
1232 2643 42 39 to
1297 2639 101 43 kind
1423 2650 234 41 treatment
1676 2653 12 39 ?
1732 2654 83 42 But

105 2662 28 40 it
157 2667 139 40 would
320 2669 51 40 be
404 2676 239 51 suspicious
665 2695 111 32 were
809 2687 29 40 it
863 2695 43 34 to
948 2692 52 40 be
1031 2696 178 44 claimed
1243 2704 92 40 that
1360 2708 73 39 the
1469 2710 115 58 forty
1623 2716 105 57 boys
1768 2729 43 44 at

97 2728 73 41 the
195 2731 113 42 Hart
326 2735 128 43 Farm
476 2740 158 47 School
658 2761 130 29 never
810 2759 175 39 commit
1009 2773 52 27 an
1080 2763 228 47 infraction
1331 2775 167 49 against
1523 2779 73 45 the
1631 2785 113 41 rules
1768 2789 51 40 of

95 2799 219 56 propriety
330 2804 83 51 and
431 2808 112 49 good
567 2813 137 44 order.
751 2817 174 52 Indeed,
944 2838 63 31 we
1029 2828 150 42 should
1198 2834 51 38 all
1270 2848 173 41 suspect
1465 2843 92 46 that
1577 2848 122 42 there
1722 2866 85 29 was

92 2865 246 55 something
356 2871 201 58 radically
575 2890 148 43 wrong
739 2883 39 50 in
802 2898 82 43 any
902 2899 161 44 system
1088 2895 91 48 that
1196 2900 225 49 professed
1441 2914 43 35 to
1502 2912 125 41 make
1650 2927 23 27 a
1696 2920 111 40 saint

89 2934 74 34 out
182 2930 43 39 of
241 2944 24 27 a
287 2932 82 58 boy
394 2937 39 53 in
457 2938 63 52 his
537 2945 115 55 early
676 2954 135 46 teens.

199 2995 42 40 A
279 2999 150 51 Junior
469 3006 224 56 Republic,
738 3017 195 45 modeled
957 3035 53 27 on
1035 3024 72 41 the
1131 3027 105 41 lines
1273 3032 44 40 of
1340 3035 73 40 the
1438 3038 170 56 George
1650 3047 152 50 Junior

87 3058 211 55 Republic
320 3073 43 40 at
389 3069 221 57 Freeville,
633 3077 53 49 N.
713 3080 66 51 Y.,
806 3083 75 48 but
905 3089 188 55 sensibly
1115 3092 185 54 adapted
1325 3106 42 40 to
1391 3103 73 43 the
1495 3110 132 40 needs
1660 3114 44 39 of
1727 3117 73 40 the

81 3124 106 57 boys
206 3128 65 53 for
293 3133 139 48 whom
453 3138 28 43 it
506 3140 32 41 is
557 3142 217 55 intended,
800 3149 75 48 has
899 3151 109 46 been
1032 3155 237 46 instituted.
1332 3165 94 42 The
1448 3176 283 44 constitution
1756 3184 43 39 of

83 3192 72 40 the
181 3193 211 57 Republic
414 3215 260 40 guarantees
700 3219 42 36 to
765 3216 103 39 each
891 3218 44 38 of
965 3219 53 40 its
1051 3221 177 44 citizens
1250 3228 76 40 full
1367 3237 189 56 equality
1600 3243 101 50 with
1741 3250 53 43 all

80 3259 146 42 others
243 3278 5 35 ;
274 3265 73 48 the
371 3268 113 53 right
510 3278 42 43 to
570 3274 98 47 hold
686 3290 24 31 a
728 3287 91 34 seat
839 3282 38 39 in
904 3284 71 40 the
996 3290 173 47 general
1192 3296 216 56 assembly
1426 3301 44 51 of
1506 3305 175 47 citizens
1709 3327 6 33 ;
1748 3320 44 40 to

78 3335 175 43 express
276 3331 65 47 his
363 3335 129 43 views
516 3339 134 58 freely
673 3349 261 52 concerning
955 3351 51 50 all
1034 3353 97 48 laws
1172 3363 212 48 proposed
1408 3365 66 46 for
1497 3369 73 42 the
1610 3385 179 40 govern

75 3400 134 44 ment;
226 3397 82 47 and
328 3404 44 40 to
394 3404 181 49 petition
592 3408 72 45 the
679 3422 282 40 government
980 3416 65 46 for
1062 3419 167 43 redress
1247 3424 44 39 of
1306 3428 264 49 grievances.
1596 3438 126 44 None
1745 3447 44 38 of
