1516 2509
348 260 100 30 LIFE
475 261 90 30 AND
592 264 267 31 PROPHECIES
886 268 53 29 OF
965 268 151 31 HOSBA.

230 386 131 54 cheap
400 390 329 57 sentimentality
765 395 84 52 and
884 395 111 52 their
1029 396 151 51 hatred
1216 397 68 50 for

229 450 202 53 religious
462 460 178 47 ecstacy.
698 456 240 51 Unbridled
967 464 164 47 ecstacy
1160 460 35 51 is
1225 460 58 51 al¬

228 525 114 40 ways
373 515 241 53 dangerous
643 523 45 45 to
714 518 72 50 the
811 522 134 46 moral
973 523 84 45 and
1082 520 200 48 intellect¬

226 576 69 41 ual
320 576 109 41 sides
454 577 47 42 of
524 579 193 53 religion.
741 580 104 52 This
871 583 177 49 element
1070 585 212 51 predomi¬

228 639 127 40 nated
394 640 41 40 in
473 640 71 41 the
582 641 106 42 false
725 643 184 54 hireling
946 645 200 53 prophets
1184 645 98 53 who

226 701 170 42 toadied
426 707 45 36 to
497 702 74 42 the
602 704 127 54 fancy
759 705 48 53 of
836 707 71 51 the
935 707 106 53 king
1070 710 83 50 and
1182 721 99 39 peo¬

227 763 79 51 ple.
395 764 332 56 Remembering
769 768 97 52 this,
913 784 64 36 we
1020 784 78 36 can
1128 772 153 48 under¬

228 826 124 40 stand
381 826 96 53 why
509 828 135 51 Amos
675 836 71 43 cut
774 830 171 49 himself
976 832 62 47 off
1069 831 114 48 from
1210 833 72 46 the

228 888 239 52 regulation
495 891 220 52 prophetic
743 893 119 50 rank,
890 894 83 49 and
1001 894 280 53 inaugurated

227 964 24 26 a
281 962 94 30 new
407 952 126 41 order
562 952 49 41 of
642 954 225 53 prophecy.
928 956 141 51 When
1100 958 179 49 ordered

226 1018 44 34 to
302 1012 117 42 leave
452 1014 132 42 Israel
617 1015 85 41 and
733 1029 59 40 go
822 1019 213 51 prophesy
1066 1021 44 49 in
1139 1018 141 53 Judah

227 1074 84 41 and
343 1088 100 27 earn
474 1076 65 40 his
570 1077 142 49 bread,
743 1078 52 48 he
825 1080 197 48 retorted,
1055 1079 100 49 "No
1183 1094 96 39 pro¬

226 1136 101 51 phet
351 1137 32 50 I,
407 1151 78 36 nor
508 1152 23 35 a
553 1139 214 52 prophet's
791 1141 116 50 son."
958 1142 103 49 This
1082 1143 85 48 will
1191 1145 87 46 also

227 1198 97 52 help
359 1212 49 38 us
444 1208 45 42 to
524 1203 260 47 understand
819 1203 98 53 why
953 1204 147 52 Hosea
1134 1205 145 52 placed

226 1260 103 41 such
358 1267 128 35 stress
514 1276 114 38 upon
656 1263 70 51 the
754 1265 132 49 moral
914 1267 83 47 and
1026 1266 251 48 intellectual

226 1322 110 41 sides
378 1323 46 41 of
465 1324 193 52 religion,
700 1325 105 53 "My
842 1327 148 52 people
1028 1328 141 52 perish
1211 1329 68 51 for

225 1384 92 41 lack
338 1384 50 41 of
411 1385 292 54 knowledge,"
729 1393 75 46 etc.

283 1446 241 42 Prediction
558 1447 48 42 of
636 1449 70 40 the
741 1448 142 43 future
916 1451 33 40 is
974 1448 78 45 the
1085 1452 192 42 subordi¬

224 1515 98 35 nate
354 1509 178 41 element
565 1511 42 40 in
639 1511 53 40 all
724 1511 226 53 prophecy.
1012 1515 59 49 Its
1102 1514 174 50 mission

223 1570 34 42 is
284 1577 45 35 to
356 1572 163 40 declare
545 1579 74 34 tne
643 1574 85 40 will
756 1574 82 40 and
865 1574 215 42 character
1107 1576 48 41 of
1182 1576 95 42 God

224 1634 43 39 in
299 1634 246 41 connection
577 1635 102 41 with
710 1649 115 28 some
853 1637 196 40 occasion
1079 1652 48 28 or
1157 1638 119 42 crisis

222 1695 39 40 iij
292 1696 71 42 the
391 1696 164 53 history
585 1696 47 53 of
659 1697 72 52 the
757 1699 159 51 people.
973 1698 106 52 This
1108 1700 168 50 charac¬

220 1758 161 41 teristic
402 1758 47 41 of
470 1759 213 53 prophecy
707 1760 32 52 is
764 1761 120 51 striki
896 1762 92 51 ngly
1011 1762 265 51 emphasized

221 1820 54 53 by
312 1820 70 53 the
420 1826 86 47 two
542 1822 200 52 prophets
780 1823 135 51 under
951 1823 321 51 consideration.

225 1883 145 41 Moses
411 1884 172 52 prayed,
625 1885 185 51 "Would
851 1885 94 51 God
982 1885 92 51 that
1112 1887 53 49 all
1204 1886 70 50 the

222 1945 152 43 Lord's
406 1947 148 52 people
585 1960 110 39 were
726 1947 214 53 prophets,
970 1949 83 51 and
1084 1948 90 52 that
1203 1948 71 52 the

221 2006 116 43 Lord
368 2009 143 41 would
540 2015 76 46 put
659 2008 66 53 his
782 2009 121 52 spirit
960 2023 116 39 upon
1131 2009 142 53 them"

229 2070 158 53 (Num.
430 2070 174 54 11:29).
673 2071 39 53 I*
748 2071 36 53 *s
904 2071 83 53 this
1026 2073 121 53 spirit
1184 2072 91 54 that

219 2134 100 52 they
354 2133 236 53 prophesy:
625 2133 92 53 that
750 2147 83 39 any
866 2134 234 52 righteous,
1135 2133 140 53 spirit¬

219 2196 82 52 ual,
330 2197 144 52 manly
502 2210 100 39 man
632 2196 124 53 could
786 2210 68 39 see
882 2195 72 54 the
982 2197 125 52 doom
1135 2196 48 53 of
1212 2195 62 54 Is-
