1525 2515
241 270 22 35 8

408 271 98 27 LIFE
533 272 89 27 AND
648 273 263 30 PROPHECIES
939 276 53 29 OF
1018 276 151 30 HOSEA.

239 409 111 28 were
397 397 134 41 closer
578 404 42 34 at
668 399 113 41 hand
827 401 103 40 than
978 401 124 41 when
1150 400 136 43 Amos

237 464 153 35 wrote.
440 459 199 52 Perhaps
660 475 67 36 we
748 475 105 40 may
872 463 142 52 affirm
1035 464 112 51 with
1167 478 26 37 a
1213 465 73 50 de¬

238 533 103 39 gree
373 521 47 51 of
455 523 220 53 certainty
709 523 98 53 that
839 525 76 51 the
949 528 122 51 early
1105 532 100 47 part
1237 527 49 52 of

236 581 190 42 Hosea's
453 584 207 53 ministry
684 599 94 38 was
803 593 346 48 contemporary
1173 588 110 53 with

237 641 68 42 the
330 644 109 41 close
463 646 45 40 of
532 645 91 42 that
647 647 45 41 of
717 647 147 42 Amos.

290 706 141 41 Amos
470 710 219 40 exercises
728 710 75 41 the
840 711 127 41 office
1005 713 164 53 during
1206 712 75 54 the

233 781 269 40 prosperous
538 771 125 52 reign
698 773 47 50 of
777 773 240 51 Jeroboam
1052 774 61 50 II.
1176 774 104 50 Evi¬

234 830 159 41 dences
414 831 46 40 of
481 834 252 51 prosperity
755 836 87 49 and
864 835 161 53 luxury
1049 849 73 39 are
1146 850 133 39 every

231 892 148 40 where
399 898 48 35 to
464 894 54 39 be
538 908 127 36 seen;
686 909 47 35 as
750 903 77 45 yet
845 909 58 39 no
923 897 155 51 clouds
1097 912 74 36 are
1190 901 87 47 vis¬

231 953 86 40 ible
346 959 47 34 to
423 955 75 40 the
528 969 102 39 eyes
673 958 48 50 of
762 959 76 49 the
895 961 274 52 uninspired,
1225 975 52 38 or

231 1014 285 54 thoughtless
553 1018 203 51 pleasure
793 1022 200 48 seekers;
1029 1025 82 45 but
1144 1024 131 46 when

227 1076 153 41 Hosea
397 1079 164 49 writes,
580 1080 154 48 clouds
753 1082 113 46 have
883 1084 150 52 begun
1051 1091 47 45 to
1116 1086 160 52 gather

229 1152 119 37 upon
382 1140 175 49 Israel's
589 1142 209 47 horizon:
833 1145 106 52 they
970 1146 181 51 thicken
1185 1150 88 47 and

229 1200 136 41 lower
401 1202 94 40 into
530 1217 26 27 a
591 1204 287 53 threatening
912 1213 154 44 storm.
1132 1209 139 48 Israel

226 1274 97 28 sees
352 1263 74 40 the
455 1270 153 44 storm,
636 1267 87 47 and
750 1268 69 46 for
846 1268 102 53 help
977 1271 111 50 cries
1116 1278 80 43 not
1223 1277 47 44 to

227 1323 297 55 God—"They
554 1328 75 50 call
659 1335 39 43 to
728 1330 156 53 Egypt,
914 1332 95 52 they
1037 1347 53 39 go
1121 1342 40 44 to
1189 1336 79 50 As¬

224 1385 154 55 syria"
403 1387 124 54 "they
550 1390 130 51 strike
705 1405 24 36 a
753 1393 174 52 bargain
951 1395 106 50 with
1078 1397 192 52 Assyria,

224 1449 83 39 and
330 1462 119 40 carry
473 1451 55 51 oil
550 1458 40 44 to
614 1453 185 52 Egypt."
858 1454 106 52 (Isa.
989 1457 142 53 30:6.)

715 1554 153 43 Hosea
892 1559 87 39 and
1003 1559 143 43 Amos
1170 1572 97 40 rep-

221 1613 140 40 Amos
377 1615 89 40 and
483 1615 153 42 Hosea
707 1624 150 35 resent
920 1619 76 41 the
1060 1622 205 52 opposite

400 1676 262 53 Compared,
709 1686 220 43 extremes
959 1682 48 47 of
1035 1683 76 46 the
1142 1696 122 33 same

712 1742 130 40 order
909 1743 48 41 of
1021 1745 241 53 prophecy.

219 1797 133 42 Amos
387 1799 33 40 is
455 1800 71 40 the
560 1802 178 52 prophet
770 1804 49 50 of
850 1804 125 50 Law;
1012 1806 145 48 Hosea
1190 1808 71 46 the

217 1860 176 51 prophet
420 1860 45 51 of
492 1862 127 49 Love.
675 1864 196 53 Religion
898 1880 97 37 ever
1020 1881 144 36 moves
1191 1871 70 46 be¬

217 1927 133 35 tween
386 1923 115 41 these
534 1926 245 41 two—Law
815 1928 82 40 and
933 1928 127 42 Love.
1125 1930 134 42 Amos

217 1995 88 28 sees
343 1983 127 41 God's
506 1986 85 41 will
627 1988 171 40 worked
833 1997 73 33 out
942 1992 235 51 regardless
1210 1993 50 50 of

213 2045 70 39 the
306 2045 245 52 disposition
575 2049 82 48 and
681 2050 127 47 tricks
829 2052 49 45 of
900 2053 70 44 the
992 2055 158 51 people.
1176 2055 81 51 His

214 2107 197 42 climaxes
443 2109 53 40 all
529 2111 79 39 end
639 2110 42 40 in
713 2112 138 41 doom.
913 2114 137 43 Cause
1079 2116 84 41 and
1195 2117 60 41 ef¬

216 2168 84 41 fect
338 2182 71 29 are
447 2170 70 41 the
555 2171 149 52 guides
743 2174 49 49 of
830 2175 64 48 his
934 2177 186 52 inspired
1160 2193 95 38 pen,
