1519 2511
349 260 100 30 LIFE
475 262 91 29 AND
592 264 267 32 PROPHECIES
886 268 54 29 OF
965 269 151 31 HOSEA.

231 387 105 41 ened
362 393 45 36 to
434 388 211 43 reinforce
672 392 83 42 and
782 393 139 41 clothe
948 394 159 42 herself
1131 395 44 42 in
1202 402 83 35 ter¬

232 463 68 28 ror
331 451 81 40 and
443 456 144 37 return
618 457 44 37 to
690 453 71 43 the
791 454 124 50 issue,
945 455 85 49 and
1057 456 124 48 when
1211 458 71 46 the

230 512 153 42 retired
411 514 212 44 wounded
652 515 113 43 from
793 517 73 41 the
892 518 99 42 field
1021 518 76 43 she
1122 519 159 43 threat-

231 575 138 53 stupid
393 577 144 51 nation
563 577 83 51 had
673 578 104 50 been
803 579 251 56 sufficiently
1080 582 200 53 humbled

228 638 73 41 she
328 639 140 42 would
496 641 127 52 again
650 641 100 52 hold
777 650 77 43 out
880 644 74 49 the
979 644 113 49 olive
1117 646 160 47 branch

230 701 45 41 of
313 714 136 40 peace.
518 702 92 52 lhe
647 704 180 54 prophet
867 718 171 40 reasons
1075 707 94 51 that
1206 708 73 50 the

228 771 139 36 errant
389 765 148 54 people
559 767 142 52 would
723 767 100 52 then
848 781 87 40 say,
962 768 160 53 "Come
1144 770 56 51 let
1225 783 49 38 us

230 832 141 36 return
399 833 104 39 unto
531 827 69 45 the
630 829 156 52 Lord,"
816 830 69 51 for
912 844 97 37 now
1039 832 100 53 they
1166 832 109 53 have

228 902 115 29 come
366 895 46 36 to
436 904 25 28 a
485 889 252 56 knowledge
761 893 48 52 of
835 893 129 52 God's
990 895 107 50 love.
1152 896 121 49 With

228 951 154 51 Hosea,
408 958 43 44 to
479 959 144 43 return
648 955 35 47 is
711 961 45 41 to
782 963 158 46 repent,
967 958 84 51 and
1073 963 48 46 to
1145 959 126 50 know

230 1014 32 40 is
293 1020 47 36 to
372 1021 156 37 return.
591 1016 278 57 Knowledge,
906 1027 251 46 repentance
1190 1022 83 51 and

229 1077 155 43 service
413 1092 56 39 go
495 1079 113 52 hand
638 1080 42 51 in
708 1080 126 51 hand.

687 1186 88 44 But
805 1201 46 29 as
884 1188 141 43 Isaiah
1055 1190 77 42 has
1164 1190 105 51 said,

231 1248 72 41 No
334 1248 125 42 Mere
690 1250 103 41 such
849 1250 252 56 knowledge
1171 1254 101 52 does

283 1310 206 55 Memory
510 1310 49 55 of
689 1317 76 48 not
789 1327 119 38 come
932 1314 56 53 by
1011 1328 117 39 mere
1151 1316 121 51 hear-

445 1374 149 41 Facts.
688 1376 77 55 ing
788 1375 181 56 without
991 1377 281 54 understand¬

692 1437 86 55 ing,
819 1452 50 40 or
907 1439 147 55 seeing
1091 1439 181 55 without

226 1496 251 54 perceiving.
537 1499 85 51 But
654 1499 31 51 it
715 1512 139 38 comes
884 1515 47 35 as
961 1502 73 48 the
1063 1504 132 46 result
1224 1502 47 48 of

224 1557 102 54 deep
354 1560 258 54 ponderings
641 1562 43 52 in
711 1561 122 53 heart
860 1565 83 49 and
972 1565 106 49 soul.

275 1621 262 55 Religiously
560 1623 216 55 speaking,
802 1634 40 44 to
868 1627 128 51 knew
1017 1627 35 51 is
1074 1634 75 44 not
1171 1627 100 51 sim¬

219 1684 70 53 ply
317 1689 45 48 to
389 1698 68 39 see
486 1685 74 52 but
588 1693 46 44 to
661 1688 190 52 perceive
881 1690 83 50 and
994 1691 273 50 understand,

221 1751 43 36 to
286 1747 50 41 be
362 1748 295 53 apprehended
683 1764 45 37 as
752 1752 94 49 well
872 1765 44 36 as
940 1758 47 43 to
1011 1753 258 53 apprehend.

222 1807 39 43 It
283 1809 35 41 is
342 1816 74 35 not
439 1812 98 52 only
561 1826 54 38 an
642 1813 127 51 effort
792 1813 49 51 of
863 1814 72 50 the
957 1814 132 52 mind,
1114 1816 77 50 but
1213 1830 56 36 an

219 1871 124 43 effect
368 1886 114 40 upon
506 1875 73 51 the
604 1876 120 50 mind
748 1876 91 50 that
862 1877 148 49 makes
1038 1877 69 49 for
1133 1878 137 54 right¬

218 1947 210 30 eousness.
489 1936 116 44 Such
634 1938 253 54 knowledge
918 1945 127 47 starts
1077 1955 27 37 a
1132 1942 137 50 moral

218 1997 102 42 echo
349 1997 42 42 in
419 1999 73 42 the
520 2000 105 50 soul,
655 2001 84 49 and
767 2001 35 49 is
833 2001 199 49 followed
1059 2003 56 53 by
1142 2004 128 52 deep¬

219 2066 60 35 est
312 2060 180 54 feelings
527 2062 48 52 of
606 2062 146 52 shame
784 2063 71 51 for
888 2064 88 50 sins
1009 2065 259 50 committed,

216 2134 47 29 or
302 2137 224 29 reverence
564 2124 68 42 for
671 2126 209 52 goodness
917 2126 172 52 known.
1156 2128 40 50 It
1233 2128 35 50 is

216 2185 176 47 wisdom
417 2187 43 45 in
482 2186 73 46 the
579 2185 153 54 higher
753 2187 149 52 affairs
925 2188 49 51 of
997 2188 89 51 life.
