1499 2498
363 278 100 28 LIFE
488 276 90 30 AND
603 268 264 38 PROPHECIES
894 265 53 41 OF
972 262 153 44 HOSEA.

203 409 85 41 rael
312 408 83 42 and
417 403 152 47 should
591 413 118 37 warn
732 397 115 53 them
866 393 50 57 of
937 392 94 58 that
1054 389 199 61 doom,—

204 474 92 38 that
315 471 71 41 the
404 479 193 38 message
617 463 34 54 is
671 460 84 57 laid
775 470 115 47 upon
908 454 118 63 them
1043 451 57 66 by
1121 444 131 73 God's

210 533 144 52 Spirit.
414 530 120 55 "The
564 525 116 60 Lord
710 522 76 63 has
817 518 172 67 spoken,
1019 514 21 71 I
1073 523 78 62 can
1180 508 76 77 but

208 592 250 55 prophesy."
511 590 100 57 "No
632 584 179 63 prophet
834 582 34 65 I,
892 591 80 56 nor
993 590 27 57 a
1040 569 215 78 prophet's

213 656 126 48 son;"
376 660 70 45 yet
481 653 20 52 I
539 655 112 50 must
688 645 128 60 speak
851 648 87 57 out,
974 640 179 65 because
1186 630 72 75 the

212 720 115 39 Lord
349 718 76 41 has
451 713 157 52 spoken
634 710 111 55 from
770 706 82 59 His
874 702 101 63 holy
997 695 234 70 mountain.

269 781 40 39 It
337 779 35 41 is
404 777 98 51 only
529 776 43 52 in
600 772 83 56 this
714 768 120 60 spirit
861 765 92 63 that
981 759 152 69 mortal
1161 768 100 60 man

216 842 151 41 should
394 839 97 44 take
522 848 112 39 upon
665 830 172 57 himself
864 828 74 59 the
965 824 120 63 office
1112 819 51 68 of
1189 818 73 69 the

218 904 208 49 ministry.
485 900 71 53 He
587 894 151 59 should
766 897 74 56 not
872 895 116 58 enter
1016 886 73 67 the
1118 881 146 72 minis¬

216 966 120 39 terial
364 963 104 42 rank
494 959 139 46 unless
659 957 53 48 he
738 953 103 52 feels
868 951 136 54 "Woe
1030 948 34 57 is
1090 959 69 46 me
1182 941 36 64 if
1243 940 21 65 I

219 1026 153 53 preach
394 1030 74 49 not
490 1024 72 55 the
583 1017 146 62 gospel
752 1016 47 63 of
821 1011 182 68 Christ."

719 1245 62 40 II.

315 1361 98 40 The
445 1358 136 49 Story
611 1353 48 54 of
687 1353 78 54 the
797 1346 224 61 Faithless
1052 1341 138 66 Wife.

527 1462 15 16 ♦
610 1449 155 38 Hosea
788 1455 17 32 I
823 1442 71 45 :iii.

620 1508 111 40 This
772 1506 37 42 is
848 1517 26 31 a
913 1507 198 42 strange,
1149 1494 132 55 blunt

240 1582 42 38 A
314 1581 191 46 Strange
617 1578 126 49 story
783 1567 48 60 of
871 1580 25 47 a
937 1561 191 66 tragedy
1168 1557 46 70 in
1256 1568 26 59 a

406 1638 147 49 Story,
612 1635 144 52 home,
794 1628 89 59 and
917 1626 49 61 of
1001 1624 59 63 its
1097 1617 188 70 bearing

708 1704 113 38 upon
856 1689 71 53 the
961 1685 76 57 life
1072 1682 47 60 of
1154 1694 24 48 a
1211 1691 74 51 na¬

242 1766 99 40 tion.
429 1762 81 44 We
569 1756 157 50 marvel
786 1760 42 46 at
881 1750 75 56 the
1013 1741 273 65 faithfulness

246 1826 103 41 with
418 1821 136 46 which
623 1818 31 49 it
721 1815 34 52 is
824 1808 203 59 recorded
1092 1806 58 61 by
1216 1802 73 65 the

245 1902 101 36 very
396 1881 232 57 individual
667 1878 97 60 who
802 1871 187 67 suffered
1026 1868 72 70 the
1135 1876 154 62 agony,

249 1947 264 43 humiliation
573 1943 84 47 and
716 1939 156 51 shame.
960 1930 146 60 While
1164 1928 34 62 it
1255 1924 37 66 is

251 2008 272 51 exceedingly
542 2003 113 56 plain
675 2004 42 55 in
737 2001 52 58 its
809 1995 216 64 narration
1043 1992 49 67 of
1109 1987 186 72 horrible

251 2074 121 45 facts,
396 2076 71 44 yet
488 2067 71 53 the
580 2068 145 52 purest
746 2060 168 60 maiden
938 2057 84 63 and
1041 2057 113 63 most
1174 2049 123 71 mod¬

256 2141 61 34 est
348 2137 166 38 matron
546 2127 106 48 need
682 2129 75 46 not
787 2120 123 55 blush
942 2123 43 52 at
1014 2117 54 58 its
1101 2110 199 65 startling

258 2194 262 44 revelations.
581 2189 40 49 It
650 2187 35 51 is
714 2200 27 38 a
770 2196 96 42 way
894 2180 72 58 the
995 2177 120 61 Bible
1144 2175 77 63 has
1250 2171 51 67 of
