1500 2499
329 267 102 27 LIFE
456 266 92 28 AND
572 262 269 32 PROPHECIES
867 262 55 32 OF
946 260 151 34 HOSEA.

212 394 87 41 also
324 392 110 43 shall
458 394 49 41 be
530 405 48 30 so
605 390 186 45 towards
817 389 132 46 thee."
1004 387 151 48 These,
1183 384 85 51 evi¬

213 456 157 53 dently,
399 468 113 41 were
541 453 200 56 intended
771 466 45 43 as
847 455 103 54 days
980 450 44 59 of
1052 449 217 60 penitence

213 519 85 41 and
317 517 234 53 discipline,
572 531 24 39 a
616 522 89 48 sort
723 515 50 55 of
792 518 241 52 atonement
1052 512 84 58 and
1155 512 115 58 puri¬

213 583 186 48 fication,
425 580 85 51 and
535 586 48 45 to
605 580 179 52 impress
810 577 77 55 her
933 575 92 57 that
1048 574 77 58 she
1145 572 127 60 could

217 651 75 35 not
313 650 84 47 yet,
419 644 37 53 if
477 657 112 40 ever,
610 642 52 55 be
682 642 72 55 the
776 654 114 43 same
910 645 45 52 to
977 638 88 59 him
1086 638 90 59 that
1199 635 74 62 she

219 721 87 29 was
357 707 43 43 in
424 705 71 45 the
522 705 103 52 days
650 704 147 53 before
821 704 70 53 the
917 701 123 56 jewel
1063 700 49 57 of
1134 699 139 58 virtue

220 784 87 29 was
336 769 239 52 destroyed.

695 883 41 41 It
768 883 35 41 is
836 881 123 43 made
991 880 111 44 clear
1131 886 47 38 to
1207 876 70 48 the

229 950 220 52 Meaning
478 949 50 53 of
556 948 78 54 the
689 958 98 44 man
814 944 47 58 of
889 944 95 58 God
1007 943 94 59 that
1126 952 145 50 recon-

254 1011 317 54 Tragedy—It
693 1006 188 59 ciliation
923 1006 36 59 is
1001 1004 72 61 the
1113 1002 156 63 Divine

321 1076 225 51 Deepens.
694 1069 117 58 Will.
887 1068 94 59 The
1026 1065 81 62 evil
1152 1076 125 51 omen

697 1131 48 42 of
762 1130 111 43 their
892 1129 225 44 children's
1136 1138 143 35 names

227 1201 35 42 is
302 1197 253 46 eliminated.
624 1194 288 49 Loruhamah,
951 1189 220 54 Unpitied,
1210 1188 71 55 be¬

228 1276 139 29 comes
391 1258 241 49 Ruhamah,
658 1256 154 55 pitied;
836 1254 209 57 Loammi,
1072 1250 210 61 Not-My-

229 1324 139 49 Child,
428 1324 196 49 becomes'
679 1318 162 55 Ammi,
887 1314 396 59 My-Child,—pro¬

229 1387 142 54 phetic
399 1385 49 56 of
473 1384 74 57 the
576 1380 383 61 re-establishment
984 1376 50 65 of
1060 1375 73 66 the
1158 1374 127 67 home

231 1452 85 40 and
342 1448 47 44 of
416 1447 71 45 the
514 1443 252 49 restoration
792 1441 49 51 of
866 1439 71 53 the
963 1439 101 53 wife
1088 1443 47 49 to
1160 1437 125 55 favor

232 1512 104 43 with
363 1510 71 45 the
461 1508 206 47 husband.

293 1575 41 39 It
372 1573 36 41 is
449 1571 103 43 here
591 1569 84 45 and
716 1580 98 34 now
855 1565 92 49 thatt
986 1563 74 51 the
1096 1558 186 56 prophet

231 1638 140 40 learns
400 1634 92 44 that
519 1633 73 45 the
620 1629 179 53 tragedy
826 1627 50 55 of
902 1626 65 56 his
998 1625 126 57 home
1152 1622 134 60 found

232 1701 54 40 its
309 1700 275 48 counterpart
604 1694 44 54 in
669 1691 72 57 the
759 1691 74 57 life
855 1690 47 58 of
923 1688 71 60 the
1015 1686 160 62 nation,
1196 1685 91 63 that

233 1762 66 41 his
338 1759 114 55 grief
488 1770 104 44 over
629 1755 65 59 his
746 1750 205 64 domestic
1000 1748 165 66 trouble
1217 1760 72 54 ex¬

235 1824 174 54 pressed
433 1827 45 51 to
504 1820 89 58 him
619 1819 46 59 in
691 1831 25 47 a
740 1815 110 63 faint
873 1826 110 52 way,
1007 1818 45 60 at
1074 1810 118 68 least,
1217 1806 73 72 the

238 1900 164 29 sorrow
441 1883 51 46 of
528 1878 196 57 Jehovah
761 1890 105 45 over
900 1874 75 61 the
1013 1872 192 63 harlotry
1241 1870 51 65 of

237 1948 147 44 Israel.
437 1942 96 50 The
555 1944 93 48 first
672 1940 127 52 fruits
821 1937 51 55 of
894 1936 146 56 Israel,
1064 1933 85 59 like
1170 1932 123 60 those

237 2012 49 42 of
316 2011 66 43 his
414 2007 116 50 wife,
561 2006 86 51 had
677 2004 105 53 been
814 2000 233 57 legitimate
1078 1993 214 64 apprecia¬

238 2075 92 42 tion
354 2072 83 45 and
459 2070 112 53 loyal
595 2065 158 58 service
775 2063 86 60 and
884 2060 212 63 devotion.
1147 2058 53 65 In
1223 2054 71 69 the

240 2149 150 31 course
412 2133 50 47 of
483 2132 104 48 time
609 2130 76 50 she
706 2126 156 54 turned
885 2137 121 43 away
1030 2121 85 59 and
1138 2119 158 61 sought

240 2200 72 45 the
339 2198 118 47 Gods
481 2194 51 51 of
554 2193 159 55 Egypt,
738 2187 180 61 Assyria
940 2184 87 64 and
1052 2181 243 67 Phoenicia.
