1500 2499
360 281 99 27 LIFE
485 280 88 28 AND
600 274 261 34 PROPHECIES
889 274 53 34 OF
969 270 150 38 HOSEA.

198 404 213 41 visitation
443 401 166 44 formed
640 400 70 45 the
741 398 167 52 enigma
936 396 50 54 of
1016 406 79 44 our
1125 391 118 59 lives.

199 466 103 39 This
328 466 35 39 is
388 472 94 33 true
504 464 49 41 of
574 463 55 42 all
655 462 70 43 the
749 459 197 46 relations
972 456 48 49 of
1041 455 90 50 life.
1182 452 63 53 At

199 529 89 39 first
313 529 116 39 these
455 532 182 44 strange,
664 523 214 53 unbidden
903 518 239 58 visitations
1171 513 74 63 fall

200 603 113 37 upon
347 602 77 38 our
459 588 103 52 fond
596 587 129 53 hopes
760 584 83 56 and
877 580 251 60 aspirations
1163 576 83 64 like

199 653 92 39 cold
311 651 113 41 clods
445 663 113 38 upon
579 650 70 51 the
666 647 146 54 coffins
832 644 50 57 of
900 644 121 57 those
1041 655 66 46 we
1126 640 118 61 love;

201 714 73 40 but
306 719 42 35 at
379 714 79 40 last
490 710 99 52 they
621 722 70 40 are
721 708 122 54 made
875 719 46 43 as
953 708 111 54 clear
1096 715 45 47 as
1175 702 70 60 the

198 774 143 52 bright
369 773 170 53 shining
565 771 48 55 of
642 771 70 55 the
741 770 93 56 day,
864 768 83 58 and
975 767 171 59 become
1175 761 70 65 the

201 837 155 39 clarion
384 835 77 41 call
491 835 46 41 of
564 833 95 43 God
684 838 46 38 to
756 843 78 33 our
861 829 128 47 souls.
1047 825 133 51 "This
1210 822 35 54 is

201 904 109 34 most
340 905 92 33 true
461 896 48 42 of
539 895 69 43 the
639 895 92 43 love
762 892 137 46 which
929 895 131 43 meets
1093 901 23 37 a
1147 897 100 41 man

201 974 44 26 as
273 961 32 39 it
332 965 84 35 met
444 958 144 42 Hosea
617 956 43 44 in
686 955 65 45 his
780 952 185 52 opening
991 946 254 58 manhood/'

202 1022 111 39 How
340 1033 125 37 many
492 1032 24 38 a
540 1018 165 52 mother
730 1016 82 54 had
838 1026 128 44 never
989 1010 186 60 thought
1200 1008 49 62 of

202 1084 160 39 heaven
400 1081 105 42 until
542 1080 77 43 her
654 1077 168 51 darling
857 1075 106 53 babe
998 1087 86 41 was
1121 1072 127 56 taken

201 1151 43 33 to
280 1143 70 41 the
388 1141 185 43 Savior's
611 1140 134 44 arms!
810 1138 113 46 How
959 1148 127 37 many
1123 1147 26 38 a
1183 1145 64 40 re¬

202 1206 158 39 former
383 1217 87 28 was
494 1215 128 30 never
645 1200 152 45 moved
821 1205 43 40 to
887 1198 137 47 action
1047 1195 107 50 until
1176 1193 72 52 the

204 1268 112 39 faces
345 1266 84 41 and
458 1265 214 42 character
700 1261 47 46 of
774 1261 66 46 his
869 1273 96 34 own
992 1258 125 49 loved
1147 1267 102 40 ones

206 1342 110 27 were
355 1326 162 43 stained
558 1327 82 42 and
680 1324 229 45 blackened
949 1322 55 49 by
1043 1321 72 50 the
1156 1318 92 53 vice

204 1390 136 41 which
360 1391 52 40 he
432 1394 41 37 at
494 1388 79 43 last
594 1385 208 52 opposed!
825 1385 39 52 It
884 1396 86 41 was
991 1382 71 55 the
1082 1379 168 58 terrible

203 1451 182 41 crucible
410 1448 187 52 through
625 1447 138 53 which
792 1447 53 53 he
868 1445 86 55 had
981 1443 153 57 passed
1159 1441 91 59 that

204 1513 121 40 made
349 1512 145 41 Hosea
518 1511 68 42 the
612 1507 253 46 unmatched
888 1506 201 51 preacher
1114 1504 47 53 of
1187 1516 63 41 re¬

204 1581 214 45 pentance,
443 1574 77 52 leal
544 1573 92 53 love
660 1570 82 56 and
767 1569 328 57 righteousness.
1150 1565 100 61 Sor¬

205 1650 89 28 row
316 1637 82 41 and
421 1633 218 51 discipline
658 1632 85 52 will
764 1629 127 55 bring
910 1635 74 49 out
1004 1629 72 55 the
1094 1628 93 56 best
1207 1627 43 57 in

207 1711 108 27 man.
381 1695 139 43 When
557 1693 179 52 anguish
774 1692 117 53 gives
927 1705 94 40 way
1057 1702 46 43 to
1139 1701 111 44 sym¬

207 1759 128 52 pathy
359 1759 83 52 and
465 1761 185 50 mystery
675 1755 191 56 becomes
892 1766 24 45 a
939 1751 194 60 stimulus
1157 1757 46 54 to
1227 1761 24 50 a

206 1820 187 47 mission,
415 1819 70 48 the
505 1817 114 51 grief
638 1817 74 51 has
734 1816 109 52 done
863 1814 53 54 its
936 1813 163 55 perfect
1118 1811 133 57 work,

208 1884 82 39 and
317 1881 70 42 the
412 1893 96 30 man
535 1893 33 30 is
595 1877 117 46 fitted
738 1876 68 47 for
830 1876 71 47 the
928 1874 135 49 duties
1090 1872 47 51 of
1163 1870 86 53 life.

673 1938 92 40 The
797 1938 236 49 remaining
1062 1934 190 53 portions

209 2003 215 42 Parallels
451 2004 90 41 and
677 2001 47 44 of
754 1999 194 50 chapters
981 1997 13 52 i
1028 2002 45 47 to
1104 1995 48 54 iii
1184 2007 72 42 are

286 2064 323 52 Applications,
678 2060 178 56 devoted
904 2065 45 51 to
997 2057 259 59 sententious

675 2122 219 52 pleadings
950 2122 83 52 and
1073 2118 182 56 applica¬

212 2190 109 40 tions
355 2188 47 42 of
431 2187 71 43 the
533 2187 158 43 lessons
724 2183 169 47 learned
922 2188 47 42 to
998 2184 73 46 the
1100 2180 77 50 life
1207 2177 49 53 of
