1500 2500
343 255 100 28 LIFE
470 254 90 29 AND
587 254 268 29 PROPHECIES
882 255 54 28 OF
962 253 151 30 HOSEA.

221 386 174 35 nescent
436 381 220 40 character
693 381 51 40 of
785 379 112 42 their
937 380 215 53 goodness
1194 377 84 56 and

224 443 104 53 high
369 443 199 53 resolves.
645 442 74 54 (3)
767 442 95 54 The
903 442 117 54 chaff
1060 440 141 56 which
1243 441 35 55 is

221 506 178 42 whirled
430 520 121 39 away
583 505 114 54 from
729 504 71 55 the
829 504 225 55 threshing
1084 504 109 55 floor
1222 503 57 56 by

220 570 71 42 the
315 569 128 49 wind,
470 569 84 49 and
587 568 74 54 (4)
694 567 71 55 the
792 567 147 55 smoke
964 566 139 56 which
1131 566 147 56 speed¬

224 632 55 53 ily
305 631 197 54 vanishes
530 645 49 40 so
605 644 105 41 soon
737 645 46 40 as
811 631 32 54 it
871 644 169 41 escapes
1067 629 116 56 from
1206 627 73 58 the

224 694 205 53 chimney,
457 695 137 52 figure
621 694 73 53 the
720 693 233 54 scattering
979 694 83 53 and
1091 692 188 55 destruc¬

224 758 89 41 tion
342 757 46 42 of
416 757 71 42 the
516 757 159 42 nation.

694 851 93 41 The
837 856 195 36 sentence
1080 849 85 43 will
1228 849 52 43 be

231 916 76 40 the
329 915 130 42 Final
482 917 162 41 Doom,
693 913 103 54 just,
825 914 68 53 for
923 913 94 54 God
1045 913 84 54 had
1155 912 124 55 made

227 978 295 52 Preparation
542 978 71 52 for
695 977 138 53 ample
910 976 219 54 provision
1210 974 70 56 for

695 1039 110 41 their
843 1039 226 53 happiness
1109 1038 84 54 and
1232 1043 45 49 to

224 1108 175 47 prevent
422 1102 114 53 them
562 1102 113 53 from
698 1102 246 53 stumbling.
969 1101 72 54 He
1063 1102 85 53 had
1170 1101 107 54 been

226 1164 109 42 their
371 1164 140 42 friend
546 1165 113 41 since
695 1165 99 53 they
829 1165 77 53 left
941 1165 146 53 Egypt
1129 1163 147 55 (v:4).

227 1228 49 40 In
298 1228 72 40 the
395 1228 243 41 wilderness
665 1228 71 41 He
759 1228 84 42 had
868 1228 157 42 known
1051 1227 116 43 them
1192 1226 84 44 and

226 1290 220 42 furnished
467 1290 114 42 them
604 1290 102 42 with
728 1304 131 39 green
880 1295 172 48 pasture
1082 1288 194 55 (v:5-6).

226 1354 84 40 But
331 1353 72 41 the
424 1353 129 42 bread
576 1353 112 42 from
712 1352 162 43 heaven
896 1353 86 42 and
1006 1358 133 37 water
1163 1352 111 43 from

226 1417 70 40 the
327 1416 169 41 smitten
529 1416 100 41 rock
661 1415 84 42 had
760 1415 117 53 'only
906 1415 113 53 tilled
1049 1412 110 56 their
1191 1420 85 48 sto¬

225 1477 143 42 machs
396 1478 83 42 and
505 1478 185 43 satisfied
716 1476 111 45 their
851 1479 190 52 hunger;
1068 1477 99 54 they
1192 1476 84 55 had

227 1540 77 41 left
340 1554 56 28 no
433 1540 306 54 thanksgiving
777 1541 42 53 in
857 1541 111 53 their
1004 1540 155 54 hearts,
1198 1553 79 41 nor

226 1617 188 41 memory
436 1603 46 55 of
504 1603 94 55 God
620 1604 41 54 in
683 1602 110 56 their
814 1603 256 55 conscience.

692 1697 262 54 "Therefore
975 1697 87 54 will
1081 1699 24 52 I
1127 1698 49 53 be
1197 1712 78 39 un~

227 1761 98 41 The
355 1760 221 42 Sentence
695 1767 41 36 to
770 1761 113 42 them
915 1774 48 29 as
994 1761 69 42 the
1095 1761 101 50 Hon,
1229 1774 46 37 as

315 1823 312 42 Pronounced,
694 1836 26 29 a
759 1823 173 52 leopard
973 1823 54 53 by
1069 1822 71 54 the
1178 1836 96 40 way

692 1885 86 42 will
803 1886 24 41 I
856 1886 175 41 observe
1060 1885 136 42 them:
1252 1885 24 42 I

223 1946 87 43 will
339 1954 111 35 meet
479 1948 115 41 them
624 1961 47 28 as
700 1961 26 28 a
756 1948 99 41 bear
882 1946 93 44 that
1002 1947 39 43 is
1070 1947 207 43 bereaved

226 2010 47 53 of
299 2011 75 52 her
400 2010 175 53 whelps,
604 2010 84 53 and
714 2011 25 52 I
765 2009 87 54 will
877 2011 106 52 rend
1011 2009 71 54 the
1109 2009 94 54 caul
1230 2010 47 53 of

227 2072 106 44 their
365 2073 143 43 hearts
538 2072 85 44 and
654 2072 117 44 there
798 2071 89 45 will
914 2073 24 43 I
968 2073 164 43 devour
1162 2072 115 44 them

225 2135 81 42 like
333 2149 26 28 a
385 2135 110 43 lion:
526 2136 69 42 the
621 2134 102 44 wild
752 2135 116 43 beast
893 2134 109 44 shall
1029 2140 92 38 tear
1150 2134 127 44 them.

230 2198 52 51 0,
315 2198 147 51 Israel,
498 2198 103 51 thou
636 2196 96 53 hast
765 2196 223 53 destroyed
1023 2195 171 54 thyself.
1255 2196 26 53 I
