1500 2500
337 263 99 28 LIFE
463 263 91 29 AND
580 265 267 29 PROPHECIES
874 266 54 28 OP
953 266 151 29 HOSEA.

273 388 88 41 But
383 388 117 42 there
525 403 72 27 are
620 390 158 41 certain
802 390 173 53 leading
996 390 115 53 ideas
1135 389 140 54 which

221 451 124 41 stand
381 459 74 34 out
489 451 42 42 in
566 452 99 41 bold
701 453 133 41 relief.
898 454 140 40 These
1071 468 64 27 we
1168 453 107 42 shall

219 519 178 48 attempt
422 520 45 47 to
492 520 109 47 treat
628 515 41 52 in
694 515 73 52 the
789 516 128 51 order
941 517 44 50 in
1010 516 141 51 which
1175 516 100 52 they

220 590 126 28 occur
369 577 43 41 in
433 577 72 41 the
529 578 219 41 narration
769 578 104 41 with
896 578 75 42 but
993 580 106 43 little
1121 577 154 54 regard

220 645 45 35 to
290 639 112 41 their
431 639 152 54 logical
615 653 218 40 sequence,
865 640 216 53 grouping
1110 640 165 53 around

220 702 115 40 them
361 716 116 27 some
504 703 48 42 of
577 702 72 43 the
676 702 140 43 minor
843 702 218 53 thoughts,
1089 703 103 52 with
1220 715 54 40 an

222 765 137 41 added
383 765 120 42 word
528 778 115 39 upon
667 765 72 52 the
762 778 117 39 more
904 765 241 52 prominent
1170 765 106 52 ethi¬

222 827 62 41 cal
311 829 83 40 and
423 827 205 42 doctrinal
654 826 153 54 points.
863 827 105 53 This
994 828 85 52 will
1105 828 95 52 lead
1225 840 50 40 us

223 889 186 53 through
446 890 175 52 devious
657 889 123 53 paths
816 892 84 50 and
936 890 107 52 fetid
1077 902 197 40 swamps,

224 952 75 41 but
330 952 142 52 finally
502 952 90 52 into
624 966 24 38 a
678 952 219 53 gladsome
929 953 99 52 land
1060 952 217 53 illumined

223 1015 55 51 by
305 1014 70 52 the
404 1014 188 54 glorious
622 1014 219 54 prophetic
869 1015 110 53 light
1004 1015 50 53 of
1080 1029 25 39 a
1131 1014 145 54 nation

226 1077 234 42 reconciled
490 1083 45 36 to
567 1077 107 42 God.
736 1077 93 42 The
861 1077 224 54 following
1114 1076 162 55 themes

226 1139 83 41 and
333 1138 203 54 thoughts
559 1140 86 52 will
667 1153 97 39 pass
786 1139 147 53 before
955 1154 50 38 us
1030 1143 69 49 for
1120 1154 25 38 a
1167 1138 110 54 brief

226 1202 175 41 review:
464 1201 74 54 (i)
573 1202 92 53 The
693 1203 142 52 Moral
859 1202 87 53 and
973 1201 192 54 Political
1193 1203 84 52 De¬

226 1278 76 38 cay
322 1263 48 53 of
389 1265 70 51 the
481 1264 160 52 Nation
669 1264 161 53 (iv-x).
887 1264 73 54 (2)
988 1265 94 53 The
1102 1265 176 53 Father¬

228 1326 125 51 hood,
391 1325 117 52 Love
544 1327 83 50 and
664 1326 240 53 Humanity
940 1327 48 52 of
1024 1327 96 52 God
1162 1326 115 54 (xi).

236 1388 73 53 (3)
352 1389 42 52 A
432 1389 233 53 Catalogue
702 1389 48 53 of
787 1389 163 53 Crimes
994 1391 130 51 (xii).
1196 1389 74 53 (4)

228 1449 310 55 Threatenings
564 1452 83 52 and
675 1452 214 52 Promises
922 1451 242 54 (xiii-xiv).
1198 1450 74 55 (5)

229 1514 265 53 Knowledge
521 1514 70 53 the
617 1514 123 53 Basis
767 1514 47 53 of
839 1515 280 52 Repentence.

717 1671 74 54 (1)

231 1756 98 41 The
368 1756 149 41 Moral
553 1757 91 40 and
681 1755 209 42 Political
930 1756 155 52 Decay
1121 1756 48 52 of
1205 1756 77 52 the

665 1818 184 41 Nation.

615 1881 147 41 Hosea
790 1880 106 43 iv-x.

288 1944 240 53 Following
564 1943 72 54 the
672 1943 98 54 plan
807 1941 191 56 outlined
1035 1941 146 56 above,
1219 1953 65 44 we

234 2020 96 29 now
370 2020 118 29 come
527 2012 45 37 to
608 2006 94 43 that
740 2010 95 47 part
874 2004 48 53 of
958 2003 73 54 the
1068 2002 215 55 prophet's

233 2070 171 41 treatise
438 2068 139 44 which
611 2067 77 45 has
726 2081 44 31 as
807 2068 54 44 its
896 2075 114 37 most
1043 2065 244 54 prominent

233 2132 184 53 thought
435 2132 74 53 the
528 2131 136 54 moral
686 2129 81 56 and
789 2128 185 57 political
995 2126 131 59 decay
1148 2126 48 59 of
1215 2126 70 59 the

232 2195 158 42 nation.
442 2194 93 43 The
556 2192 150 45 thread
727 2191 47 46 of
794 2191 73 46 the
889 2191 217 46 discourse
1128 2190 35 47 is
1184 2188 101 49 bad-
