1500 2500
376 266 97 27 LIFE
501 264 88 29 AND
616 259 263 34 PROPHECIES
905 259 53 34 OF
985 256 151 37 HOSEA.

215 394 167 53 thyself,
410 394 73 53 but
507 391 44 56 in
576 404 69 43 me
667 389 39 58 is
732 388 72 59 thy
832 384 135 63 help."
1023 383 51 64 "I
1099 380 87 67 will
1211 381 50 66 be

214 458 72 51 thy
316 455 144 54 king."
517 454 51 55 "I
595 451 88 58 will
709 462 171 47 ransom
907 448 116 61 them
1048 446 117 63 from
1192 442 72 67 the

215 530 144 41 power
387 517 50 54 of
463 517 68 54 the
559 527 156 44 grave;
741 513 26 58 I
806 510 88 61 will
935 510 172 61 redeem
1149 505 114 66 them

218 583 114 49 from
363 578 164 54 death."

765 635 144 39 Amos
944 631 89 43 had
1067 625 200 49 shocked

218 708 157 37 Hosea
411 701 219 52 Grapples
769 698 89 55 and
891 694 128 59 awed
1066 691 76 62 the
1191 701 76 52 na~

234 767 129 40 With
379 766 75 41 the
472 763 234 44 Problems
764 759 95 48 tion
894 757 62 51 by
988 756 70 52 his
1093 750 174 58 rugged

371 827 83 40 left
468 827 62 50 by
545 825 154 52 Amos,
759 820 160 57 daring
950 818 87 59 and
1068 815 108 62 bold
1207 813 62 64 ef¬

773 884 216 48 frontery.
1076 878 43 54 It
1176 888 95 44 was

223 953 71 39 the
319 951 173 41 mission
516 949 51 43 of
590 949 146 43 Hosea
762 951 45 41 to
829 945 52 47 be
905 943 98 49 "the
1027 937 243 55 persuasive

224 1014 200 52 preacher
446 1011 47 55 of
518 1007 356 59 righteousness."
926 1004 94 62 The
1044 1003 228 63 Do^mster

226 1077 47 40 of
299 1075 130 42 Israel
458 1073 83 44 had
570 1071 158 52 spoken
757 1070 84 53 and
869 1064 288 59 disappeared.
1187 1061 83 62 His

228 1136 301 54 proclamation
553 1136 120 54 hung
693 1128 270 62 threatening
982 1139 104 51 over
1104 1125 74 65 the
1197 1135 77 55 na¬

230 1201 184 47 tion,—a
447 1196 167 52 sphinx,
649 1208 25 40 a
708 1192 134 56 riddle
875 1190 92 58 that
1000 1188 143 60 would
1175 1184 100 64 only

229 1261 110 51 yield
364 1260 52 52 its
441 1259 82 53 tale
546 1264 47 48 to
614 1257 105 55 love.
772 1255 148 57 Hosea
944 1248 222 64 furnished
1191 1246 85 66 this

234 1324 189 40 element.
485 1321 72 43 He
588 1317 189 47 affirmed
811 1315 92 49 that
936 1314 119 50 Love
1086 1323 88 41 was
1208 1320 68 44 su¬

235 1385 140 52 perior
409 1389 45 48 to
490 1382 126 55 Law;
667 1379 53 58 he
769 1376 174 61 assured
992 1376 118 61 them
1173 1371 105 66 that,

234 1446 163 51 though
425 1445 69 52 the
522 1441 147 56 people
697 1453 112 44 were
838 1437 181 60 doomed
1045 1436 55 61 by
1130 1445 149 52 reason

234 1509 47 40 of
307 1507 108 42 their
443 1503 299 47 immoralities,
770 1506 70 44 yet
867 1498 263 52 redemption
1158 1492 123 58 could

237 1573 50 38 be
311 1569 171 42 worked
506 1571 75 40 out
605 1565 55 50 by
685 1577 23 38 a
733 1574 168 41 process
929 1560 88 55 just
1042 1570 45 45 as
1113 1568 169 47 reason¬

239 1632 89 40 able
355 1643 44 29 as
426 1630 89 42 that
539 1628 55 49 by
619 1624 138 53 which
785 1622 108 55 their
918 1623 126 54 doom
1070 1620 85 57 had
1177 1618 105 59 been

239 1693 122 40 made
377 1690 231 46 imminent,
628 1691 248 47 repentance
894 1683 83 55 and
994 1682 77 56 leal
1089 1681 106 57 love.
1214 1678 72 60 He

244 1755 35 39 is
317 1753 74 41 the
430 1749 256 53 evangelical
741 1746 202 56 prophet;
998 1742 165 60 indeedl,
1218 1740 66 62 liis

242 1815 218 50 teachings
485 1813 111 52 form
619 1810 72 55 the
710 1809 111 56 basis
843 1806 49 59 of
911 1805 73 60 the
1006 1804 109 61 New
1138 1803 150 62 Testa¬

244 1886 114 34 ment
383 1875 190 45 doctrine
596 1873 48 47 of
668 1883 139 41 grace.

628 1940 195 50 Though
849 1939 144 51 Amos
1019 1936 89 54 and
1135 1934 157 56 Hosea

247 2010 160 43 Points
436 2008 48 45 of
622 2017 75 36 are
720 2002 151 51 unlike
895 2000 46 53 in
965 2011 137 42 many
1123 1995 170 58 things,

305 2069 258 51 Similarity,
621 2065 91 55 still
741 2064 125 56 there
896 2075 73 45 are
999 2072 136 48 many
1161 2055 134 65 strik¬

635 2128 80 52 ing
748 2125 151 55 points
935 2122 48 58 of
1018 2121 195 59 likeness
1250 2116 44 64 in

251 2196 109 42 their
394 2192 206 52 writings,
636 2189 183 55 notably,
854 2186 109 58 their
997 2182 194 62 aversion
1226 2179 70 65 for
