1500 2500
224 289 24 33 4
254 278 22 44 6
389 275 98 47 LIFE
513 276 89 46 AND
629 273 264 49 PROPHECIES
919 277 56 45 OF
1000 276 151 46 HOSBA.

227 400 266 40 civilization.
583 402 88 39 Not
728 414 81 27 one
852 407 126 35 event
1020 399 49 43 of
1113 398 164 51 history

227 463 133 48 aione,
394 463 74 48 but
500 463 43 48 in
577 476 81 35 one
689 463 99 48 bold
821 467 225 44 statement
1076 461 58 50 he
1161 473 116 38 sum¬

226 524 175 40 marizes
423 525 70 39 the
513 524 136 41 whole
670 524 161 51 history
851 524 48 51 of
918 523 71 52 the
1009 522 109 53 tribe
1138 521 139 54 which

227 585 134 40 found
386 586 51 41 its
466 592 270 45 counterpart
762 586 43 51 in
832 586 91 51 that
949 584 46 53 of
1020 584 71 53 the
1116 582 160 55 nation.

227 648 75 39 Dr.
332 647 173 41 Smith's
533 648 248 40 translation
808 647 46 42 of
880 646 83 43 this
992 651 224 38 statement
1243 644 34 45 is

227 723 44 25 as
308 709 188 40 follows:
566 709 269 41 "Whenever
888 708 206 52 Ephraim
1148 707 131 53 spake

228 771 117 40 there
372 785 86 27 was
488 771 248 51 trembling:
766 770 156 52 Prince
946 783 88 39 was
1061 769 55 53 he
1143 769 43 53 in
1215 768 65 54 Is¬

227 833 87 39 rael
329 847 8 34 ;
373 833 75 48 but
481 833 53 48 he
568 832 71 49 fell
675 833 89 48 into
796 832 108 52 guilt
935 831 190 53 through
1160 830 118 54 Ba'al

228 895 82 39 and
339 895 241 40 so—died."

393 989 332 50 Threatenings
754 990 89 49 and
873 989 242 50 Promises.

698 1070 94 40 The
857 1068 231 54 foregoing
1152 1072 126 50 state-

228 1134 132 40 Basis
381 1134 48 40 of
688 1138 116 36 ment
832 1132 35 42 is
897 1145 25 29 a
948 1130 111 44 brief
1086 1129 185 54 philoso-

326 1196 98 40 The
448 1197 163 40 Doom.
690 1194 87 52 phy
803 1194 48 52 of
877 1194 73 52 the
977 1193 82 53 rise
1086 1192 84 54 and
1198 1190 74 56 fall

697 1256 47 39 of
765 1255 70 41 the
856 1255 158 51 nation,
1037 1255 84 51 and
1143 1254 134 52 forms

230 1320 69 39 the
324 1320 111 40 basis
462 1319 46 41 of
534 1319 70 41 the
630 1319 127 41 doom
781 1319 91 41 that
895 1317 35 43 is
955 1323 45 37 to
1024 1317 157 43 follow.
1237 1314 40 46 It

228 1389 127 32 states
382 1382 70 39 the
476 1394 125 27 cause
626 1380 47 41 of
699 1379 138 42 which
862 1379 71 42 the
957 1391 142 30 verses
1126 1384 47 37 to
1196 1376 81 45 fol¬

228 1445 79 39 low
336 1444 84 41 will
448 1443 98 52 give
573 1443 71 52 the
672 1442 138 53 effect.
867 1441 140 54 There
1032 1441 36 54 is
1096 1439 180 56 nothing

228 1519 116 26 more
369 1505 168 51 pitiable
560 1506 102 50 than
684 1504 70 52 the
778 1502 115 54 sight
916 1502 47 54 of
986 1516 25 40 a
1033 1507 121 49 great
1176 1513 100 43 man

228 1568 126 39 fallen
382 1567 111 40 from
519 1581 23 26 a
567 1566 104 52 high
697 1565 186 53 pedestal
910 1563 47 55 of
980 1563 188 55 prestige
1192 1561 84 57 and

227 1643 154 37 power.
432 1631 62 49 As
517 1628 101 52 with
641 1641 25 39 a
686 1640 111 40 man,
822 1640 48 40 so
891 1625 103 55 with
1016 1639 24 41 a
1061 1624 215 56 nation,—

224 1692 72 39 the
322 1691 127 51 depth
476 1690 49 52 of
548 1690 71 52 the
646 1689 75 53 fall
746 1702 77 40 can
849 1688 100 54 only
975 1687 52 55 be
1051 1685 223 57 measured

224 1754 53 50 by
300 1753 70 51 the
395 1752 146 52 height
565 1750 47 54 of
635 1751 160 53 former
818 1750 135 54 glory.
1008 1747 157 57 Others
1187 1746 87 58 had

224 1814 204 40 trembled
464 1814 122 40 when
624 1812 205 52 Ephraim
866 1811 152 53 spake;
1054 1811 75 53 but
1164 1808 110 56 their

225 1876 215 39 irrational
465 1875 82 40 and
573 1873 396 52 God-dishonoring
991 1872 182 53 conduct
1197 1870 76 55 has

225 1952 94 26 now
351 1937 145 51 placed
526 1937 114 51 them
671 1942 42 46 at
744 1935 70 53 the
845 1935 85 53 feet
958 1933 50 55 of
1035 1933 111 55 their
1177 1944 96 44 ene¬

223 2000 117 39 mies.
405 2000 116 39 Four
555 1999 157 50 figures
749 2010 72 39 are
857 1996 219 53 employed
1111 1994 55 55 by
1200 1992 72 57 the

223 2060 178 52 prophet
438 2066 45 46 to
520 2059 160 53 exhibit
716 2058 111 54 their
864 2057 280 55 destruction:
1190 2053 74 59 (i)

224 2123 91 40 The
349 2121 197 51 morning
580 2121 123 51 cloud
750 2120 83 52 and
889 2118 73 54 (2)
1014 2117 117 55 early
1179 2116 92 56 dew

230 2183 150 53 (J3:3)
420 2181 277 55 characterize
728 2183 70 53 the
827 2180 204 56 transient
1060 2178 82 58 and
1174 2190 97 46 eva-
