1537 2522
401 264 99 28 LIFE
527 265 88 28 AND
641 266 265 30 PROPHECIES
933 268 54 28 OF
1013 267 150 31 HOSEA.

235 387 71 40 the
334 389 133 40 revolt
494 398 42 34 at
563 390 208 42 Shechem
798 392 132 42 Israel
959 407 86 28 was
1074 394 139 53 guilty
1238 393 50 54 of

236 461 79 28 one
347 450 184 50 political
565 452 178 48 blunder
775 454 112 46 after
919 455 190 45 another.
1171 457 115 43 Dur¬

235 510 75 51 ing
340 511 70 50 the
439 521 82 42 250
550 526 121 38 years
703 515 48 49 of
779 516 71 48 the
880 517 243 53 kingdom's
1155 519 129 51 exist¬

236 584 110 36 ence,
381 580 74 40 not
489 588 25 32 a
547 575 135 53 single
715 579 115 50 good
862 579 104 53 king
1001 581 178 51 wielded
1213 582 71 50 the

235 635 115 49 royal
383 641 173 46 scepter.
620 638 39 49 It
691 652 87 35 was
811 642 282 52 conspicuous
1129 642 69 52 for
1230 644 52 50 its

234 695 180 53 idolatry
449 698 84 50 and
569 701 248 53 entangling
850 703 209 51 alliances.
1125 706 51 48 In
1212 706 70 48 the

230 758 185 42 national
438 759 73 41 life
534 761 45 40 of
601 762 130 41 Israel
754 764 119 41 there
894 778 70 28 are
989 766 97 43 four
1109 768 169 52 periods

229 818 91 43 that
340 821 121 42 stand
480 829 74 34 out
574 823 107 42 clear
702 826 82 40 and
804 827 126 53 plain,
952 828 100 52 each
1073 830 46 50 of
1139 831 140 49 which

230 880 33 39 is
292 882 173 42 marked
491 884 53 51 by
573 884 70 51 the
671 892 149 48 strong
847 890 256 54 personality
1133 893 47 51 of
1206 892 72 52 the

228 959 108 35 most
359 956 237 50 prominent
618 957 104 56 king
744 959 44 54 of
810 960 91 53 that
922 963 159 53 period.
1133 966 50 50 In
1205 967 71 49 the

226 1024 90 42 first
343 1028 146 49 period
515 1029 71 48 the
613 1038 109 39 most
749 1035 279 52 conspicuous
1054 1037 107 54 king
1185 1052 88 39 was

225 1096 237 53 Jeroboam,
521 1101 68 48 the
646 1105 203 51 revolter;
907 1108 42 48 in
990 1108 72 48 the
1103 1111 169 49 second,

225 1167 137 52 Ahab,
389 1171 71 48 the
486 1174 161 45 wicked
673 1176 126 54 king;
828 1179 42 51 in
895 1179 72 51 the
991 1181 129 52 third,
1148 1184 123 53 Jehu,

224 1243 230 42 somewhat
477 1245 48 41 of
546 1261 25 26 a
595 1247 219 53 reformer,
838 1253 85 47 and
946 1253 43 47 in
1013 1255 72 45 the
1109 1255 161 51 fourth,

225 1312 155 53 Pekah,
405 1317 70 48 the
499 1321 116 50 royal
640 1322 195 49 assassin.
889 1326 172 55 During
1084 1329 71 52 the
1178 1330 92 51 first

222 1386 157 52 period,
409 1388 181 58 idolatry
616 1394 102 52 took
747 1403 106 44 root,
883 1398 148 49 Bethel
1059 1402 85 45 and
1172 1402 97 45 Dan

220 1471 116 28 came
366 1460 90 42 into
484 1465 292 52 prominence;
808 1469 157 55 during
994 1472 74 52 the
1097 1477 169 49 second,

220 1529 31 40 it
277 1544 86 28 was
390 1533 42 39 in
461 1534 76 41 full
564 1536 140 42 bloom
729 1541 135 41 under
888 1542 73 42 the
987 1544 167 44 furious
1181 1548 84 43 and

222 1600 197 45 fanatical
457 1606 170 55 leading
665 1611 47 50 of
750 1611 178 53 Jezebel,
970 1616 100 48 wife
1108 1619 48 45 of
1194 1620 71 44 the

219 1672 124 55 king;
377 1677 156 55 during
563 1679 69 53 the
662 1682 126 50 third,
820 1685 33 47 it
882 1701 86 31 was
1000 1688 96 46 held
1127 1704 137 30 some¬

216 1745 113 42 what
359 1747 41 40 in
430 1749 207 53 abeyance
666 1754 187 55 through
881 1757 71 52 the
980 1758 207 51 influence
1216 1764 48 45 of

214 1816 70 41 the
311 1821 212 50 prophets.
581 1824 91 47 The
700 1828 165 53 rugged
894 1830 143 53 Elijah
1064 1834 198 49 flourish¬

216 1890 50 40 ed
297 1890 109 42 here.
465 1894 170 54 During
662 1897 71 51 the
763 1899 146 49 fourth
938 1904 159 51 period,
1126 1908 135 47 idola¬

214 1965 66 47 try
304 1963 212 51 produced
540 1967 52 47 its
616 1972 165 42 natural
805 1971 116 55 fruit,
946 1975 71 51 the
1040 1983 112 43 utter
1176 1980 84 46 dis¬

215 2033 179 43 solution
419 2038 82 40 and
526 2039 257 46 destruction
806 2044 48 42 of
878 2045 70 44 the
971 2047 220 56 kingdom.
1219 2054 39 49 It

213 2104 33 41 is
272 2105 72 42 the
370 2108 182 53 political
580 2111 90 50 side
697 2114 47 47 of
771 2116 83 45 this
883 2118 81 43 last
989 2122 149 51 period
1165 2125 93 48 that

211 2189 98 32 now
330 2192 143 42 passes
496 2182 146 52 before
663 2199 50 35 us
739 2187 68 47 for
828 2202 26 32 a
875 2190 111 45 brief
1008 2196 170 44 review.
