1500 2500
399 275 97 27 LIFE
524 273 88 29 AND
638 269 265 33 PROPHECIES
931 268 53 34 OF
1010 265 151 37 HOSEA.

293 395 93 41 God
419 407 186 29 answers
640 392 82 44 this
756 390 208 46 beautiful
998 401 167 41 prayer,
1200 387 86 55 and

237 470 165 27 assures
432 456 113 41 them
574 455 91 42 that
695 455 54 42 he
777 454 75 43 has
882 467 57 30 no
968 452 109 45 faith
1107 452 43 45 in
1180 451 105 46 such

236 519 80 40 idle
342 518 152 41 words.
549 517 120 51 They
693 516 84 52 had
801 515 122 53 made
949 519 104 49 such
1077 513 208 55 promises

236 580 146 40 before
417 579 82 41 and
536 579 70 41 He
642 578 252 42 remembers
931 576 110 44 their
1075 574 210 46 backslid-

237 642 94 51 ings
363 641 48 52 of
441 641 81 52 old.
586 640 60 53 So
677 640 70 53 He
780 640 118 53 cries,
932 639 102 54 "Oh
1062 639 222 54 Ephriam,

238 704 114 40 what
380 703 107 41 shall
516 704 24 40 I
571 703 52 41 do
653 708 102 36 unto
788 702 122 42 thee?
967 701 24 43 *
1051 701 23 43 *
1133 700 24 44 *
1215 701 72 53 for

236 777 108 40 your
371 764 212 53 goodness
611 764 37 53 is
677 778 47 39 as
753 778 25 39 a
805 764 201 53 morning
1035 765 136 52 cloud,
1201 763 85 54 and

240 840 45 27 as
324 827 68 40 the
430 827 113 51 early
581 827 93 51 dew
709 826 34 52 it
777 827 131 51 goeth
943 826 161 52 away."
1170 823 115 55 Such

235 888 131 51 cheap
388 888 263 51 sentimental
674 893 261 46 repentance,
958 887 103 52 such
1083 886 109 53 light
1213 898 72 41 ap¬

238 950 228 52 preciation
495 963 87 39 was
613 962 54 40 an
695 949 158 53 unholy
880 949 108 53 odor
1017 949 42 53 in
1086 948 73 54 the
1186 960 98 42 nos¬

236 1011 90 40 trils
346 1011 48 41 of
413 1010 203 53 Jehovah.
638 1012 86 51 For
745 1011 71 52 He
836 1011 183 52 desireth
1037 1024 143 39 mercy
1199 1012 83 51 and

237 1073 117 40 truth
383 1074 83 40 and
494 1079 73 35 not
596 1072 197 51 sacrifice,
822 1073 84 50 and
933 1073 71 50 the
1032 1072 251 52 knowledge

238 1134 47 41 of
314 1135 94 41 God
436 1148 118 28 more
581 1135 103 41 than
713 1135 128 41 burnt
867 1134 223 52 offerings.

706 1248 140 41 There
883 1262 79 27 can
1000 1249 52 40 be
1090 1263 58 27 no
1183 1249 102 41 mis-

235 1311 137 40 Israel
403 1312 216 40 Doomed.
703 1311 337 51 understanding
1103 1310 48 52 of
1213 1310 72 52 the

704 1372 201 52 meaning
930 1375 87 49 and
1043 1377 170 47 portent
1240 1371 48 53 of

240 1433 69 40 the
336 1434 132 39 above
492 1434 131 51 signs.
678 1433 92 52 The
796 1434 178 52 reading
1000 1435 34 51 is
1062 1433 115 53 plain
1203 1433 84 53 and

241 1495 71 39 the
351 1495 318 51 interpretation
710 1508 109 38 sure.
889 1496 40 50 It
970 1497 34 49 is
1043 1499 73 47 the
1156 1496 131 50 Mene

240 1556 128 39 Tekel
395 1556 46 40 of
466 1556 70 40 the
561 1556 157 40 nation.
773 1556 210 51 Impurity
1009 1556 43 51 in
1062 1556 89 51 "the
1177 1556 108 51 fam¬

240 1617 68 51 ily,
336 1617 254 51 immorality
617 1618 41 50 in
686 1617 68 51 the
781 1617 258 52 priesthood,
1065 1617 113 52 theft
1203 1618 84 51 and

241 1679 172 40 murder
461 1679 42 40 in
552 1679 170 51 society,
773 1678 264 52 debauchery
1098 1693 57 37 on
1215 1678 74 52 the

241 1740 172 39 throne!
474 1741 71 40 No
573 1740 144 41 nation
747 1754 76 27 can
852 1740 205 41 maintain
1088 1741 52 40 its
1171 1753 117 39 pres¬

242 1801 86 52 tige
357 1802 157 51 abroad
545 1801 101 52 with
677 1802 102 51 such
809 1802 237 51 conditions
1076 1808 44 45 at
1150 1803 137 50 home.

298 1862 91 40 The
418 1863 178 51 prophet
624 1876 96 38 now
756 1862 156 52 (vii:9)
948 1862 143 52 makes
1122 1877 25 37 a
1172 1869 116 45 tran¬

244 1924 138 47 sition,
416 1924 136 47 leaves
587 1924 63 47 off
681 1924 269 52 considering
981 1925 72 51 the
1085 1925 204 51 domestic

243 1985 213 41 condition
482 1985 83 41 and
590 1985 200 52 proceeds
816 1991 45 46 to
885 1986 68 51 lay
978 1988 101 49 bare
1103 1988 72 49 the
1200 1988 89 49 for¬

246 2047 95 51 eign
374 2047 81 51 and
488 2046 182 52 political
704 2046 212 52 condition
946 2049 51 49 of
1027 2048 72 50 the
1130 2049 158 49 nation.

299 2108 135 41 Verse
466 2108 115 52 eight
611 2108 48 52 of
690 2108 172 52 chapter
892 2122 126 38 seven
1051 2109 134 51 forms
1217 2110 73 50 the

245 2169 249 53 connecting
513 2170 88 52 link
621 2170 187 52 between
828 2170 117 52 these
964 2179 87 43 two
1068 2172 222 53 thoughts,
