1500 2500
350 257 99 28 LIFE
476 258 90 28 AND
592 259 267 30 PROPHECIES
886 261 54 28 OP
965 261 151 29 HOSEA.

1258 275 23 36 9

232 384 225 43 "Violated
492 386 81 42 law
609 394 201 35 reasserts
859 388 113 41 itself
1020 389 45 40 in
1111 388 174 53 punish¬

229 454 138 44 ment;
398 448 72 50 the
498 450 149 52 people
673 450 110 52 have
810 451 185 51 violated
1024 452 93 51 law,
1146 451 138 52 there¬

230 510 93 41 fore
346 511 99 52 they
467 519 115 44 must
605 513 176 50 suffer,"
805 514 34 49 is
862 514 73 49 the
958 528 169 35 essence
1148 514 47 49 of
1217 515 64 48 his

230 573 203 42 doctrine.

284 636 148 41 Hosea
457 637 35 40 is
519 636 135 42 better
679 644 252 35 conversant
956 639 103 41 with
1083 639 71 41 the
1177 644 104 36 tem¬

228 705 219 45 perament
473 700 49 50 of
551 699 65 51 his
642 700 123 50 fickle
792 701 82 49 and
903 702 191 48 unstable
1120 703 160 50 people.

231 761 242 50 Moreover,
505 762 52 49 he
588 761 75 50 has
694 763 83 48 had
808 777 25 34 a
860 769 109 42 taste
997 764 49 47 of
1076 765 93 46 love
1200 764 82 47 and

227 823 147 41 knows
399 823 116 44 what
539 824 32 43 it
595 825 47 42 is.
695 825 82 42 His
801 832 121 46 great
945 826 193 53 swelling
1160 826 121 53 heart

226 886 48 40 of
299 886 95 41 love
420 893 192 46 prompts
640 886 72 53 the
738 887 109 52 hope
874 887 47 52 of
949 894 250 46 repentance
1226 888 55 52 by

227 947 139 42 which
391 949 262 52 redemption
677 950 143 51 would
842 950 50 51 be
915 963 110 38 sure.

283 1010 70 40 He
378 1010 84 42 had
488 1011 171 42 learned
684 1012 97 41 how
806 1017 45 36 to
875 1011 189 53 forgive:
1089 1013 92 51 that
1207 1026 71 38 ex¬

226 1072 193 52 perience
439 1073 193 51 becomes
654 1073 71 51 the
744 1074 111 50 basis
876 1074 46 50 of
942 1075 65 49 his
1029 1076 159 51 gospel.
1210 1074 70 53 He

228 1135 243 52 recognizes
504 1136 71 51 the
606 1136 121 52 reign
756 1135 50 53 of
836 1136 103 52 law;
971 1137 74 51 but
1077 1138 31 50 it
1140 1138 33 50 is
1205 1143 73 45 not

227 1209 209 39 supreme.
503 1197 122 51 With
661 1197 88 51 him
798 1198 95 50 love
943 1199 34 49 is
1029 1212 250 39 supreme—

225 1258 110 41 rules
361 1257 72 42 the
456 1259 147 41 world.
657 1260 117 41 Love
800 1260 133 41 forms
957 1261 72 40 the
1052 1261 155 41 climax
1231 1259 46 43 of

224 1320 66 41 his
325 1321 212 52 speeches.
599 1320 136 53 Aimos
768 1322 200 52 preaches
1001 1331 46 43 to
1076 1323 72 51 the
1180 1336 98 38 con¬

225 1383 175 40 science.
454 1384 70 40 He
545 1384 146 40 makes
715 1390 74 34 out
812 1398 25 26 a
860 1383 169 43 terrible
1050 1384 71 42 bill
1144 1384 48 42 of
1214 1385 58 41 in¬

224 1445 203 41 dictment
454 1445 167 53 against
648 1446 71 52 the
744 1446 170 52 people;
940 1447 77 51 but
1042 1447 142 51 makes
1211 1446 65 52 lit¬

223 1507 54 40 tle
302 1507 128 41 effort
453 1513 45 35 to
519 1508 94 41 lead
634 1509 117 40 them
772 1514 46 35 to
840 1514 260 46 repentance.
1128 1509 146 51 Grace,

221 1569 96 42 love
338 1569 85 42 and
443 1583 145 41 mercy
608 1583 155 41 appear
786 1570 42 54 in
850 1570 64 54 his
938 1571 225 53 prophecy,
1187 1572 31 52 it
1239 1571 34 53 is

220 1637 117 44 true;
364 1632 75 49 but
464 1632 104 49 with
593 1632 73 49 the
690 1632 128 49 belief
842 1631 91 50 that
957 1632 100 53 they
1081 1634 109 51 have
1216 1633 58 52 al¬

221 1695 129 51 ready
376 1694 104 52 been
509 1694 257 52 exhausted:
793 1694 139 52 "You,
959 1695 133 51 alone,
1119 1694 108 52 have
1252 1694 21 52 I

219 1757 156 41 known
396 1756 47 42 of
462 1757 53 41 all
536 1756 73 42 the
628 1756 179 42 families
828 1756 48 42 of
893 1756 71 42 the
984 1757 131 49 earth,
1136 1758 137 48 there¬

219 1817 94 42 fore
340 1819 86 41 will
456 1819 20 41 I
504 1819 100 41 visit
632 1831 113 40 upon
772 1832 85 39 you
884 1831 108 40 your
1019 1818 253 53 iniquities."

274 1881 147 41 Hosea
444 1881 35 41 is
503 1881 71 41 the
597 1881 201 53 preacher
820 1880 48 54 of
889 1887 261 47 repentance.
1189 1881 82 53 He,

219 1949 85 47 too,
333 1944 154 52 indicts
516 1943 73 53 the
616 1943 181 53 nations,
826 1957 170 39 accuses
1026 1944 71 52 the
1124 1944 148 52 people

217 2006 49 42 of
291 2005 72 43 the
391 2006 211 42 terriblest
630 2007 48 41 of
706 2006 223 50 sins,—sin
957 2006 170 53 against
1153 2006 118 53 love;

217 2075 69 46 yet
307 2068 120 53 there
447 2069 35 52 is
505 2068 132 53 hope;
659 2082 127 40 grace
807 2069 83 53 and
911 2071 165 51 pardon
1095 2082 72 40 are
1188 2067 83 55 still

219 2137 45 35 to
291 2131 52 41 be
374 2130 148 42 found.
583 2130 159 43 "Come
771 2131 85 42 and
885 2132 56 41 let
969 2145 53 28 us
1050 2139 148 35 return
1228 2138 42 36 to

216 2193 193 42 Jehovah
425 2194 26 41 "
511 2193 67 43 "O
611 2193 147 51 Israel,
790 2194 102 50 thou
921 2193 96 51 hast
1046 2195 225 53 destroyed
