1540 2524
405 257 98 30 LIFE
530 258 88 30 AND
645 261 263 29 PROPHECIES
936 263 53 29 OF
1014 263 151 31 HOSBA.

241 382 178 52 ganism,
455 384 68 50 for
554 385 117 49 there
705 387 33 47 is
772 400 56 34 no
861 388 111 46 basis
1008 390 69 44 for
1110 391 176 43 reform.

242 443 69 40 No
344 446 324 54 statesmanship
698 449 43 51 in
776 449 69 51 the
879 450 111 50 land,
1024 465 56 35 no
1112 452 175 53 preach¬

239 516 63 28 ers
338 506 48 40 of
424 506 519 53 righteousness.—From
978 516 172 43 whence
1187 528 98 40 may

238 578 63 28 we
341 573 148 46 expect
526 569 70 50 the
636 570 137 49 forces
812 572 91 47 that
942 575 189 44 reform?
1172 575 112 44 from

235 627 68 41 the
327 630 225 53 avenging,
577 633 187 52 purging
788 634 95 51 fires
906 638 49 47 of
978 638 196 47 affliction
1200 639 83 46 and

233 688 90 41 that
349 690 132 42 alone.
539 693 83 41 But
651 707 103 28 even
781 696 118 42 these
926 697 73 42 fail
1028 699 110 41 here.
1197 701 85 41 De¬

235 749 86 42 feat
354 751 83 41 and
474 752 374 54 impoverishment
881 759 86 47 had
1004 760 199 46 followed
1237 762 43 44 in

231 811 70 40 the
333 814 119 40 wake
485 815 45 40 of
563 816 109 41 their
706 818 125 42 social
866 824 258 50 corruption.
1185 824 95 50 The

232 872 201 53 kingdom
465 890 85 35 was
584 877 150 56 falling
764 888 119 45 apart
913 885 134 48 under
1080 885 70 48 the
1181 900 97 33 con¬

230 939 111 35 stant
395 936 263 56 hammering
712 942 48 50 of
815 943 70 49 the
939 958 161 41 enemy.
1185 948 91 51 The

231 996 122 40 death
388 997 184 43 sickness
608 1001 83 42 had
726 1004 168 55 already
931 1014 61 45 set
1026 1008 56 51 in.
1146 1008 129 55 Upon

229 1058 69 39 the
324 1058 115 42 brow
463 1061 49 39 of
536 1062 70 42 the
630 1065 144 40 nation
799 1066 71 41 the
894 1068 126 42 beads
1047 1070 48 42 of
1121 1086 24 26 a
1170 1072 103 41 fatal

229 1120 277 51 perspiration
545 1124 123 47 could
704 1139 96 32 now
838 1128 50 43 be
927 1144 110 28 seen.
1105 1133 167 44 "When

227 1180 203 52 Ephraim
462 1196 88 36 saw
582 1184 64 48 his
677 1188 186 44 sickness
895 1195 84 40 and
1010 1195 143 43 ludah
1183 1210 89 30 scew

225 1238 64 45 his
321 1244 154 41 "wound
507 1244 97 44 then
634 1257 112 34 went
776 1251 207 53 Ephraim
1015 1263 39 41 to
1089 1259 68 45 the
1188 1260 82 44 As¬

223 1303 140 51 syrian
392 1306 82 48 and
501 1315 93 39 sent
623 1316 38 38 to
692 1311 118 54 King
838 1313 137 52 Jareb.
1038 1318 79 47 Yet
1146 1321 123 44 could

227 1364 49 39 he
312 1372 73 33 not
423 1368 92 41 heal
550 1383 84 38 you
669 1386 80 35 nor
784 1388 98 33 cure
931 1390 85 40 you
1066 1381 46 51 of
1162 1396 108 38 your

221 1427 156 40 wound
392 1428 26 39 "
465 1429 130 43 What
616 1436 195 51 amazing
832 1440 256 52 perversity!
1137 1441 132 51 What

222 1491 283 39 monumental
537 1492 103 52 folly
670 1495 90 49 that
793 1511 24 33 a
846 1500 147 51 people
1024 1504 145 47 whose
1201 1516 66 35 so¬

223 1547 74 39 cial
337 1550 82 40 and
457 1553 182 50 political
678 1558 182 53 security
895 1559 85 52 trad
1033 1563 112 48 from
1195 1566 72 45 the

223 1609 119 40 dawn
380 1612 46 38 of
462 1612 160 54 history
659 1619 137 47 rested
833 1619 42 47 in
911 1622 109 44 their
1057 1633 210 45 separate-

220 1678 94 31 ness
349 1671 110 42 from
492 1674 119 41 other
642 1678 178 51 nations,
853 1682 152 47 should
1038 1700 98 29 now
1168 1691 97 40 seek

221 1732 100 39 such
354 1735 244 55 entangling
629 1739 216 51 alliances!

685 1854 94 44 God
815 1862 226 50 entreated,
1077 1868 187 48 warned,

214 1906 137 53 Light
368 1909 200 50 Hearted
683 1920 81 39 and
802 1920 246 47 threatened
1084 1927 70 42 the
1190 1941 74 28 na-

315 1970 298 53 Repentance.
682 1978 89 45 tion
831 1983 102 41 with
980 1989 170 42 terrible
1195 2003 69 29 ca¬

680 2039 190 45 lamities.
934 2046 69 42 He
1036 2052 143 40 would
1211 2053 51 40 be

217 2095 103 35 unto
352 2092 204 53 Ephraim
591 2098 72 47 "as
694 2114 25 31 a
750 2102 86 44 lion
868 2108 82 40 and
983 2123 47 28 as
1059 2126 25 28 a
1115 2127 145 42 young

216 2150 86 42 Hon
337 2159 40 35 to
416 2157 67 40 the
518 2157 131 44 house
686 2163 45 53 of
764 2164 183 52 Judah."
1012 2170 69 46 He
1117 2176 144 41 would
