1523 2514
348 282 100 30 LIFE
476 284 90 30 AND
593 287 267 32 PROPHECIES
887 291 55 29 OF
967 292 151 30 HOSEA.

227 410 69 42 for
324 412 54 42 all
409 412 113 43 time.
581 415 93 42 The
702 417 119 50 dark,
850 418 118 49 thick
994 419 124 54 night
1146 420 48 53 of
1223 421 63 52 Is¬

227 477 86 40 rael
336 475 85 42 will
443 476 51 41 be
518 477 199 43 followed
739 480 55 52 by
817 495 24 37 a
866 481 84 51 fair
969 495 126 37 morn
1116 484 46 48 of
1185 496 99 36 sun¬

225 536 120 41 shine
375 539 83 40 and
486 540 223 52 gladsome
737 543 87 53 joy.
885 544 70 52 He
982 557 98 39 now
1109 546 173 54 gathers

227 612 55 41 up
318 601 54 52 all
406 601 48 52 of
488 603 64 50 his
589 616 169 37 reserve
792 605 118 48 force
945 607 83 46 and
1062 608 221 53 prophetic

226 662 86 50 fire,
345 664 82 48 and
458 666 145 46 makes
635 681 79 31 one
746 669 79 43 last
856 671 148 52 appeal
1035 676 44 47 to
1109 670 71 53 the
1208 685 74 38 na¬

224 725 124 41 tion's
372 728 256 43 conscience.
680 730 128 53 Hope
828 732 158 54 lingers
1009 733 107 53 still;
1139 746 143 41 mercy

226 788 74 42 has
333 795 74 35 not
441 791 151 51 flown;
630 806 103 36 even
767 807 96 35 now
899 795 71 47 the
1003 796 146 46 nation
1183 811 96 38 may

225 860 145 43 repent
393 854 83 49 and
499 860 97 43 turn
620 861 45 42 to
688 855 108 48 God.
847 857 92 46 The
963 859 95 44 trial
1080 859 50 44 of
1151 872 128 40 argu¬

224 921 114 34 ment
361 916 33 40 is
415 924 46 34 to
483 917 88 41 him
594 918 114 52 quite
731 918 184 52 familiar
935 934 121 37 now;
1078 922 76 49 but
1175 922 104 49 with

226 977 228 42 redoubled
487 986 263 36 earnestness
782 981 52 42 he
866 996 164 39 presses
1062 998 115 39 upon
1208 986 71 51 the

226 1040 148 52 people
404 1041 72 51 the
508 1043 143 49 claims
687 1044 46 48 of
766 1044 206 53 Jehovah.
1035 1047 98 51 But,
1167 1047 110 51 alas!

225 1102 97 52 they
345 1104 85 50 will
452 1111 73 43 not
546 1111 120 43 turn:
689 1107 54 47 all
765 1107 108 52 hope
895 1108 34 51 is
951 1109 43 50 in
1015 1110 122 49 vain:
1161 1109 116 53 Eph-

227 1165 105 40 raim
363 1165 34 43 is
428 1167 175 42 wedded
634 1174 43 35 to
707 1169 65 40 his
804 1169 131 43 idols:
966 1171 83 41 like
1080 1186 25 27 a
1134 1171 143 54 stupid

227 1239 200 41 runaway
462 1243 66 37 ass
563 1230 52 50 he
649 1245 101 38 goes
783 1237 46 46 to
859 1232 190 53 Assyria.
1115 1233 59 52 So
1205 1235 71 50 the

225 1288 172 43 faithful
423 1292 178 52 prophet
624 1300 47 44 to
695 1308 53 36 an
772 1294 209 50 obstinate
1006 1298 147 51 people
1178 1309 97 41 pro¬

222 1364 184 29 nounces
430 1367 112 40 upon
564 1355 115 52 them
702 1370 22 37 a
750 1357 124 50 doom
896 1371 120 36 more
1036 1360 132 47 awful
1191 1360 84 47 and

223 1414 213 56 blighting
464 1416 102 54 than
595 1431 86 39 was
712 1432 98 38 ever
837 1420 146 50 before
1011 1420 263 50 announced.

225 1477 84 40 But
340 1478 125 40 doom
496 1478 34 41 is
561 1494 129 27 never
718 1481 98 41 final
846 1482 103 42 with
977 1483 103 41 him.
1138 1484 136 53 Judg¬

223 1545 114 34 ment
366 1539 32 40 is
428 1554 126 28 never
583 1542 70 41 the
680 1543 80 41 last
787 1544 118 41 word
932 1544 48 42 of
1009 1545 191 54 Jehovah
1228 1552 45 47 to

225 1600 63 41 his
328 1603 159 51 people.
555 1604 90 50 Out
681 1605 48 49 of
767 1605 217 54 discipline
1022 1608 84 51 and
1145 1608 129 54 judg¬

222 1671 113 34 ment
364 1665 83 41 will
479 1679 116 29 come
624 1666 73 54 joy
726 1668 82 52 and
837 1669 209 53 gladness.
1107 1670 90 52 Out
1227 1670 45 52 of

220 1725 71 41 the
321 1740 131 39 grave
486 1728 46 51 of
565 1728 126 51 death
724 1730 83 49 will
841 1732 149 53 spring
1021 1746 23 39 a
1078 1733 194 52 renewed

220 1787 84 42 life.

219 1912 50 43 "I
290 1913 88 43 will
400 1929 169 28 ransom
597 1916 114 44 them
733 1918 115 53 from
871 1919 69 52 the
963 1927 146 46 power
1132 1921 47 53 of
1202 1921 69 53 the

327 1988 155 42 grave;

242 2038 25 42 I
282 2039 88 42 will
391 2041 168 42 redeem
583 2041 115 43 them
717 2042 115 54 from
856 2043 149 53 death:

248 2104 34 39 O
311 2102 138 51 death,
475 2104 23 49 I
521 2103 86 50 will
633 2105 48 48 be
707 2105 72 53 thy
803 2107 178 52 plagues

245 2164 37 44 0
309 2178 145 40 grave,
479 2167 24 51 I
526 2166 89 52 will
640 2167 48 51 be
714 2167 72 53 thy
810 2168 262 52 destruction
