1510 2506
347 263 99 28 LIFE
475 265 88 27 AND
591 266 266 30 PROPHECIES
884 268 53 29 OF
963 269 151 31 HOSEA.

228 391 68 39 ual
326 389 229 55 ignorance
583 393 86 51 will
698 394 159 52 pollute
881 396 86 50 and
995 396 58 50 fill
1081 396 103 50 with
1211 395 71 51 the

228 452 116 41 virus
381 454 47 40 of
465 455 125 41 death
641 457 84 40 and
775 457 131 52 decay
953 461 73 48 the
1089 461 192 51 spiritual

231 521 177 35 streams
446 517 92 40 that
577 517 113 42 form
731 519 70 41 the
839 518 74 44 life
951 521 126 41 blood
1115 520 47 42 of
1200 534 81 38 any

228 578 158 49 nation,
423 580 82 47 and
540 579 182 54 nothing
757 595 49 38 so
840 595 104 38 soon
979 584 146 52 begets
1162 583 118 53 intel¬

226 641 150 41 lectual
404 641 230 53 ignorance
659 656 45 38 as
732 643 257 54 immorality
1014 646 85 51 and
1123 645 104 52 vice.

696 759 245 43 Whenever
975 774 25 28 a
1033 761 148 52 people
1216 774 63 39 re-

226 820 168 42 Priests
424 822 91 41 and
698 821 104 53 jects
841 823 72 51 the
950 822 247 53 priesthood
1233 821 46 54 of

230 883 185 41 Princes
453 884 170 42 Fallen,
696 884 252 53 knowledge
986 885 111 52 "and
1149 886 129 51 heaps

698 953 105 34 unto
843 947 252 42 themselves
1135 947 141 42 teach¬

227 1020 78 36 ers,
339 1007 160 54 having
532 1008 163 53 itching
727 1010 133 51 ears,"
907 1010 72 51 the
1026 1010 248 51 dissolution

226 1070 82 40 and
353 1069 277 53 degradation
674 1071 47 51 of
763 1071 91 51 that
897 1073 148 51 people
1087 1086 72 38 are
1201 1078 73 46 not

227 1131 66 41 far
322 1131 169 42 distant.
550 1134 39 39 It
616 1147 86 28 was
733 1133 70 42 for
829 1135 91 41 lack
949 1135 48 41 of
1023 1136 251 52 knowledge

223 1193 91 41 that
341 1194 130 41 Israel
498 1209 86 27 was
612 1196 180 41 doomed
819 1202 44 35 to
889 1197 273 50 destruction,
1190 1197 83 50 and

223 1256 70 40 the
313 1256 164 52 priests,
499 1257 144 51 whose
662 1258 78 52 lips
762 1258 152 52 should
934 1273 98 37 ever
1051 1261 107 53 keep
1176 1260 97 54 wis¬

226 1319 109 48 dom,
362 1318 83 49 had
471 1319 104 48 been
602 1319 146 48 drawn
776 1322 88 45 into
888 1322 71 45 the
985 1329 121 46 great
1131 1322 142 53 whirl¬

224 1381 96 51 pool
351 1381 49 51 of
434 1381 127 51 social
595 1383 246 52 corruption
874 1384 103 51 with
1010 1387 70 48 the
1112 1385 160 51 people.

228 1442 139 42 When
408 1443 117 42 there
566 1456 111 30 were
716 1446 152 51 priests
909 1445 101 52 who
1050 1445 72 52 did
1163 1446 110 51 their

224 1504 115 52 duty,
362 1504 100 53 they
485 1519 110 38 were
619 1506 185 53 rejected
825 1508 55 53 by
903 1508 72 53 the
995 1512 171 49 people;
1189 1509 83 52 and

222 1580 96 28 now
339 1567 111 53 they,
472 1568 103 52 with
595 1568 71 52 the
688 1570 159 52 people,
870 1569 130 53 reject
1021 1572 71 50 the
1112 1570 161 52 knowl¬

223 1629 104 53 edge
353 1629 46 53 of
426 1630 106 52 God.
588 1631 62 51 So
673 1632 70 50 the
767 1637 194 45 sentence
984 1646 153 37 comes,
1164 1634 108 49 "Be¬

223 1705 123 28 cause
377 1693 102 40 thou
510 1694 97 40 hast
635 1694 186 53 rejected
852 1696 250 53 knowledge
1132 1696 24 53 I
1185 1696 88 53 will

221 1753 86 41 also
334 1754 133 53 reject
492 1755 92 52 thee
613 1756 90 51 that
728 1757 101 50 thou
853 1757 112 50 shalt
989 1758 50 49 be
1061 1771 55 36 no
1141 1757 131 54 priest

223 1822 100 34 unto
352 1817 107 41 me."
518 1817 106 41 This
654 1817 34 41 is
718 1831 24 27 a
771 1817 168 42 terrible
968 1820 83 40 and
1079 1821 192 51 hopeless

221 1884 105 34 state
349 1878 45 41 of
418 1878 343 50 affairs,—when
781 1879 71 49 the
875 1880 293 48 ecclesiastical
1190 1881 82 47 and

224 1940 183 52 political
446 1942 134 50 rulers
618 1941 108 51 have
760 1942 172 50 become
969 1955 45 37 as
1049 1944 73 48 the
1157 1955 115 37 com¬

222 2009 165 35 monest
423 2003 177 50 sinners,
638 2003 123 50 when
796 2002 99 53 they
932 2007 156 48 rejoice
1123 2004 43 51 in
1201 2003 71 52 the

221 2064 178 53 iniquity
433 2065 47 52 of
513 2065 70 52 the
616 2065 148 53 people
796 2065 83 53 and
912 2079 72 39 are
1013 2069 126 49 made
1171 2066 98 52 glad

222 2127 103 41 with
362 2127 151 41 bottles
553 2126 47 42 of
636 2126 111 42 wine
783 2128 82 41 and
917 2127 216 52 flattering
1184 2127 87 52 lies.

221 2189 140 44 There
385 2203 77 30 can
487 2190 52 43 be
563 2202 57 31 no
643 2188 110 52 hope
779 2187 69 53 for
873 2190 104 50 such
1001 2202 25 38 a
1051 2189 128 51 social
1204 2201 67 39 or-
