1514 2508
237 274 47 35 jg
399 270 98 39 LIFE
525 271 87 38 AND
639 271 263 38 PROPHECIES
929 272 54 37 OF
1009 271 150 38 HOSEA.

231 395 71 40 the
330 396 232 53 beginning
590 397 82 52 had
703 397 188 52 suffered
920 398 83 51 His
1034 404 172 45 servant
1234 403 46 46 to

230 470 142 39 marry
393 458 102 51 such
515 473 25 36 a
559 472 190 37 woman;
771 459 83 50 and
875 460 159 49 Hosea,
1056 460 55 52 by
1130 474 26 38 a
1175 473 104 39 very

232 522 165 39 natural
436 521 285 51 anticipation,
761 521 42 51 in
842 521 138 51 which
1020 523 52 49 he
1109 522 36 50 is
1186 521 93 51 imi¬

229 583 114 39 tated
370 582 53 51 by
452 582 120 51 other
597 582 200 52 prophets
832 582 108 53 (Isa.
967 584 56 51 vi.
1052 584 84 51 and
1163 585 116 52 Jere¬

230 642 111 41 miah
396 643 235 53 xxxiii:8),
688 644 162 52 pushed
903 645 107 51 back
1064 645 64 51 his
1182 659 97 37 own

230 704 249 53 knowledge
517 706 46 51 of
602 706 128 51 God's
766 719 184 39 purpose
989 714 45 44 to
1071 707 73 51 the
1181 706 97 52 date

229 765 121 41 when
374 767 89 39 that
486 780 182 39 purpose
689 768 136 52 began
850 769 180 52 actually
1053 775 44 46 to
1120 770 50 51 be
1195 770 82 51 ful¬

227 827 123 48 filled,
374 828 69 47 the
468 828 80 52 day
569 829 48 51 of
639 829 64 51 his
726 830 220 50 betrothal.
970 829 117 51 This,
1109 831 168 53 though

229 888 52 40 he
310 903 86 28 was
428 890 53 41 all
512 891 278 41 unconscious
822 892 47 41 of
898 893 52 40 its
983 893 103 41 fatal
1118 894 157 49 future,

230 950 82 41 had
347 951 103 40 been
487 958 43 35 to
567 953 146 40 Hosea
748 953 70 40 the
852 953 235 54 beginning
1122 956 47 51 of
1205 955 71 52 the

227 1013 118 39 word
370 1012 48 40 of
440 1014 70 40 the
536 1014 128 41 Lord.
718 1015 70 41 On
813 1015 91 41 that
929 1017 219 41 uncertain
1172 1030 103 40 voy¬

228 1087 78 38 age
337 1073 52 52 he
420 1074 82 51 had
534 1076 130 49 sailed
695 1077 103 48 with
830 1078 139 47 sealed
998 1080 189 45 orders."

283 1135 117 41 Thus
435 1137 97 41 does
565 1139 76 40 Dr.
674 1138 140 41 Aldam
848 1140 136 41 Smith
1017 1141 258 53 paraphrase

226 1197 237 41 Robertson
486 1199 150 45 Smith.

283 1259 63 42 Or
365 1259 34 42 if
419 1275 64 26 we
501 1274 97 38 may
616 1262 51 50 be
686 1263 176 49 allowed
882 1269 46 43 to
947 1269 106 43 state
1074 1265 31 47 it
1126 1264 147 48 differ¬

232 1321 123 52 ently,
396 1322 71 51 the
503 1323 181 51 prophet
725 1324 71 50 did
851 1331 74 43 not
980 1327 173 47 commit
1206 1327 65 47 his

226 1388 171 46 strange
458 1384 202 50 domestic
702 1386 251 52 experience
996 1394 46 44 to
1099 1389 174 53 writing

227 1444 121 40 when
385 1445 31 40 it
452 1447 179 51 actually
665 1449 217 49 occurred,
931 1449 76 49 but
1056 1451 113 47 after
1218 1452 53 46 its

226 1507 197 51 meaning
451 1507 83 51 had
562 1508 104 50 been
694 1511 123 47 made
844 1511 113 51 plain
984 1519 46 43 to
1057 1514 101 48 him,
1188 1513 83 49 and

225 1567 50 40 he
300 1568 81 40 and
405 1568 64 41 his
493 1569 99 41 wife
616 1571 246 42 reconciled.
916 1573 61 41 So
998 1573 53 41 he
1074 1574 196 42 crowded

225 1629 69 39 the
326 1630 113 51 early
471 1631 266 51 experiences
769 1633 84 49 and
883 1634 105 48 later
1020 1637 248 45 revelations

227 1691 86 42 into
336 1705 78 28 one
439 1692 98 41 bold
562 1699 223 35 statement
808 1696 83 40 and
915 1696 175 41 labelled
1115 1697 31 41 it
1171 1696 98 42 "the

224 1752 232 53 beginning
481 1754 46 51 of
552 1754 69 51 the
648 1756 118 49 word
794 1755 47 50 of
867 1756 69 49 the
962 1758 116 47 Lord
1105 1765 44 40 to
1176 1759 92 46 Ho¬

224 1813 110 41 sea."

687 1929 214 42 Different
928 1931 340 53 interpretations

222 1989 116 42 True
360 1995 47 36 to
430 1990 113 41 Life.
690 1991 106 41 have
858 1992 104 41 been
1024 1994 127 52 given
1214 1995 54 52 by

687 2052 192 50 Kuenen,
976 2056 291 46 Matthew

226 2112 148 51 Henry
407 2111 83 52 and
521 2126 125 39 many
678 2114 140 51 others
851 2116 46 49 of
928 2117 80 48 less
1041 2123 120 44 note;
1193 2118 77 49 but

222 2173 69 41 the
312 2187 78 28 one
410 2174 124 52 given
556 2176 132 50 above
706 2177 36 49 is
764 2179 199 51 suported
983 2179 54 51 by
1058 2182 113 51 good
1193 2192 74 41 au-
