1516 2510
394 280 98 27 LIFE
519 280 88 28 AND
634 282 263 28 PROPHECIES
924 284 55 26 OF
1005 283 149 28 HOSEA.

231 417 108 37 gave
364 405 92 49 thee
478 419 25 35 a
525 406 103 52 king
649 407 43 51 in
714 421 70 38 my
806 421 133 39 anger
959 409 86 51 and
1069 410 98 50 took
1191 409 90 51 him

231 478 119 39 away
373 465 44 52 in
442 481 70 38 my
532 469 180 50 wrath."
772 469 96 51 (Fit
891 475 224 45 statement
1136 469 50 51 of
1210 469 76 51 the

231 527 151 52 bloody
414 528 140 51 reigns
586 529 45 50 of
662 529 166 50 Israel's
860 530 247 49 shortlived.
1121 536 159 47 puppet

230 588 162 51 kings.)
427 589 118 50 "The
569 591 179 52 iniquity
774 593 46 51 of
843 593 268 52 Ephraimis
1139 594 140 51 bound

231 657 54 44 up
302 664 7 37 :
339 651 66 50 his
431 651 66 50 sin
525 653 36 48 is
591 653 84 48 hid.
737 655 88 46 The
851 667 189 34 sorrows
1068 657 46 52 of
1140 671 32 38 as-
1195 664 83 45 tra¬

230 711 160 53 vailing
426 726 167 38 woman
628 715 108 49 shall
773 729 117 35 come
926 724 115 46 upon
1070 718 116 52 him:
1228 720 51 50 he

230 773 36 39 is
299 788 54 25 an
384 775 160 41 unwise
577 789 89 28 son.
718 777 315 40 *****
1082 781 195 41 Samaria

228 835 105 40 shall
361 836 165 42 become
554 838 195 48 desolate,
775 840 69 51 for
869 841 74 50 she
971 842 101 49 hath
1094 843 181 48 rebelled

229 896 165 52 against
428 899 75 49 her
540 900 115 48 God:
692 901 96 52 they
822 903 110 50 shall
977 898 84 58 fall'
1103 898 70 59 by'
1207 903 69 54 the

226 958 165 50 szvord;
426 961 107 47 their
564 960 162 53 infants
770 963 110 50 shall
927 963 48 50 he
1024 961 165 52 dashed'
1231 967 43 46 in

225 1020 149 51 pieces,
400 1023 83 48 and
509 1022 108 49 their
640 1035 165 36 women
828 1027 104 44 with
956 1027 113 44 child
1091 1029 110 42 shall
1224 1031 50 40 be

226 1082 147 53 ripped
395 1084 97 51 up."

694 1201 144 41 While
877 1202 192 53 Jehovah
1113 1203 158 52 threat-

225 1260 247 53 Judgment
692 1277 70 36 ens
802 1269 45 44 to
886 1265 123 48 make
1060 1278 102 36 war,
1216 1265 52 49 he

228 1322 332 53 Accompanied
579 1326 60 51 by
690 1325 83 52 still
804 1325 120 52 holds
956 1333 74 44 out
1060 1328 70 49 the
1161 1326 108 51 olive

232 1382 151 44 Offers
403 1384 50 42 of
471 1384 169 54 Mercy,
690 1388 158 50 branch
874 1388 47 50 of
944 1401 127 38 peace
1094 1390 83 49 and
1201 1390 69 49 the

687 1449 150 50 myrtle
874 1450 89 49 leaf
1011 1451 45 48 of
1109 1450 158 49 friend¬

220 1507 105 51 ship.

276 1569 78 40 "In
384 1584 66 26 me
478 1570 39 40 is
546 1572 72 51 thy
650 1572 117 52 help:
797 1574 24 50 I
849 1574 86 50 zvill
966 1575 48 49 be
1045 1575 72 53 thy
1148 1576 115 53 king.

225 1632 152 41 Where
406 1632 35 41 is
469 1645 81 39 any
582 1635 119 49 other
730 1635 89 49 that
847 1649 96 38 may
970 1649 102 38 save
1101 1638 92 49 thee
1222 1639 43 48 in

218 1692 53 40 all
297 1694 70 51 thy
395 1693 169 52 cities?"
621 1695 49 50 "I
694 1696 92 49 zvill
801 1699 344 46 ransom,thee"-
1161 1712 104 33 ev.eri

217 1767 95 27 now
342 1754 137 52 "from
510 1756 67 50 the
606 1763 142 45 power
776 1759 46 51 of
852 1760 65 50 the
945 1771 154 42 gmye;
1128 1762 22 51 I
1175 1761 89 52 will

216 1815 167 42 redeem
404 1817 92 40 thee
517 1817 113 52 from
653 1817 164 52 death"

270 1877 90 40 The
390 1878 211 44 condition
631 1880 34 42 is
696 1894 97 38 easy
821 1882 83 50 and
934 1882 170 53 simple:
1164 1883 98 52 "Oh

217 1939 143 49 Israel,
392 1947 146 41 return
567 1949 103 39 unto
703 1944 69 44 the
801 1943 117 45 Lord
949 1945 73 53 thy
1056 1945 107 53 God,
1193 1947 71 52 for

217 2001 101 40 thou
355 2001 92 42 hast
482 2003 129 50 fallen
649 2004 51 52 by
737 2005 115 51 thine
886 2007 194 53 iniquity.
1147 2009 115 51 Take

213 2061 105 41 with
343 2075 83 40 you
451 2065 141 50 words
626 2064 187 52 (instead
839 2067 47 49 of
914 2067 234 54 sacrifices),
1177 2069 84 52 and

216 2130 96 35 turn
347 2130 40 36 to
420 2125 68 41 the
521 2126 157 45 Lord."
738 2128 159 43 Words
932 2142 71 31 are
1049 2130 118 52 signs
1214 2129 48 53 of

215 2186 113 40 ideas
370 2187 81 39 and
494 2188 205 40 emotions
741 2189 89 42 that
871 2192 193 52 struggle
1104 2192 43 52 in
1187 2191 72 53 the
