1516 2510
248 398 134 42 THE
407 400 149 42 LIFE
578 402 135 42 AND
739 404 401 47 PROPHECIES
1166 409 83 42 OF

634 465 228 44 HOSEA.

333 558 71 52 By
428 559 109 51 Rev.
560 560 119 52 John
701 562 54 50 T.
779 563 43 49 S.
845 564 171 49 White,
1040 566 55 47 D.
1122 565 56 48 D.

733 656 35 42 I.

724 752 148 42 Hosea
912 754 146 41 stands
1098 754 93 41 first
1231 767 43 28 m

222 809 194 43 Hosea's
447 812 135 41 Place
723 815 76 40 the
819 816 119 41 book
958 817 49 41 of
1026 817 77 41 the
1124 816 152 43 Minor

305 872 47 40 in
382 873 77 42 the
491 874 171 42 Canon.
722 876 263 54 Prophets,'
1005 879 149 51 which
1200 880 77 50 the

719 939 269 43 uninitiated
1007 940 151 43 would
1175 953 103 38 sup¬

223 1010 109 39 pose
377 1004 48 45 to
470 999 54 50 be
571 1002 220 51 arranged
837 1002 45 51 in
942 1003 334 54 chronological

224 1060 145 42 order.
437 1061 121 42 That
599 1063 154 41 Hosea
794 1065 227 42 exercised
1060 1067 76 40 the
1176 1079 100 39 pro¬

225 1122 151 52 phetic
410 1124 128 50 office
577 1125 157 54 longer
770 1126 109 53 than
916 1127 142 52 either
1092 1124 98 57 Joel
1226 1142 51 39 or

223 1184 143 42 Amos
398 1198 105 40 may
533 1193 192 45 account
756 1188 69 50 for
854 1189 69 49 his
953 1191 138 53 being
1119 1191 156 53 placed

222 1246 98 42 first
345 1247 45 41 in
416 1248 76 40 the
518 1261 158 30 canon.
731 1250 188 42 Biblical
946 1253 227 49 criticism,
1199 1253 75 49 the

228 1309 186 52 subjects
455 1312 173 49 treated,
669 1313 83 48 and
792 1313 70 48 the
900 1321 150 40 nature
1088 1315 44 46 of
1171 1316 108 45 their

223 1377 245 36 treatment
496 1374 129 40 make
653 1374 35 40 it
715 1375 117 41 clear
858 1376 98 41 that
983 1377 75 41 the
1087 1377 188 41 Biblical

222 1434 133 40 order
378 1435 48 40 of
449 1436 77 41 the
551 1436 183 41 Twelve
760 1438 222 53 Prophets
1009 1440 36 51 is
1071 1453 57 38 no
1154 1453 121 38 more

223 1496 109 41 than
359 1509 25 29 a
412 1498 145 53 rough
585 1500 360 51 approximation
971 1501 49 50 of
1044 1502 116 49 their
1186 1502 90 49 real

223 1559 140 41 dates.
415 1560 145 42 Amos
584 1562 233 42 antedates
839 1563 155 42 Hosea
1015 1564 61 52 by
1097 1569 46 47 at
1164 1564 113 52 least

224 1621 85 41 five
332 1635 52 28 or
408 1628 74 35 ten
505 1637 145 39 years.
702 1624 72 52 He
805 1624 184 55 (Amos)
1020 1626 36 53 is
1081 1627 75 52 the
1180 1626 96 53 first

222 1683 49 40 of
293 1684 76 42 the
395 1699 99 27 new
519 1686 133 40 order
675 1687 48 39 of
747 1687 236 52 Prophets,
1009 1689 87 50 and
1123 1690 153 49 makes

224 1746 57 41 its
311 1746 97 42 first
437 1747 242 41 literature.

279 1808 154 42 While
468 1823 68 27 we
573 1823 104 41 may
711 1817 80 47 not
825 1811 55 53 be
914 1811 100 53 able
1048 1818 48 46 to
1131 1813 141 51 affirm

223 1871 99 40 that
348 1871 155 42 Hosea
529 1879 161 45 quotes
715 1874 115 50 from
856 1874 156 50 Amos,
1038 1875 35 49 it
1097 1875 37 49 is
1159 1876 117 48 clear

221 1934 100 41 that
348 1934 68 41 his
444 1935 230 41 historical
701 1936 216 42 allusions
942 1950 74 28 are
1042 1938 48 40 of
1114 1952 26 27 a
1165 1938 111 41 later

223 1997 109 49 date,
363 1997 84 49 and
476 1997 92 49 that
598 1997 70 49 the
699 1998 249 48 dissolution
976 2000 49 46 of
1053 2001 71 45 the
1152 2001 124 52 king¬

222 2059 105 40 dom
360 2060 48 40 of
442 2059 139 41 Israel
616 2061 87 40 and
737 2061 57 40 its
828 2061 263 42 threatened
1139 2063 134 40 doom
