1557 2534
420 269 98 29 LIFE
545 272 89 29 AND
660 274 262 32 PROPHECIES
952 279 52 28 OP
1031 279 149 30 HOSEA.

251 390 39 51 ly
312 390 169 51 broken.
532 395 104 46 Like
656 398 71 43 the
748 403 220 40 mountain
990 409 169 45 stream,
1181 403 121 51 short

252 451 209 44 brooklets
498 469 78 27 run
613 458 42 39 in
693 460 98 41 here
829 463 81 40 and
947 464 132 49 there,
1116 466 77 47 but
1229 479 72 34 are

247 513 52 39 all
322 515 161 42 carried
507 516 186 44 forward
716 521 52 52 by
790 521 71 52 the
883 536 81 37 one
984 533 157 40 stream
1161 534 47 39 to
1226 529 72 44 the

247 581 118 44 great
402 579 271 47 ocean,—the
713 583 185 54 thought
936 586 90 51 that
1067 589 34 48 is
1141 602 155 40 upper¬

244 642 108 34 most
382 638 40 39 in
453 639 69 41 the
548 642 214 51 prophet's
791 645 261 50 mind,—the
1080 654 141 41 wreck
1245 655 52 40 of

245 696 67 41 the
335 700 154 40 nation.
546 702 91 41 The
664 710 116 48 story
804 706 48 52 of
877 708 70 50 the
973 708 190 50 faithless
1190 714 102 44 wife

242 761 147 39 served
430 775 44 27 as
514 762 70 43 the
622 767 162 51 symbol
825 771 83 47 and
947 774 182 50 parable.
1198 776 91 48 The

239 822 159 49 symbol
425 823 33 48 is
485 837 97 34 now
608 833 44 38 to
676 829 50 42 be
751 831 127 51 given
905 834 52 48 its
983 836 135 46 literal
1143 852 143 30 mean¬

237 882 84 51 ing,
347 885 81 48 and
454 885 69 48 the
547 890 169 49 parable
740 898 44 41 to
806 893 50 46 be
877 897 124 42 made
1023 899 126 52 plain.

704 1005 118 44 Hear
859 1009 72 43 the
969 1017 119 39 word
1127 1017 47 41 of
1211 1018 70 43 the

230 1058 235 51 Jehovah's
499 1064 116 45 Con-
700 1067 127 55 Lord,
852 1072 189 50 children
1065 1078 46 44 of
1135 1079 143 54 Israel,

275 1127 208 49 troversy
520 1125 131 51 With
701 1128 67 48 for
797 1133 193 52 Jehovah
1020 1139 74 46 has
1126 1155 25 30 a
1180 1155 98 30 con-

226 1181 72 41 the
337 1183 299 49 Inhabitants,
692 1197 194 51 troversy
938 1199 101 49 with
1090 1202 72 46 the
1213 1204 62 44 in¬

694 1254 210 45 habitants
933 1259 48 42 of
1009 1262 71 41 the
1107 1265 111 42 land.

279 1305 131 43 What
438 1309 33 40 is
499 1311 72 40 the
596 1316 169 51 ground
793 1318 48 49 of
866 1319 226 54 Jehovah's
1122 1327 149 46 indict¬

223 1369 143 40 ment?
428 1371 212 45 "Because
678 1377 114 45 there
826 1381 36 42 is
910 1397 54 28 no
1015 1390 128 49 truth,
1191 1404 80 35 nor

221 1441 152 43 mercy,
400 1445 80 39 nor
508 1436 246 56 knowledge
782 1444 45 51 of
856 1445 105 51 God,
988 1452 45 44 in
1060 1451 70 45 the
1156 1453 109 43 land.

218 1490 66 53 By
317 1496 224 53 swearing,
577 1501 84 48 and
697 1501 130 56 lying,
864 1509 84 48 and
984 1511 160 55 killing,
1183 1518 83 48 and

217 1552 191 56 stealing,
454 1558 82 50 and
581 1564 266 56 committing
902 1570 204 55 adultery,
1167 1575 96 55 they

217 1612 124 43 break
398 1625 73 33 out
524 1623 83 39 and
662 1624 124 44 blood
842 1633 197 41 toucheih
1096 1636 163 43 blood"

216 1674 310 58 Furthermore,
552 1683 69 49 the
647 1689 169 43 counsel
841 1689 46 43 of
910 1691 70 43 the
1004 1696 152 50 priests
1182 1698 76 48 has

210 1734 102 42 been
334 1738 196 54 rejected,
553 1744 249 56 knowledge
821 1756 196 48 spurned,
1041 1757 84 47 idol
1147 1763 108 49 gods

209 1798 231 43 embraced.
497 1804 123 43 "You
643 1809 185 43 sacrifice
854 1821 115 45 upon
995 1818 67 48 the
1090 1825 92 50 tops
1209 1826 46 51 of

210 1858 69 41 the
311 1865 266 42 mountains"
610 1873 45 37 to
686 1876 243 41 man-made
961 1879 120 50 gods,
1114 1883 138 46 which

207 1932 71 28 are
299 1929 73 34 not
393 1925 120 49 gods.

259 1981 81 43 We
363 1984 106 42 have
493 1987 190 52 pictured
707 1993 97 46 here
829 2010 24 29 a
875 2002 144 39 moral,
1046 2001 202 48 intellect¬

202 2043 67 39 ual
293 2047 81 39 and
396 2048 189 51 spiritual
606 2054 213 45 condition
841 2059 90 41 that
951 2065 142 41 would
1115 2079 131 40 prove

201 2109 44 35 to
272 2105 50 41 be
350 2106 70 41 the
451 2122 214 42 gangrene
694 2116 49 48 of
771 2131 81 41 any
883 2135 93 37 race
1006 2138 48 34 or
1083 2130 160 42 nation.

201 2164 261 57 Immorality
501 2171 188 57 destroys
728 2178 70 50 the
834 2181 132 47 brain.
1034 2187 209 48 Intellect-
