1525 2515
393 273 99 29 LIFE
518 273 89 29 AND
633 273 264 30 PROPHECIES
924 272 55 31 OP
1004 272 151 31 HOSBA.

283 397 142 43 "How
445 399 108 41 shall
573 401 23 39 I
617 398 97 54 give
737 400 94 52 thee
852 406 70 46 up,
944 399 239 53 Ephraim?

312 460 116 40 How
452 460 108 41 shall
584 462 25 39 I
634 460 160 42 deliver
821 462 106 49 thee,
953 460 190 51 Israel?"

231 580 116 42 Love
400 581 109 41 finds
566 596 54 27 an
673 596 179 37 answer,
906 585 216 52 tempered
1175 583 105 54 with

225 655 155 41 mercy,

230 764 50 43 "I
310 766 86 43 will
425 774 75 35 not
531 775 174 35 execute
736 770 70 42 the
837 770 222 44 -fierceness
1089 773 48 54 of
1165 773 113 54 mine

341 841 144 40 anger,

255 890 24 39 I
299 888 86 43 will
405 898 75 33 not
499 897 147 37 return
669 899 41 35 to
733 894 169 54 destroy
923 896 221 53 Ephraim,

256 952 89 40 For
371 951 93 43 God
489 967 70 28 am
581 955 38 51 I,
644 955 86 51 and
752 964 76 42 not
850 970 113 38 man,

260 1012 88 42 The
367 1014 116 53 Holy
506 1016 92 51 One
616 1016 44 51 in
680 1016 67 51 the
766 1018 128 49 midst
913 1019 46 54 of
978 1021 118 52 thee"
1124 1020 64 54 (v.
1206 1021 69 55 9).

283 1117 85 41 But
384 1117 118 42 there
520 1125 114 35 must
651 1119 52 42 be
720 1120 285 53 punishment.
1052 1123 94 50 The
1163 1125 113 53 logic

229 1178 48 42 of
309 1178 71 43 the
411 1180 202 42 situation
648 1181 200 45 demands
882 1184 45 42 it.
989 1185 122 43 Even
1144 1185 131 44 God's

229 1240 93 41 love
354 1248 154 35 cannot
537 1243 119 43 ward
689 1244 33 42 it
751 1245 75 41 off.
890 1244 142 44 Crime
1061 1247 76 42 has
1170 1249 104 41 been

227 1303 254 50 committed,
503 1303 226 54 judgment
745 1312 116 45 must
879 1307 155 50 follow.
1056 1310 86 47 But
1160 1309 114 48 what

228 1365 84 41 will
343 1364 52 42 be
423 1366 72 41 the
527 1373 206 45 sentence,
766 1370 84 48 and
880 1370 115 48 what
1025 1371 71 47 the
1128 1372 146 46 decree

227 1426 47 41 of
302 1426 72 41 the
404 1429 147 41 court?

693 1553 97 43 "He
812 1555 110 42 shall
943 1564 75 35 not
1039 1565 147 37 return
1210 1560 63 42 in-

228 1610 88 41 The
338 1609 219 46 Sentence
694 1622 40 35 to
777 1617 68 41 the
883 1618 99 43 land
1020 1619 47 55 of
1104 1621 168 54 Egypt;

306 1673 311 44 Pronounced,
694 1678 73 40 but
808 1678 69 42 the
916 1680 210 54 Assyrian
1164 1684 109 50 shall

693 1739 48 41 be
800 1740 65 42 his
922 1741 116 55 king,
1097 1745 176 51 because

224 1793 95 53 they
343 1795 174 52 refused
541 1803 40 44 to
606 1802 187 45 return."

279 1854 127 44 "And
432 1859 69 39 the
524 1862 144 42 sword
690 1862 109 42 shall
823 1863 122 44 abide
968 1880 57 29 on
1049 1867 66 42 his
1139 1868 130 52 cities,

221 1917 82 40 and
328 1917 107 42 shall
459 1932 198 32 consume
683 1923 64 42 his
772 1925 205 45 branches
1001 1931 85 41 and
1109 1930 161 43 devour

222 1976 125 52 them,
374 1980 174 48 because
574 1983 48 52 of
645 1984 109 51 their
779 2000 96 35 own
899 1991 195 44 counsels

276 2039 104 41 This
414 2041 34 41 is
480 2056 25 27 a
536 2044 126 41 much
694 2059 136 30 worse
862 2051 170 53 penalty
1063 2052 102 52 than
1199 2053 69 51 the

221 2114 79 28 one
336 2107 42 35 at
413 2102 91 43 first
539 2110 273 48 pronounced
854 2110 104 54 (Ch.
994 2112 152 56 viii:i3
1184 2114 85 54 and

219 2161 140 57 jx:3),
382 2165 185 53 wherein
590 2167 193 53 Jehovah
807 2173 177 47 decreed
1005 2174 94 46 that
1122 2175 146 57 "Ephr
