1500 2500
390 367 98 28 LIFE
515 367 89 28 AND
630 363 265 32 PROPHECIES
922 363 54 32 OF
1002 360 152 35 HOSEA.

223 495 254 51 profligates.
521 491 245 55 Zachariah,
789 489 66 57 his
884 500 92 46 son,
1005 498 89 48 was
1124 482 154 64 openly

228 554 281 41 assassinated
544 553 110 42 after
689 565 25 30 a
749 551 122 52 reign
906 549 48 54 of
988 548 70 55 six
1091 544 185 59 months.

227 617 203 47 Shallum,
461 615 63 49 his
553 614 232 50 murderer,
815 611 175 53 reigned
1017 622 82 42 one
1126 606 150 58 month

225 678 83 39 and
368 690 86 27 was
514 675 226 42 murdered
785 674 55 51 by
888 671 243 54 Menahem,
1178 668 98 57 who

227 740 173 50 reigned
435 744 70 46 ten
542 750 121 40 years
701 736 42 54 in
782 734 206 56 Samaria.
1056 729 220 61 Pekohiah

225 801 228 39 succeeded
507 799 101 48 him,
665 798 134 49 lasted
854 802 88 45 two
996 808 136 39 years,
1188 805 87 42 was

226 862 172 40 stabbed
421 862 55 52 by
502 861 159 53 Pekoh,
686 873 79 41 one
786 858 50 56 of
858 858 65 56 his
950 856 204 58 captains,
1178 855 100 59 who

226 923 172 52 reigned
421 929 159 46 twenty
602 934 135 41 years.
788 921 72 54 He
882 933 88 42 was
994 925 43 50 at
1058 918 82 57 last
1160 930 116 45 mur¬

228 985 125 39 dered
390 985 53 50 by
481 984 187 51 Hoshea.
734 982 123 53 Then
892 981 156 54 tumult
1083 980 85 55 and
1203 992 74 43 an¬

227 1046 127 51 archy
378 1046 55 51 let
455 1046 127 51 loose,
608 1045 83 52 and
717 1044 69 53 for
806 1050 74 47 ten
900 1056 123 41 years
1044 1042 122 55 there
1187 1054 89 43 was

226 1122 25 25 a
278 1108 120 50 reign
427 1107 48 51 of
502 1113 148 45 terror.
708 1106 73 52 He
808 1106 177 52 reigned
1011 1105 103 53 nine
1139 1115 137 43 years,

227 1170 110 39 after
370 1169 139 40 which
541 1169 70 40 the
643 1182 103 37 very
779 1168 145 51 nation
957 1166 48 53 of
1036 1166 143 53 whom
1214 1165 64 54 Is¬

228 1231 84 40 rael
343 1230 83 41 had
456 1232 157 50 sought
641 1230 96 52 help
767 1243 118 39 came
914 1241 60 41 up
1002 1227 169 55 against
1201 1226 77 56 Sa¬

226 1293 132 40 maria
384 1295 83 39 and
493 1292 162 42 carried
678 1292 72 42 the
775 1297 71 37 ten
869 1291 130 43 tribes
1025 1304 135 37 away.
1215 1288 63 53 Of

227 1355 54 39 all
311 1354 51 41 of
393 1354 83 41 this
508 1354 73 41 the
611 1353 182 52 prophet
824 1353 101 52 here
956 1366 141 39 warns
1130 1351 146 54 Israel.

227 1417 91 39 "Ye
341 1417 107 39 have
469 1417 165 51 plowed
656 1416 275 52 wickedness,
953 1430 53 39 ye
1028 1416 107 53 have
1156 1420 122 49 reap¬

229 1479 50 39 ed
304 1477 193 53 iniquity,
524 1491 51 39 ye
604 1478 105 52 have
738 1484 120 46 eaten
885 1478 69 52 the
980 1477 108 53 fruit
1116 1477 47 53 of
1189 1477 88 53 lies,

230 1540 209 50 therefore
474 1540 109 50 shall
617 1554 26 36 a
677 1540 154 50 tumult
866 1539 110 51 arise
1010 1553 160 39 among
1205 1539 72 53 thy

226 1602 160 50 people,
406 1603 83 49 and
505 1602 56 50 all
576 1601 75 51 thy
665 1601 229 52 fortresses
907 1601 113 52 shall
1036 1602 51 51 be
1100 1600 179 54 spoiled.

230 1663 22 24 *
300 1663 23 24 *
374 1663 23 24 *
448 1663 23 24 *
602 1662 109 40 shall
730 1663 151 40 Bethel
901 1663 54 40 do
977 1669 104 35 unto
1102 1676 86 39 you
1211 1664 67 51 be¬

230 1736 122 27 cause
376 1724 46 51 of
443 1736 109 39 your
572 1730 122 45 great
714 1724 285 51 wickedness',
1022 1724 46 51 in
1088 1738 27 37 a
1136 1737 143 38 morn¬

229 1784 74 52 ing
332 1786 108 50 shall
470 1786 67 50 the
568 1785 104 52 king
703 1786 47 52 of
778 1786 135 52 Israel
942 1786 158 54 utterly
1129 1788 49 52 be
1210 1791 70 49 cut

231 1846 100 41 off."
