1500 2500
384 269 98 28 LIFE
509 269 88 28 AND
623 266 263 31 PROPHECIES
913 269 53 28 OF
991 266 151 31 HOSEA.

224 397 129 39 house
375 395 46 52 of
441 395 148 52 Jehn."
640 393 128 54 "And
786 394 74 53 she
881 391 226 56 conceived
1127 391 141 56 again,

225 459 82 39 and
338 458 96 40 bare
466 471 25 27 a
520 457 222 51 daughter.
799 455 102 53 And
931 455 70 53 the
1029 454 119 54 Lord
1175 451 94 57 said

224 526 102 34 unto
351 519 100 49 him,
477 519 77 49 call
577 519 77 49 her
675 531 122 37 name
821 517 298 51 Loruhamah"
1153 514 117 54 (Un¬

225 581 134 40 loved.
431 577 682 55 Never-knew-a-father's-pity).
1187 575 85 57 She

229 643 223 40 conceived
489 643 125 52 again
651 643 84 52 and
771 642 101 53 bare
908 654 24 41 a
968 653 90 42 son.
1124 639 149 56 "Then

226 705 92 41 said
342 706 106 48 God,
473 706 78 48 call
573 705 66 49 his
660 717 123 37 name
803 703 216 51 Lo-ammi
1048 701 225 54 (Not-my-

228 767 227 52 People)."

283 829 91 40 The
397 841 142 28 names
563 828 46 41 of
631 828 71 41 the
722 826 214 53 prophet's
960 828 79 51 last
1062 831 86 48 two
1170 823 102 56 chil¬

228 892 103 38 dren
351 904 71 26 are
441 904 143 26 names
604 890 50 40 of
671 890 43 40 ill
736 902 135 28 omen.
921 888 122 51 They
1058 888 124 51 mark
1202 884 71 55 the

229 953 82 39 rise
340 952 46 40 of
414 952 202 40 domestic
643 950 212 52 suspicion
884 952 85 50 and
996 949 178 53 portend
1203 947 71 55 the

233 1014 248 40 dissolution
518 1014 49 40 of
604 1013 70 41 the
712 1013 137 41 home.
917 1012 119 50 They
1075 1012 91 50 also
1202 1022 74 40 va¬

230 1076 125 51 guely
377 1076 120 51 mark
520 1077 71 50 the
612 1075 101 52 time
733 1074 90 53 that
847 1074 167 53 elapsed
1036 1072 148 55 before
1204 1071 71 56 the

230 1138 192 39 husband
454 1137 212 40 discovers
698 1136 64 41 his
794 1136 156 48 shame,
983 1137 83 47 and
1099 1138 176 48 suggest

232 1200 70 38 the
338 1198 183 53 thought
557 1199 90 52 that
684 1198 69 53 the
788 1198 195 53 husband
1018 1203 114 48 must
1168 1197 108 54 have

231 1261 169 40 labored
424 1260 209 51 zealously
654 1266 46 45 to
721 1259 160 52 reform
900 1260 74 51 the
996 1258 144 53 erring
1162 1256 113 55 wife.

234 1323 83 39 But
356 1323 53 39 all
446 1322 148 40 efforts
632 1328 42 34 at
712 1321 275 41 reformation
1026 1321 129 41 failed
1193 1320 83 42 and

234 1384 237 51 separation
510 1384 197 51 followed
751 1383 103 52 (Ch.
892 1382 28 53 ii
935 1382 128 53 :i~5).
1163 1381 115 54 How

233 1446 101 51 long
363 1446 100 51 they
493 1459 110 38 were
635 1445 224 52 estranged
887 1444 55 53 he
972 1445 99 52 does
1102 1452 75 45 not
1205 1443 72 54 tell

231 1522 72 34 us;
326 1508 74 48 but
421 1508 70 48 the
511 1520 167 36 woman
701 1521 75 35 ran
798 1507 76 49 her
894 1519 150 37 course
1062 1506 49 50 of
1132 1506 144 50 shame

232 1570 83 39 and
343 1570 169 39 became
540 1583 25 26 a
593 1570 126 39 slave.
777 1568 120 41 Then
925 1582 120 27 came
1071 1570 71 39 the
1168 1580 110 29 mes¬

233 1645 100 37 sage
352 1631 47 51 of
417 1630 191 54 Jehovah
629 1644 101 40 once
749 1643 140 41 more:
910 1630 91 54 "Go
1022 1632 95 52 love
1134 1644 25 40 a
1176 1631 102 53 wife

235 1694 88 38 that
345 1693 37 39 is
403 1694 121 39 loved
549 1694 46 50 of
616 1707 26 37 a
660 1699 240 45 paramour,
923 1693 83 51 and
1027 1692 37 52 is
1084 1706 55 38 an
1160 1692 117 52 adul¬

236 1755 167 39 teress."
464 1754 102 52 (Ch.
591 1753 87 53 iii).
733 1754 50 52 In
808 1754 224 52 obedience
1054 1759 46 47 to
1123 1753 71 53 the
1218 1753 62 53 di¬

235 1817 94 39 vine
358 1816 96 48 will,
485 1817 144 47 Hosea
657 1816 97 48 seek
782 1829 25 35 a
835 1814 312 50 reconciliation
1176 1814 104 50 with

233 1880 69 38 the
325 1879 144 52 erring
490 1891 178 40 woman.
719 1878 83 53 "So
823 1879 24 52 I
869 1877 162 54 bought
1052 1879 75 52 her
1150 1884 40 47 to
1212 1892 68 39 me

233 1941 71 51 for
328 1939 144 53 fifteen
495 1939 138 53 pieces
657 1940 46 52 of
726 1939 128 53 silver
878 1940 82 52 and
984 1953 54 39 an
1061 1940 150 52 homer
1234 1941 48 51 of

236 2002 138 51 barley
397 2002 81 51 cmd
501 2015 52 38 an
574 2002 92 51 half
685 2002 146 51 homer
852 2001 47 53 of
920 2000 181 54 barley."
1152 2001 128 53 "And

236 2064 23 39 I
288 2063 92 40 said
416 2069 39 34 to
493 2064 85 45 her,
613 2064 88 45 For
734 2076 126 39 many
896 2063 104 52 days
1036 2062 103 53 thou
1171 2063 110 52 shalt

237 2124 120 41 abide
386 2124 133 50 alone,
550 2125 101 49 thou
680 2125 111 49 shalt
817 2130 74 44 not
920 2125 97 51 play
1046 2125 69 51 the
1144 2124 138 52 harlot

237 2187 83 41 and
350 2187 101 41 thou
479 2187 110 41 shalt
617 2192 75 36 not
721 2187 47 41 be
797 2186 72 53 for
895 2200 82 39 any
1006 2200 112 39 man,
1148 2186 84 53 and
1258 2186 24 53 I
