1500 2500
391 284 98 26 LIFE
516 283 88 27 AND
631 279 264 31 PROPHECIES
922 279 53 31 OF
1002 275 151 35 HOSEA.

225 410 54 42 oil
309 415 42 37 to
382 409 143 51 Egypt
556 407 83 53 and
669 415 42 45 at
742 406 68 54 the
842 418 115 42 same
986 403 101 57 time
1120 397 155 63 fought

224 471 109 39 their
350 470 148 40 battles
517 475 41 35 at
575 470 136 40 home.

226 931 164 40 Israel's
436 930 212 51 weakling
693 929 124 52 kings
863 928 85 53 and
1007 927 83 54 idol
1153 926 121 55 gods.

227 992 146 51 "They
407 992 106 51 have
545 998 65 45 set
641 998 57 45 up
733 991 126 52 kings
893 992 75 51 but
1000 998 75 45 not
1109 991 53 52 by
1195 1002 79 41 me.

231 1054 61 52 Of
329 1054 106 52 their
469 1054 129 52 silver
634 1054 83 52 and
752 1050 111 56 their
896 1053 103 53 gold
1034 1053 110 53 have
1179 1053 97 53 they

225 1116 122 39 made
367 1115 107 41 idols
498 1114 89 42 that
609 1116 96 51 they
727 1129 98 38 may
847 1115 49 52 be
919 1120 71 47 cut
1011 1114 102 53 off."
1152 1114 125 53 "Thy

226 1177 96 51 calf,
358 1177 36 51 O
428 1177 208 51 Samaria,
670 1178 95 50 hast
795 1183 91 45 cast
918 1177 93 51 thee
1046 1176 86 52 off;
1164 1175 112 53 mine

227 1252 131 38 anger
383 1239 37 51 is
448 1238 170 52 kindled
644 1238 169 52 against
840 1236 125 54 them.
1024 1238 23 52 *
1103 1237 25 53 *
1188 1236 89 54 The

225 1301 219 40 workman
483 1301 121 40 made
644 1301 136 48 them;
819 1300 213 52 therefore
1070 1299 97 53 they
1206 1311 71 41 are

225 1369 74 33 not
325 1362 118 41 God"
478 1362 102 52 (Cn.
606 1360 240 54 viii-4-13).

283 1445 146 39 Hosea
468 1444 164 40 follows
672 1444 84 40 this
794 1443 105 41 with
938 1456 24 28 a
1000 1442 111 42 brief
1149 1447 127 37 state¬

225 1512 115 33 ment
373 1505 47 41 of
452 1506 70 40 the
556 1506 147 40 effects
737 1505 47 41 of
814 1505 73 41 the
920 1505 122 41 exile.
1104 1504 173 51 During

225 1567 90 40 that
337 1568 104 39 dark
462 1568 82 39 and
562 1567 170 40 terrible
752 1566 101 41 time
874 1566 109 41 their
1004 1566 108 52 gods
1133 1566 143 52 would

226 1629 49 39 be
299 1635 75 44 put
397 1635 44 44 to
463 1629 70 50 the
554 1634 81 45 test
660 1629 82 50 and
765 1628 143 51 would
932 1627 74 52 fail
1030 1628 127 51 them.
1183 1627 93 52 The

225 1690 145 40 nation
424 1691 141 39 would
622 1690 95 40 sink
775 1690 152 51 deeper
984 1690 83 51 and
1124 1689 153 52 deeper

226 1752 88 39 into
339 1751 70 40 the
435 1752 187 50 cesspool
648 1751 47 51 of
720 1752 78 50 sin.
853 1752 189 52 Though
1066 1751 100 53 they
1192 1751 85 53 had

225 1813 103 39 been
355 1813 81 39 like
461 1826 151 38 grapes
640 1813 42 51 in
707 1813 71 51 the
802 1813 245 51 wilderness
1081 1811 193 55 (ix:io),

226 1874 108 40 their
361 1874 121 51 glory
510 1874 105 51 shall
643 1875 58 50 fly
728 1888 119 38 away
875 1875 83 51 like
986 1888 26 38 a
1037 1874 96 52 bird
1162 1875 114 51 from

226 1935 70 39 the
317 1935 124 48 birth,
466 1937 83 46 and
573 1935 111 48 from
707 1935 70 48 the
798 1936 140 47 womb
961 1937 84 46 and
1068 1935 113 48 from
1205 1935 71 48 the

228 1996 243 51 conception
526 1995 192 52 (ix:ii).
793 1997 171 50 Indeed,
1012 1997 107 53 "My
1182 1999 95 51 God

227 2057 110 41 will"
390 2057 201 52 (utterly)
643 2057 116 52 "cast
804 2055 115 54 them
975 2058 161 52 away."
1225 2058 51 52 In

229 2119 170 50 chapter
433 2133 30 36 x
497 2118 69 51 the
601 2118 180 51 prophet
813 2117 126 53 again
972 2124 120 46 turns
1126 2124 47 46 to
1204 2120 72 50 the

227 2180 111 40 main
364 2185 140 46 target
530 2179 47 52 of
599 2179 66 52 his
694 2192 137 39 scorn,
857 2179 71 52 the
954 2180 182 51 nation's
1166 2181 108 50 idols

224 649 255 41 Man-made
498 647 147 51 Kings

246 723 88 39 and
357 719 287 43 Hand-made

381 793 136 41 Gods.

694 559 183 52 Passing
913 571 101 40 over
1052 569 127 42 many
1230 552 46 59 of

691 622 71 39 the
854 620 139 41 minor
1072 616 203 45 allusions

696 683 83 40 and
821 679 250 53 complaints
1115 678 48 54 of
1202 678 73 54 the

693 744 192 52 prophet,
923 756 65 40 we
1023 755 98 41 now
1158 753 118 43 come

694 812 45 33 to
774 805 71 40 the
880 804 115 41 main
1031 808 162 47 targets
1230 801 47 54 of

688 867 66 39 his
775 867 227 51 indignant
1022 878 137 40 scorn,
1179 864 96 54 viz.,
