1500 2500
214 270 17 23 j
239 258 23 35 6
377 252 97 41 LIFE
501 251 88 42 AND
616 246 261 47 PROPHECIES
905 245 52 48 OF
985 241 149 52 HOSEA.

220 378 91 39 The
347 383 119 45 great
503 376 92 52 love
632 373 46 55 of
715 372 93 56 God
844 383 87 45 was
969 366 174 62 grieved
1179 363 82 65 and

220 439 220 42 wounded.
501 438 49 43 In
584 436 82 45 His
698 447 96 34 own
827 446 94 36 way
952 431 72 51 He
1054 428 84 54 had
1169 438 93 44 pre¬

221 501 128 52 pared
380 500 80 53 His
490 509 241 44 messenger
760 501 43 52 to
833 492 156 61 deliver
1017 494 72 59 the
1118 485 147 68 gospel

222 564 45 39 of
297 563 80 40 His
410 561 195 50 amazing
633 559 104 52 love.
798 556 71 55 No
899 553 130 58 doubt
1056 552 72 59 the
1157 562 108 49 mes¬

223 638 149 38 senger
398 623 84 53 had
509 628 74 48 not
607 621 156 55 known
791 617 70 59 the
887 627 183 49 purpose
1098 613 48 63 of
1172 611 95 65 God

223 687 120 40 when
369 687 52 40 he
445 698 85 29 was
556 697 49 30 so
629 680 215 51 strangely
867 678 67 53 led
959 677 92 54 into
1072 689 25 42 a
1122 673 145 58 matri¬

225 748 153 40 monial
402 747 172 41 alliance
598 743 102 45 with
725 742 168 46 Gomer,
918 737 98 51 who
1038 733 161 55 proved
1224 744 47 44 so

227 810 103 40 false
354 808 82 42 and
459 807 214 43 unchaste.
726 804 84 46 But
833 801 173 50 looking
1031 799 128 52 about
1181 795 89 56 him

226 886 107 36 mow,
358 870 55 52 he
441 868 203 54 observed
669 865 93 57 that
788 862 234 60 thousands
1050 860 48 62 of
1124 858 146 64 homes

226 935 44 38 in
298 932 130 41 Israel
456 943 110 30 were
591 928 83 45 like
701 927 65 46 his
794 938 108 35 own.
958 922 84 51 His
1070 922 205 51 domestic

229 994 73 40 life
328 993 99 41 then
454 990 177 52 partook
658 988 48 54 of
733 1002 25 40 a
785 985 185 57 national
998 990 154 52 aspect.
1184 981 89 61 Out

232 1056 47 40 of
316 1055 64 41 his
419 1053 97 51 pain
554 1053 83 51 and
674 1061 160 43 sorrow
871 1048 54 56 he
962 1057 139 47 comes
1140 1050 46 54 to
1221 1054 55 50 an

234 1115 285 53 appreciation
560 1112 48 56 of
644 1111 73 57 the
757 1109 101 59 pain
896 1110 86 58 and
1022 1119 163 49 sorrow
1226 1103 49 65 of

231 1175 190 55 Jehovah
447 1188 101 42 over
572 1173 72 57 the
668 1173 86 57 sins
779 1170 48 60 of
848 1170 73 60 the
944 1166 236 64 unfaithful
1204 1178 72 52 na¬

232 1240 100 39 tion.
387 1235 120 44 Then
533 1237 32 42 it
589 1248 86 31 was
702 1234 90 45 that
813 1232 56 47 he
893 1231 81 48 lost
999 1230 116 51 sight
1138 1227 49 54 of
1211 1226 65 55 his

233 1315 94 26 own
356 1312 159 29 sorrow
544 1298 41 43 in
614 1297 70 44 the
711 1301 140 40 vaster
878 1289 325 53 contemplation
1231 1287 48 55 of

232 1363 185 39 national
443 1358 176 48 trouble,
646 1358 83 48 and
756 1355 63 51 his
847 1368 96 38 own
969 1352 115 54 grief
1109 1352 170 54 became

234 1424 71 39 the
330 1422 160 41 vehicle
514 1429 46 34 to
585 1430 159 39 convey
771 1417 63 52 his
863 1415 245 54 conception
1136 1412 46 57 of
1209 1411 71 58 the

236 1484 111 53 grief
367 1484 46 53 of
433 1480 201 57 Jehovah.
684 1481 69 56 He
774 1477 285 60 remembered
1078 1475 71 62 the
1170 1485 110 52 mar¬

237 1547 116 50 riage
382 1545 46 52 of
456 1542 191 55 Jehovah
675 1541 83 56 and
787 1539 130 58 Israel
945 1539 42 58 in
1014 1537 72 60 the
1114 1535 166 62 wilder¬

237 1621 95 26 ness
355 1606 83 41 and
461 1605 89 42 that
572 1604 71 43 the
662 1603 116 51 lapse
798 1601 83 53 and
904 1598 238 56 declension
1164 1608 119 46 came

239 1669 121 40 when
391 1667 128 42 Israel
548 1665 83 44 had
658 1664 148 45 settled
835 1663 42 46 in
905 1661 71 48 the
1001 1660 127 49 home
1155 1658 127 52 given

241 1731 74 39 her
347 1729 53 51 by
435 1728 106 52 God,
576 1727 82 53 and
690 1726 90 54 that
812 1723 91 57 said
934 1723 117 57 lapse
1080 1734 88 46 was
1202 1719 81 61 due

242 1798 44 34 to
322 1791 70 41 the
427 1791 219 47 discovery
683 1787 47 51 of
766 1785 120 53 other
923 1784 120 54 gods.
1108 1782 177 56 Human

241 1853 112 51 logic
375 1850 141 54 would
540 1856 104 48 next
667 1848 93 56 lead
782 1855 47 49 to
850 1844 239 60 separation
1113 1842 86 62 and
1224 1841 61 63 di¬

243 1920 240 34 vorcement
512 1911 46 43 of
585 1909 72 45 the
687 1922 153 38 spouse
875 1905 180 55 (Israel)
1076 1919 9 41 ;
1114 1904 76 56 but
1216 1902 70 58 Je¬

244 1974 138 42 hovah
407 1975 36 41 is
470 1973 94 43 God
588 1971 82 45 and
694 1976 74 40 not
791 1982 111 34 man.
957 1968 95 48 God
1076 1970 97 47 puts
1197 1964 91 53 into

245 2038 71 39 the
363 2036 146 41 mouth
555 2033 48 44 of
647 2031 82 46 His
776 2034 169 43 servant
989 2029 73 48 the
1105 2025 185 52 pathetic

248 2098 153 48 words,
438 2096 143 50 "How
611 2092 109 54 shall
750 2095 25 51 I
806 2092 101 54 give
940 2092 95 54 thee
1067 2096 72 50 up,
1171 2088 118 58 Eph-

251 2161 116 40 rcdm.
426 2159 115 42 Hozv
570 2157 107 44 shall
708 2157 23 44 I
760 2154 227 47 surrender
1018 2153 105 48 thee,
1158 2152 36 49 O
1227 2151 52 50 J*

257 2222 139 41 raeir
