1529 2517
344 257 102 30 LIFE
473 259 90 30 AND
589 262 267 34 PROPHECIES
883 267 55 30 OF
962 268 150 32 HOSEA.

225 382 254 47 "withdraw
502 389 173 57 himself
696 392 117 54 from
837 395 155 51 them."
1045 398 70 48 He
1138 399 144 47 would

223 445 174 46 "return
419 457 104 36 unto
546 452 86 43 His
653 455 157 54 place,"
837 458 125 51 retire
985 459 89 50 into
1095 460 83 49 His
1202 475 77 34 un¬

224 511 309 52 approachable
572 514 183 49 heavens
795 525 45 38 to
878 521 125 42 make
1041 522 115 42 them
1197 523 81 42 feel

223 572 70 42 the
328 575 107 41 need
471 576 48 42 of
554 577 119 43 Him.
738 580 87 42 But
858 582 119 43 these
1011 584 121 54 light,
1168 586 108 53 silly,

224 634 177 55 flippant
434 639 230 52 optimistic
698 642 189 49 children
921 646 55 45 do
1008 653 76 38 not
1115 649 97 42 take
1243 649 35 42 it

224 698 218 55 seriously.
494 701 122 54 They
640 703 110 52 trifle
774 706 103 49 with
900 705 73 50 the
996 708 140 55 Deity.
1190 710 87 53 En¬

223 761 200 43 trenched
460 763 45 41 in
540 766 179 53 egotism
768 770 86 49 and
901 769 120 54 pride
1071 772 84 51 and
1204 774 72 49 the

222 836 191 42 memory
430 825 50 53 of
498 839 49 39 so
565 840 128 41 many
714 829 159 52 favors,
894 832 101 53 they
1014 847 150 38 reason
1185 834 91 51 that

223 884 94 45 God
343 888 77 41 has
448 889 99 53 only
574 895 96 47 torn
698 891 115 51 them
841 893 92 49 that
959 896 71 46 He
1056 910 99 40 may
1182 897 92 53 heal

220 947 128 53 them,
377 952 84 48 and
486 950 77 50 has
591 953 168 47 thrown
787 956 71 44 the
886 958 172 44 mdown
1084 959 92 43 that
1204 961 70 42 He

223 1024 98 43 may
349 1013 97 54 take
474 1014 115 53 them
620 1029 58 41 up
706 1018 127 54 again
862 1018 43 54 in
933 1034 25 38 a
987 1022 83 52 day
1098 1035 49 39 or
1175 1029 98 45 two,

227 1072 88 43 "As
353 1088 104 30 soon
494 1091 46 28 as
578 1092 65 28 we
679 1079 100 42 seek
813 1080 92 43 him
941 1097 65 28 we
1042 1084 107 43 shall
1185 1085 89 44 find

227 1135 147 44 Him."
441 1138 68 43 "It
548 1140 36 42 is
624 1154 24 28 a
685 1156 103 40 very
827 1144 120 52 small
986 1152 166 46 matter,
1192 1162 82 40 any

222 1199 134 53 way."

223 1321 159 46 "Come
404 1327 84 41 and
512 1326 57 46 let
589 1342 53 30 us
662 1336 147 37 return
833 1337 41 37 to
898 1332 216 45 Jehovah:

250 1398 87 40 For
360 1398 69 42 He
454 1399 101 43 hath
579 1407 106 46 rent,
711 1403 89 50 that
824 1404 50 49 he
896 1419 96 41 may
1017 1407 93 53 heal
1132 1421 64 39 us,

249 1469 102 44 And
381 1472 101 41 hath
511 1473 226 53 wounded,
768 1476 89 50 that
887 1478 51 48 he
967 1493 97 40 may
1096 1480 99 53 bind
1223 1495 50 38 us

329 1539 69 48 up.

249 1596 71 42 He
353 1595 89 43 will
476 1597 126 55 bring
635 1613 53 39 us
721 1607 42 45 to
798 1600 74 56 life
905 1601 46 55 in
984 1617 26 39 a
1043 1605 148 54 couple
1226 1606 48 55 of

333 1657 126 56 days;

250 1720 70 43 On
339 1718 70 46 the
427 1720 115 44 third
560 1722 82 56 day
661 1713 73 65 tie
752 1726 87 52 will
856 1727 112 51 raise
984 1741 53 37 us
1055 1735 56 49 up
1132 1732 139 53 agafoi,

250 1793 109 43 That
378 1807 65 31 we
463 1809 98 40 may
582 1795 84 54 live
685 1797 45 52 in
750 1797 85 52 His
852 1805 212 48 presence.

247 1867 81 42 Let
358 1880 52 30 us
442 1869 140 53 know,
615 1868 58 54 let
703 1883 53 39 us
784 1871 150 53 follow
964 1879 56 48 up
1055 1879 42 48 to
1131 1874 128 53 know

328 1930 216 44 Jehovah:

245 1992 64 41 As
325 2006 107 30 soon
450 2006 48 31 as
515 2006 65 31 we
596 1995 98 42 seek
715 1994 105 43 Him
837 2009 65 29 we
918 1996 110 43 shall
1045 1998 88 43 find
1152 1999 120 42 Him.

246 2066 102 43 And
373 2066 72 43 He
471 2065 110 45 shall
607 2080 119 30 come
752 2073 41 37 to
819 2081 52 29 us
897 2067 84 43 like
1006 2069 70 42 ihe
1101 2069 172 43 winter-

328 2128 110 52 rain,

245 2189 107 45 Like
374 2190 70 44 the
462 2190 268 54 spring-rain
749 2191 187 54 pouring
956 2206 56 39 on
1034 2193 68 52 the
1123 2192 148 53 land!"
