1500 2500
340 256 100 29 LIFE
468 257 90 29 AND
585 258 266 31 PROPHECIES
879 261 53 28 OF
958 260 151 31 HOSEA.

219 379 173 54 thority,
419 382 85 51 and
528 382 35 51 is
588 382 72 51 the
684 389 113 44 most
820 387 180 46 natural.
1056 386 41 47 It
1122 384 35 49 is
1183 390 94 43 true

221 449 43 35 to
295 442 88 51 life,
414 445 87 48 and
533 459 78 34 can
643 446 51 47 be
725 446 196 47 matched
955 447 114 46 from
1099 447 72 46 the
1203 460 73 33 ex¬

219 505 193 52 perience
440 507 47 50 of
516 521 126 39 every
670 515 95 45 true
794 510 228 50 Christian.
1079 509 135 51 What
1241 510 35 50 is

220 568 71 41 the
318 571 204 52 meaning
547 571 48 52 of
622 584 164 39 sorrow
812 585 82 40 any
922 573 124 52 way?
1101 573 115 52 Does
1246 571 32 54 it

222 637 75 36 not
326 633 157 52 always
513 633 128 54 bring
670 640 45 47 to
743 634 72 53 the
841 640 95 47 true
965 633 111 54 child
1106 635 48 52 of
1183 635 95 52 God

220 694 72 41 the
313 708 194 40 message
527 696 47 52 of
595 696 262 53 helpfulness
879 703 45 46 to
943 699 142 50 others
1098 699 17 50 ?
1136 697 141 52 When

223 771 64 28 we
321 758 147 51 grieve
500 772 105 37 over
640 759 121 50 those
796 760 100 49 who
928 760 109 49 have
1072 760 205 53 wronged

222 821 84 41 and
330 820 249 42 humiliated
602 835 63 37 us,
688 836 99 39 may
810 837 63 38 we
895 829 76 46 not
992 824 98 51 look
1113 836 59 40 up
1195 823 83 53 and

224 883 262 42 understand
520 883 72 43 the
626 885 198 53 bleeding
856 885 136 53 hands
1026 886 85 52 and
1145 886 132 52 heart,

224 947 85 40 and
339 946 204 53 interpret
573 947 71 52 the
675 954 122 46 great
827 948 105 52 lines
963 949 47 51 of
1041 961 164 39 sorrow
1236 953 42 47 in

223 1014 71 35 the
326 1009 92 41 face
445 1011 49 39 of
526 1009 105 41 Him
662 1010 99 41 who
789 1023 138 39 weeps
957 1024 102 38 over
1087 1011 72 51 the
1190 1012 87 50 sins

225 1070 47 40 of
305 1072 72 40 the
411 1072 147 41 world.
621 1072 150 53 Verily
803 1073 84 52 this
921 1077 35 48 is
991 1079 94 46 true
1118 1086 46 39 as
1199 1085 79 40 our

223 1147 96 28 own
352 1134 249 52 experience
632 1140 161 46 attests.
855 1135 174 51 Sorrow
1061 1134 218 52 sanctified

225 1196 85 41 will
334 1197 124 40 make
482 1210 80 27 our
584 1197 104 41 lives
714 1211 25 27 a
761 1211 117 28 more
902 1204 147 46 potent
1073 1198 207 52 influence

226 1258 67 41 for
318 1259 128 53 good.
473 1259 82 53 We
580 1266 155 46 cannot
758 1260 99 53 give
879 1261 71 52 the
974 1260 116 53 right
1115 1259 97 54 ring
1235 1267 45 46 to

224 1321 71 40 the
317 1335 215 39 messages
557 1322 46 52 of
627 1322 94 52 love
745 1323 84 51 and
850 1323 267 51 consolation
1140 1322 138 52 which

226 1383 71 41 the
318 1384 134 41 world
475 1397 48 28 so
542 1385 127 40 much
690 1385 127 40 needs
840 1385 105 40 until
967 1399 65 28 we
1053 1385 108 42 have
1180 1391 100 36 test¬

227 1447 46 40 ed
303 1447 83 40 and
415 1447 239 52 conquered
680 1448 71 51 the
778 1447 224 52 bitterness
1029 1447 47 52 of
1105 1460 174 39 sorrow.

228 1508 143 42 Christ
391 1508 173 42 himself
585 1523 88 28 was
694 1509 91 42 first
804 1509 183 42 touched
1009 1510 104 41 with
1136 1524 24 27 a
1181 1509 101 42 feel¬

227 1571 75 52 ing
326 1571 47 52 of
398 1585 79 38 our
502 1571 236 52 infirmities
764 1572 83 51 and
871 1573 99 50 then
997 1573 82 50 His
1105 1572 176 51 mission

227 1640 45 34 to
299 1648 96 26 men
425 1648 87 27 was
542 1633 192 42 fulfilled.

285 1696 141 41 When
464 1697 83 40 and
584 1696 142 42 where
761 1697 35 41 is
834 1696 97 42 "the
967 1696 235 52 beginning
1238 1695 45 53 of

227 1759 70 40 the
326 1759 119 41 word
473 1758 47 42 of
546 1759 72 41 the
645 1758 141 42 Lord"
814 1764 45 36 to
886 1772 82 38 any
994 1759 48 51 of
1069 1759 82 51 His
1181 1756 101 54 chil¬

228 1822 131 40 dren?
414 1823 42 39 Is
485 1822 33 40 it
543 1828 44 34 at
615 1828 70 34 tie
710 1821 99 41 time
835 1820 124 42 when
986 1821 73 41 the
1084 1820 199 51 meaning

231 1884 46 40 of
306 1898 79 26 our
416 1897 162 28 sorrow
613 1884 34 41 is
681 1883 91 42 first
802 1883 123 42 made
957 1883 156 42 known
1145 1889 46 36 to
1220 1894 63 34 us,

229 1960 48 27 or
305 1946 123 42 when
457 1961 66 27 we
550 1947 91 41 first
670 1946 86 42 find
785 1946 185 51 symbols
1000 1946 43 51 in
1071 1944 138 53 which
1239 1949 45 48 to

232 2023 174 39 express
446 2009 32 53 it
515 2015 45 47 to
598 2008 171 54 others?
835 2008 40 54 It
911 2007 74 55 lies
1025 2007 69 55 far
1128 2005 154 57 behind

232 2072 192 40 that—in
466 2070 254 53 mysterious
764 2069 121 54 facts,
941 2073 42 50 in
1040 2068 106 55 dark
1202 2066 84 57 and

231 2134 241 52 deadening
502 2132 270 54 experiences
800 2130 139 56 which
969 2145 63 41 we
1060 2145 100 41 may
1191 2141 95 45 now

231 2197 285 48 understand;
543 2196 75 49 but
646 2194 138 51 which
811 2200 43 45 at
878 2194 73 51 the
976 2193 101 52 time
1102 2192 49 53 of
1177 2190 110 55 their
