1519 2511
350 256 101 29 LIFE
477 255 90 31 AND
594 255 267 35 PROPHECIES
888 261 54 31 OF
967 263 151 31 HOSEA.

231 379 41 41 It
308 380 37 41 is
383 394 25 28 a
446 380 314 46 characteristic
798 385 49 41 of
883 386 149 43 sacred
1068 387 216 55 prophecy

229 441 91 43 that
351 443 125 43 while
506 445 32 41 it
567 458 98 40 may
698 445 112 53 refer
842 448 217 54 primarily
1091 455 46 47 to
1167 463 117 39 some

227 508 134 41 moral
391 504 216 45 condition
636 521 49 29 or
714 509 244 43 immediate
985 518 124 35 event
1137 511 45 42 in
1211 512 72 42 the

234 568 73 41 life
334 568 46 42 of
409 568 70 43 the
504 570 109 42 tribe
640 584 47 29 or
714 572 160 51 nation,
904 574 31 49 it
961 574 91 49 also
1077 574 135 49 refers
1240 581 46 42 to

233 644 52 28 an
317 638 122 36 event
471 633 163 43 farther
663 648 134 40 away,
828 649 54 39 an
913 643 123 45 event
1066 637 48 51 of
1144 637 140 51 which

231 694 70 41 the
327 694 158 43 former
510 696 35 41 is
569 696 70 41 the
664 697 187 51 shadow,
877 712 48 36 or
948 705 112 48 type.
1114 700 170 53 Almost

233 757 53 41 all
312 757 49 42 of
391 757 70 43 the
493 759 230 42 Messianic
752 760 247 53 prophecies
1031 776 78 37 can
1138 762 51 51 be
1219 763 64 50 in¬

233 823 210 49 terpreted
474 821 42 51 in
548 822 82 50 this
664 836 105 41 way.
830 823 159 54 Where
1020 825 262 52 deliverance

234 882 34 40 is
294 883 213 52 predicted
533 884 32 51 it
591 898 97 41 may
730 885 113 54 refer
881 891 46 48 to
953 901 26 38 a
1018 887 264 52 deliverance

233 945 110 41 close
369 952 43 35 at
438 946 133 51 hand;
600 948 75 49 but
702 948 52 49 its
782 950 204 53 complete
1014 963 267 40 consumma¬

233 1008 87 40 tion
348 1008 33 41 is
409 1015 45 35 to
478 1009 51 42 be
555 1009 135 43 found
716 1011 45 41 in
786 1011 70 42 the
884 1012 144 44 Christ
1053 1013 94 43 that
1174 1013 34 43 is
1235 1020 45 36 to

234 1083 128 30 come.
428 1071 59 42 So
521 1072 42 41 in
599 1071 82 43 this
717 1086 106 39 case,
863 1074 94 51 God
993 1077 207 52 promises
1235 1083 46 46 to

233 1146 166 28 ransom
429 1134 112 41 them
574 1134 112 43 from
716 1137 70 41 the
815 1150 132 40 grave
975 1151 117 41 upon
1120 1138 159 54 certain

235 1196 245 51 conditions,
516 1211 113 40 upon
666 1199 109 52 their
811 1207 250 47 repentance
1097 1203 84 51 and
1219 1217 63 37 re¬

233 1263 96 35 turn
353 1264 45 35 to
422 1260 117 41 Him.
594 1261 120 53 They
741 1261 128 53 failed
892 1270 47 44 to
964 1271 158 47 repent,
1150 1264 129 54 failed

233 1326 43 35 to
306 1328 107 35 meet
447 1323 79 40 the.
550 1324 251 51 conditions,
836 1325 130 50 hence
998 1328 70 47 the
1102 1328 177 47 deliver¬

233 1396 101 28 ance
366 1384 139 42 would
540 1385 108 44 have
680 1393 46 36 to
758 1401 118 28 come
910 1396 42 34 at
985 1403 26 29 a
1041 1404 119 28 more
1193 1391 86 41 dis¬

231 1451 88 35 tant
343 1447 94 42 date
460 1450 83 40 and
566 1448 42 42 in
631 1463 116 28 some
770 1451 120 41 other
913 1466 107 39 way.
1073 1453 60 52 So
1153 1454 126 51 while

235 1507 74 42 Ch.
343 1510 88 40 xiv.
467 1510 133 41 refers
635 1512 217 54 primarily
886 1522 45 44 to
965 1529 25 37 a
1022 1516 257 50 conditional

233 1570 237 43 immediate
504 1574 276 53 redemption,
814 1577 234 53 ultimately
1081 1578 32 52 it
1146 1579 134 51 refers

230 1638 43 35 to
293 1633 69 42 the
385 1636 251 42 restoration
659 1636 110 42 after
791 1638 72 41 tha
883 1640 216 53 captivity.

715 1818 74 55 (5)

472 1913 283 55 Knowledge
781 1915 78 53 the
889 1916 145 52 Basis.

221 2021 8 6 *
283 2008 265 54 Knowledge
573 2009 46 53 of
644 2010 94 52 God
763 2010 133 52 forms
918 2011 74 51 the
1015 2012 80 52 key
1119 2018 46 46 to
1187 2012 93 52 Ho-

229 2070 103 41 sea's
358 2071 226 53 prophecy.
637 2073 41 51 It
701 2086 86 38 was
810 2073 71 51 the
905 2073 103 51 fatal
1031 2074 93 50 lack
1148 2073 46 51 of
1218 2074 62 50 Is¬

228 2133 96 41 rael.
381 2134 237 52 Ignorance
641 2148 89 38 was
752 2135 71 51 the
847 2148 125 38 cause
995 2135 48 51 of
1067 2135 110 51 their
1203 2135 77 51 sin.

702 2195 268 55 Knowledge
999 2197 35 53 is
1065 2197 75 53 the
1170 2196 112 54 basis
