1510 2506
344 263 99 28 LIFE
470 264 90 28 AND
586 264 265 30 PROPHECIES
878 267 54 28 OF
957 267 150 29 HOSEA.

234 388 106 43 raim
377 390 107 44 shall
521 397 146 37 return
706 398 40 36 to
783 393 185 56 Egypt."
1038 393 126 56 Since
1198 392 84 57 this

232 451 91 41 first
359 453 208 52 warning,
604 453 230 52 additional
872 455 150 50 crimes
1058 455 83 50 had
1177 455 104 50 been

234 515 255 40 committed.
556 515 92 42 The
684 518 198 53 warning
918 518 84 53 had
1040 517 128 54 fallen
1205 530 77 41 un¬

232 576 158 43 heeded
421 591 114 38 upon
565 578 110 51 their
706 593 106 36 ears.
873 580 60 49 So
963 580 108 49 God,
1102 580 179 49 without

232 639 215 53 changing
475 639 65 53 his
570 653 184 40 purpose
784 641 46 52 of
860 641 283 54 punishment,
1172 642 108 53 just¬

232 701 41 52 ly
292 701 184 53 changes
493 702 67 52 his
579 703 126 51 mode
724 706 83 48 and
826 703 84 51 will
929 710 75 44 not
1022 705 124 49 allow
1165 704 115 50 them

230 769 44 35 to
302 769 144 36 return
475 770 44 35 to
548 765 166 53 Egypt;
743 766 76 52 but
846 772 216 46 sentences
1090 766 116 52 them
1235 771 44 47 to

232 839 25 27 a
287 839 136 28 worse
467 827 196 54 bondage
708 828 134 53 under
900 829 74 52 the
1031 829 246 53 Assyrians.

234 887 122 43 Since
381 888 70 42 the
479 890 102 52 days
609 889 46 53 of
683 890 227 52 Menahem
937 892 101 52 they
1064 890 84 54 had
1174 891 104 53 been

232 950 208 53 tributary
466 957 46 46 to
539 952 201 53 Assyria;
768 954 75 51 but
870 960 42 45 at
941 953 80 52 last
1047 967 117 40 grew
1193 966 86 41 res¬

233 1012 85 42 tive
351 1013 134 41 under
519 1014 109 41 their
660 1015 162 53 galling
854 1016 109 52 yoke
995 1017 84 51 and
1112 1015 166 54 applied

234 1080 45 35 to
299 1074 143 54 Egypt
466 1075 68 53 for
556 1076 108 53 help,
687 1077 75 52 but
784 1089 57 40 no
864 1077 97 53 help
981 1078 142 52 would
1147 1091 130 39 come.

235 1136 92 41 The
363 1150 143 40 power
544 1138 48 52 of
628 1138 180 53 Assyria
848 1140 141 51 would
1028 1140 83 51 still
1151 1139 127 52 crush

232 1199 137 52 them;
431 1199 174 52 instead,
666 1201 226 50 therefore,
954 1202 47 49 of
1061 1203 216 53 Egyptian

234 1267 190 44 masters,
464 1262 137 49 which
639 1264 98 52 they
776 1264 142 52 would
956 1265 128 51 much
1122 1264 155 54 prefer,

231 1323 96 52 they
346 1324 150 51 should
513 1325 106 50 have
636 1339 56 36 no
709 1325 141 50 choice
868 1326 44 49 in
926 1326 72 49 the
1014 1332 174 44 matter;
1206 1326 70 50 the

235 1385 206 52 Assyrian
488 1387 92 50 iron
627 1388 107 52 yoke
780 1388 152 52 should
978 1389 125 51 crush
1149 1389 128 51 them.

234 1447 103 41 This
364 1461 104 40 poor
495 1449 203 53 privilege
725 1450 47 52 of
800 1452 221 53 returning
1047 1458 45 47 to
1119 1452 159 53 Egypt,

234 1509 139 41 rather
404 1510 101 42 than
537 1512 133 52 going
701 1518 46 46 to
777 1512 179 54 Assyria
986 1514 106 52 shall
1123 1514 52 52 be
1207 1514 70 52 de¬

231 1572 96 40 nied
356 1572 125 42 them.
539 1573 144 53 Why?
740 1574 211 52 "Because
983 1577 94 53 they
1106 1576 171 54 refused

234 1640 40 34 to
300 1636 357 42 returnThat
685 1637 48 48 is,
762 1637 98 52 they
888 1637 244 52 committed
1160 1637 118 52 addi¬

232 1696 128 41 tional
391 1697 185 42 offences
608 1698 111 42 after
750 1698 68 42 the
849 1700 91 41 first
970 1706 196 35 sentence
1194 1700 83 41 had

231 1758 103 42 been
363 1760 286 52 pronounced.

701 1878 82 42 We
816 1879 87 41 find
937 1879 71 41 the
1057 1881 222 41 execution

232 1939 95 41 The
358 1939 221 42 Sentence
696 1940 46 41 of
763 1940 84 41 this
872 1947 193 35 sentence
1087 1940 188 55 through

385 2001 247 43 Executed.
702 2002 366 52 Tiglath-Pileser,
1091 2003 122 54 King
1234 2003 48 54 of

702 2063 177 53 Assyria
943 2066 82 50 and
1089 2066 81 52 ally
1235 2064 45 54 of

235 2123 132 51 Ahaz,
404 2124 120 53 King
556 2125 49 52 of
638 2125 154 53 Judah,
827 2125 124 53 when
981 2126 57 52 he
1071 2140 119 38 came
1224 2140 57 38 up

234 2186 167 53 against
434 2186 158 53 Pekah,
626 2186 119 54 King
775 2186 48 54 of
855 2186 132 54 Israel
1018 2189 83 51 and
1132 2188 147 52 Rezin,
