1500 2500
394 266 98 26 LIFE
519 266 88 27 AND
633 266 265 28 PROPHECIES
925 266 54 28 OF
1005 264 152 30 HOSEA.

229 391 68 40 far
325 392 118 40 there
472 392 107 40 have
608 392 105 41 been
742 398 86 35 two
856 391 114 42 main
1003 390 201 43 climaxes
1236 388 44 45 in

228 452 63 42 his
323 453 234 53 prophecy:
626 454 73 52 (i)
738 454 83 52 His
852 453 227 53 marriage,
1111 451 72 55 the
1213 450 66 56 sin

228 517 82 39 and
343 522 323 46 estrangement,
700 516 157 52 ending
889 515 43 53 in
964 512 316 56 reconciliation

227 591 44 26 as
300 578 70 39 the
399 579 166 38 climax.
631 577 72 52 (2)
741 577 92 52 The
860 577 135 52 moral
1025 577 84 52 and
1139 575 140 54 politi¬

230 640 62 39 cal
335 640 128 50 decay
503 640 46 50 of
590 639 70 51 the
699 638 159 52 nation,
899 638 84 52 and
1022 643 257 47 consequent

229 702 124 39 doom
377 701 82 40 and
484 701 239 53 judgment,
747 700 199 54 followed
967 701 55 53 by
1044 700 72 54 the
1139 712 141 42 assur¬

228 777 101 27 ance
353 763 46 41 of
424 763 69 41 the
519 763 270 41 Fatherhood
815 763 83 41 and
923 762 95 42 love
1039 762 49 42 of
1112 761 96 43 God
1232 774 45 30 as

228 825 68 41 the
321 826 167 40 climax.
539 826 82 40 We
644 838 95 28 now
764 833 118 33 come
914 824 73 52 (3)
1018 830 46 46 to
1086 824 70 52 the
1180 837 98 39 pro¬

229 888 133 50 phet's
387 887 317 51 recapitulation
728 887 46 51 of
795 886 71 52 the
889 887 149 51 crimes
1064 886 47 52 of
1133 885 144 53 Israel,

226 949 101 40 with
361 950 124 40 doom
516 951 83 40 and
628 949 226 52 judgment
883 948 290 53 intertwined;
1202 948 76 53 b'rt

228 1010 69 40 the
322 1011 191 51 prophet,
540 1017 70 45 yet
635 1011 109 51 loyal
770 1017 43 45 to
840 1011 71 51 the
938 1011 143 51 ruling
1106 1011 170 51 passion

228 1073 46 39 of
297 1073 64 39 his
387 1073 105 48 soul,
518 1073 119 48 looks
665 1073 67 48 far
755 1073 166 52 beyond
945 1072 72 53 the
1041 1073 127 52 doom
1191 1071 86 54 and

228 1135 238 52 judgment,
492 1135 70 52 the
589 1135 202 52 captivity
818 1136 84 51 and
929 1135 121 52 exile,
1077 1135 84 52 and
1187 1147 89 40 sees

228 1198 69 39 the
318 1197 164 40 sunrise
504 1197 47 40 of
572 1211 25 26 a
616 1197 191 52 brighter
830 1197 94 52 day,
945 1197 71 52 the
1037 1197 81 52 day
1139 1196 47 53 of
1205 1196 71 53 th'e

229 1259 178 40 nation's
437 1259 250 40 restoration
718 1265 44 36 to
789 1260 94 41 love
911 1259 83 42 and
1023 1258 125 43 favor
1173 1257 102 44 with

229 1321 107 41 God.

700 1438 40 39 It
774 1437 33 40 is
844 1437 211 52 evidently
1089 1437 71 52 the
1194 1436 83 53 vis-

233 1501 98 40 The
365 1500 153 42 Crisis.
698 1500 70 42 ion
804 1499 46 43 of
885 1513 25 29 a
958 1499 190 52 brighter
1196 1498 81 53 day

697 1561 91 40 that
819 1561 232 41 stimulates
1082 1562 73 40 the
1184 1560 93 42 rhe¬

230 1625 145 39 torical
405 1624 83 40 and
518 1624 252 40 intellectual
799 1637 165 38 powers
993 1623 47 52 of
1066 1623 84 52 this
1179 1622 99 53 bold

228 1686 201 51 preacher
451 1686 47 51 of
521 1686 328 52 righteousness.
902 1686 70 52 He
994 1685 170 53 realizes
1186 1684 92 54 that

227 1748 70 39 the
324 1748 102 40 fatal
450 1748 121 49 hour,
596 1749 71 48 the
688 1747 112 50 hour
823 1747 47 50 of
893 1747 73 50 the
989 1747 121 50 crisis
1136 1746 47 51 of
1206 1746 72 51 the

228 1810 156 48 nation,
415 1810 34 48 is
478 1810 111 48 close
618 1816 42 42 at
687 1809 128 49 hand.
873 1809 93 49 Th'e
993 1809 146 49 clouds
1170 1809 107 49 have

228 1871 92 41 well
343 1871 104 52 nigh
471 1872 206 51 obscured
698 1872 72 51 the
792 1871 107 53 light
920 1872 49 52 of
994 1872 94 52 day.
1141 1871 42 53 Is
1208 1869 70 55 the

229 1933 169 51 coming
431 1933 47 51 of
509 1933 92 51 that
633 1933 108 51 hour
773 1933 252 51 inevitable?
1085 1934 43 50 Is
1160 1932 118 52 there

227 2008 56 26 no
313 1994 108 52 hope
451 1994 48 52 of
531 1995 170 52 staying
732 1995 60 52 it?
851 1995 143 52 While
1024 1995 53 52 he
1109 1995 168 52 debates

228 2056 115 40 these
366 2055 227 52 questions,
616 2056 118 51 there
756 2070 144 38 passes
923 2057 148 51 before
1092 2056 67 52 his
1181 2069 99 40 pro¬

229 2117 137 52 phetic
391 2117 137 52 vision
554 2117 70 52 the
651 2129 226 40 assurance
902 2118 90 51 that
1017 2119 166 53 though
1208 2117 72 55 the

228 2179 107 55 light
360 2178 46 56 of
432 2181 80 53 day
537 2193 97 44 may
655 2180 52 57 be
730 2179 99 58 shut
852 2186 87 51 out,
964 2181 32 56 it
1019 2181 86 56 will
1129 2186 75 51 not
1228 2180 51 57 be
