1499 2498
323 264 100 26 LIFE
450 263 90 27 AND
567 257 266 33 PROPHECIES
860 256 55 34 OF
940 252 151 38 HOSEA.

680 384 50 41 In
755 383 72 42 the
850 377 111 53 light
984 375 48 55 of
1053 372 71 58 the
1148 370 114 60 fore-

284 456 101 39 The
417 453 133 42 Time
685 446 136 53 going
858 435 330 64 consideration,
1230 433 32 66 it

362 516 50 41 of
431 515 79 42 the
680 511 195 46 becomes
908 504 111 53 clear
1048 499 94 58 that
1172 497 92 60 Ho-

256 578 291 55 "Beginning
570 575 49 58 of
685 585 71 48 sea
786 568 72 65 did
887 572 76 61 not
992 570 43 63 at
1063 561 72 72 the
1165 559 100 74 time

281 644 78 40 the
397 637 187 47 Word."
684 635 101 49 time
808 630 48 54 of
880 629 66 55 his
969 624 214 60 marriage
1205 620 61 64 in-

265 707 138 40 Made
433 703 185 44 Known
687 698 159 49 terpret
874 690 92 57 that
995 693 124 54 event
1145 691 47 56 to
1218 682 51 65 be

315 774 50 35 to
393 766 168 43 Hosea.
687 758 71 51 the
809 750 262 59 "beginning
1117 746 49 63 of
1198 743 73 66 the

687 820 121 41 word
839 816 46 45 of
926 815 73 46 the
1041 808 143 53 Lord"
1225 811 46 50 to

217 895 103 49 him,
347 904 78 40 nor
451 887 85 57 had
563 887 33 57 it
620 886 106 58 been
752 879 124 65 made
901 876 114 68 plain
1042 879 47 65 to
1112 871 89 73 him
1228 874 43 70 at

219 957 71 40 the
313 955 100 42 time
435 952 48 45 of
504 950 72 47 the
597 947 301 50 divorcement.
950 939 86 58 But
1058 935 124 62 when
1203 931 70 66 Je¬

221 1017 141 43 hovah
387 1014 173 46 refused
580 1017 48 43 to
650 1008 170 52 divorce
842 1004 72 56 the
937 1000 145 60 nation
1105 996 71 64 for
1199 994 76 66 her

221 1082 87 39 sins
331 1079 84 42 and
438 1077 100 50 kept
560 1070 202 57 pleading
783 1066 102 61 with
908 1064 104 63 such
1035 1059 241 68 passionate

223 1146 95 39 love
340 1141 69 44 for
431 1139 77 46 her
530 1142 159 43 return,
710 1132 73 53 the
804 1128 134 57 riddle
961 1125 47 60 of
1029 1124 70 61 the
1121 1119 156 66 proph¬

228 1206 75 42 et's
342 1203 75 45 life
454 1213 88 35 v/as
583 1196 143 52 solved
765 1192 84 56 and
888 1192 105 56 duty
1031 1199 87 49 was
1155 1180 125 68 made

226 1267 127 54 plain.
408 1265 70 56 He
503 1262 100 59 then
629 1255 159 66 sought
810 1260 47 61 to
881 1252 167 69 redeem
1073 1246 68 75 his
1165 1242 115 79 wife,

229 1330 82 42 and
346 1327 123 45 made
499 1324 68 48 his
602 1319 249 53 experience
883 1315 73 57 the
988 1310 113 62 basis
1132 1306 51 66 of
1215 1305 64 67 his

231 1390 160 56 gospel.

286 1455 130 45 How,
448 1449 115 51 then,
595 1459 99 41 may
725 1456 65 44 we
823 1437 204 63 reconcile
1058 1433 84 67 this
1175 1430 107 70 view

235 1516 103 43 with
377 1516 73 43 the
489 1506 228 53 command
755 1517 51 42 so
844 1501 158 58 plainly
1043 1490 242 69 expressed,

235 1581 93 39 "Go
357 1577 97 43 take
480 1579 103 41 unto
628 1570 96 50 thee
764 1581 26 39 a
828 1564 103 56 wife
974 1561 46 59 of
1072 1555 215 65 harlotry"

241 1640 114 55 (1:2)
373 1640 18 55 ?
440 1637 103 58 And
564 1634 98 61 how
685 1643 97 52 may
805 1640 64 55 we
889 1624 126 71 make
1036 1621 34 74 it
1091 1620 198 75 harmon¬

236 1706 60 39 ize
327 1701 104 44 with
462 1699 73 46 the
567 1706 173 39 reasons
772 1687 203 58 recorded
1007 1677 284 68 immediately

238 1767 110 41 after
371 1763 72 45 the
465 1757 240 51 command,
727 1753 115 55 "For
865 1751 70 57 the
956 1747 102 61 land
1079 1746 77 62 has
1180 1754 112 54 com¬

238 1828 151 43 mitted
424 1830 126 47 great
583 1819 191 58 harlotry
810 1813 228 64 departing
1071 1808 118 69 from
1224 1802 71 75 the

240 1889 158 44 Lord"
433 1886 93 47 etc?
613 1881 80 52 "In
724 1877 84 56 this
838 1869 309 64 way—When,
1178 1877 118 56 some

241 1965 122 41 years
393 1950 111 56 after
530 1946 66 60 his
623 1941 226 65 marriage,
876 1938 147 68 Hosea
1049 1936 45 70 at
1118 1930 83 76 last
1225 1927 72 79 be¬

245 2029 86 41 gan
365 2020 47 50 to
444 2012 53 58 be
530 2020 142 50 aware
705 2003 48 67 of
786 2001 72 69 the
891 1999 217 71 character
1140 1990 49 80 of
1220 1989 77 81 her

243 2079 142 42 whom
408 2075 55 46 he
485 2072 85 49 had
593 2070 128 51 taken
744 2071 45 50 to
811 2062 66 59 his
902 2061 139 60 home,
1065 2054 87 67 and
1172 2050 127 71 while

246 2143 53 39 he
332 2138 85 44 still
450 2133 191 49 brooded
673 2141 115 41 upon
821 2125 45 57 it,
901 2122 95 60 God
1030 2114 194 68 revealed
1254 2117 47 65 to

246 2205 90 41 him
363 2199 99 52 why
488 2197 73 54 He
587 2192 99 59 who
708 2185 201 66 knoweth
937 2184 53 67 all
1015 2180 146 71 things
1188 2177 113 74 from
