1500 2500
343 264 100 27 LIFE
470 265 90 27 AND
587 265 265 29 PROPHECIES
879 266 54 28 OF
959 265 150 29 HOSEA.

221 391 212 53 exposing
454 391 71 53 the
547 391 170 53 terrible
738 392 261 52 hatefulness
1022 391 47 53 of
1092 391 77 53 sin,
1193 392 83 52 and

223 453 46 41 of
298 453 273 53 magnifying
601 454 70 52 the
700 468 144 38 power
873 455 47 51 of
950 455 130 51 God's
1110 454 94 52 love
1234 461 43 45 to

227 517 179 40 redeem.
476 516 93 41 The
610 517 119 40 Bible
769 530 129 28 never
938 517 130 41 shuns
1109 516 166 42 realism

224 592 79 26 nor
344 578 186 42 eschews
571 578 72 42 the
682 579 193 52 plainest,
915 580 185 51 bluntest
1140 580 137 51 figure

223 641 36 39 if
278 640 70 41 the
370 640 230 43 sinfulness
624 641 46 42 of
690 642 65 41 sin
775 655 97 38 may
893 642 51 51 be
965 642 123 51 made
1108 642 169 51 known,

226 717 49 27 or
312 703 72 41 the
420 717 145 38 power
602 703 47 52 of
687 703 130 52 God's
854 705 95 50 love
983 717 98 39 may
1117 704 52 52 be
1205 716 73 40 ex¬

226 767 111 40 alted
373 765 187 53 thereby.
627 766 120 52 Bible
783 766 184 52 pictures
1003 780 72 38 are
1109 765 169 53 painted

227 828 113 40 from
365 829 86 40 real
476 828 74 41 life
576 830 83 40 and
685 841 70 29 are
778 835 94 35 true
895 834 43 36 to
963 828 111 42 their
1096 827 181 53 original

224 904 186 35 —scars,
434 890 196 49 wrinkles
654 891 83 48 and
760 891 66 48 all.
877 890 104 49 This
1004 891 33 48 is
1061 891 121 50 done,
1204 897 74 44 not

225 952 68 41 for
326 953 70 40 the
430 966 184 38 purpose
646 953 47 51 of
726 953 210 52 exposing
968 966 54 39 an
1054 953 104 52 ugly
1190 952 85 53 pic¬

222 1020 107 43 ture,
356 1015 75 48 but
459 1014 91 49 that
576 1014 72 49 the
673 1028 102 38 very
803 1015 187 52 ugliness
1018 1014 48 53 of
1090 1014 73 53 the
1189 1015 86 52 pic¬

223 1083 94 34 ture
340 1090 97 39 may
462 1077 123 52 stand
609 1091 45 38 as
678 1091 25 38 a
726 1077 196 52 warning
944 1082 45 47 to
1013 1076 155 53 others,
1192 1074 83 55 and

227 1153 120 27 serve
371 1138 71 43 the
465 1139 84 42 will
573 1138 48 43 of
646 1139 107 43 God.

697 1250 93 41 The
814 1256 117 48 story
954 1251 83 53 and
1059 1251 53 53 its
1136 1261 141 43 mean-

336 1314 100 41 The
458 1314 137 52 Story
698 1316 75 50 ing
807 1326 71 40 are
913 1313 157 53 related
1118 1312 46 54 in
1208 1311 71 55 the

366 1377 203 40 Related.
698 1376 91 41 first
824 1375 118 42 three
990 1375 194 51 chapters
1233 1372 46 54 of

256 1451 119 38 1:1-9
402 1445 49 44 to
482 1450 188 39 111:1-3.
699 1438 159 51 Hosea.
981 1435 123 54 Plain
1195 1435 83 54 and

697 1499 198 52 startling
933 1499 36 52 is
1022 1498 72 53 the
1146 1502 128 49 story.

228 1565 118 50 Deep
382 1563 83 52 and
502 1568 210 47 pregnasit
746 1561 103 54 with
884 1560 279 55 providential
1199 1560 79 55 les¬

224 1639 98 26 sons
353 1626 34 40 is
419 1625 70 41 the
518 1624 201 52 meaning
747 1623 178 53 thereof.
983 1623 118 53 "The
1132 1622 143 54 begin¬

226 1688 105 52 ning
367 1688 46 52 of
448 1687 68 53 the
551 1687 121 53 word
707 1687 45 53 of
787 1686 69 54 the
889 1686 118 54 Lord
1040 1692 42 48 to
1115 1686 160 54 Hosea.

225 1750 102 40 And
364 1750 71 41 the
468 1750 118 41 Lord
621 1748 92 43 said
747 1755 102 36 unto
885 1749 160 46 Hosea,
1081 1748 63 47 Go
1182 1748 94 47 take

224 1819 102 34 unto
358 1811 93 42 thee
479 1825 26 28 a
531 1811 101 52 wife
661 1810 46 53 of
735 1809 226 54 harlotry."
1020 1809 70 54 He
1115 1807 162 56 obeyed

223 1875 70 40 the
321 1873 238 48 command,
589 1872 111 49 "and
726 1878 112 43 went
865 1872 85 49 and
978 1872 98 49 took
1107 1872 168 49 Gomer,

228 1937 210 52 daughter
478 1935 47 54 of
563 1933 210 56 Diblaim;
814 1933 84 56 and
936 1934 77 55 she
1053 1932 224 57 conceived

227 1999 83 41 and
345 2000 99 40 bare
476 1997 88 43 him
597 2011 25 29 a
651 2009 89 31 son.
801 1996 102 44 And
936 1996 70 44 the
1036 1995 119 45 Lord
1185 1992 93 48 said

225 2068 103 35 unto
359 2061 98 49 him,
488 2060 91 50 Call
606 2058 66 52 his
698 2071 123 39 name
848 2058 162 52 Jezreel
1044 2055 235 55 (My-own,

227 2120 480 57 yet-to-be-scattered),
723 2121 72 56 for
809 2126 70 51 yet
896 2134 25 43 a
936 2118 104 59 little
1058 2118 125 59 while
1201 2117 83 60 crnd

228 2188 24 40 I
272 2187 88 41 tvill
384 2198 162 40 avenge
573 2184 69 54 the
668 2183 124 55 blood
818 2182 46 56 of
886 2182 163 56 Jezreel
1074 2187 114 51 upon
1215 2180 69 58 the
