1500 2500
227 374 46 40 of
295 373 252 50 the,nation,
573 373 140 50 which
738 388 72 35 are
834 389 46 34 as
906 374 190 49 follows:
1122 375 94 48 loye
1240 373 47 50 of

227 437 273 60 oppression;
530 439 74 58 t(se
633 437 47 60 of
710 437 107 60 false
844 437 217 60 balances;
1090 438 124 59 boast
1241 436 46 61 of

230 498 266 49 \vealtK—all
538 500 245 47 unmindful
825 500 47 47 of
926 500 71 47 the
1053 500 88 47 fact
1195 499 91 48 that

231 549 153 57 weafth
424 550 378 70 h^s."'wings,''for
840 562 194 58 Jehovah
1075 561 122 59 saith,
1238 561 48 59 "I

228 623 103 43 will'
344 631 69 46 yet
444 620 123 57 make
590 626 103 51 thee
723 625 126 52 dwell'
877 622 53 55 in'
948 625 260 52 tabernacles
1239 637 46 40 as

230 688 43 41 iii
300 677 89 53 'the'
415 688 103 54 days
557 686 47 56 of
640 687 70 55 the
748 688 161 54 solemn
948 687 150 55 feast."
1164 686 122 56 They

228 749 141 43 would
390 752 74 40 not
484 753 102 39 hear
608 751 70 41 the
701 742 215 61 prophets,
939 751 76 52 but
1036 752 101 51 kept
1158 750 127 53 sacri¬

229 814 129 52 ficing
383 814 41 52 in
451 813 153 54 Gilgal,
631 812 113 55 "But
768 814 19 53 I
814 814 105 53 shall
944 814 123 53 make
1091 812 111 55 their
1226 812 58 55 al¬

230 875 84 42 tars
341 868 81 49 like
447 875 129 54 hdaps
602 877 43 52 in
670 876 71 53 the
767 874 184 55 furrows
977 875 47 54 6f
1048 872 72 57 the
1145 873 137 56 field."

284 939 115 40 Here
432 952 103 28 once
567 939 125 52 again
725 938 70 53 the
828 940 179 51 prophet
1040 952 102 39 goes
1175 938 107 53 back

228 1002 82 40 and
340 1001 182 51 gathers:
542 1001 72 51 the'
642 1001 69 51 olid
740 1001 139 51 truths
908 1002 84 50 and
1017 1013 106 39 runs
1153 1000 129 52 along

226 1063 69 46 the
321 1064 68 45 old
412 1063 248 50 .lines,—the
684 1064 189 52 glorious
898 1070 95 46 past
1016 1064 123 52 when
1164 1063 116 53 Eph-

229 1127 106 58 rai;ji
351 1140 94 45 .was
472 1140 23 45 a
519 1139 156 46 power.
728 1122 86 63 But
839 1127 182 58 idolatry
1046 1126 234 59 dethroned

225 1188 112 45 .their
369 1202 162 35 reason,
565 1191 83 46 and
679 1189 156 51 luxury
868 1189 158 55 sapped
1056 1188 85 56 the"
1158 1181 122 63 vital¬

230 1250 67 59 ity,
311 1250 46 59 of
379 1251 69 58 the
471 1251 106 58 tribe
601 1265 45 44 as
669 1251 93 58 well
786 1263 44 46 as
853 1251 64 58 of
921 1251 71 58 the
1015 1255 158 54 nation.

241 1353 1 2 .
289 1313 125 42 From
448 1327 23 28 a
505 1313 171 52 literary
709 1313 83 52 and
826 1313 223 52 rhetorical
1082 1313 119 53 point
1234 1311 47 55 of

232 1375 104 46 view
355 1407 4 14 ■
373 1370 69 51 the
479 1382 86 39 two
600 1374 164 55 closing
800 1374 194 55 chapters
1032 1389 71 40 are
1139 1374 141 55 fitting

231 1438 137 41 words
397 1437 67 45 for
490 1436 70 46 the
587 1438 194 52 epilogue
803 1438 49 52 of
878 1452 24 38 a
927 1438 170 52 treatise
1124 1438 47 52 of
1196 1435 82 55 this

231 1500 228 41 character.
513 1497 132 44 What
671 1499 226 54 delightful
923 1514 107 39 ease,
1057 1500 83 53 and
1166 1499 115 54 play¬

232 1563 61 40 ful
315 1569 68 46 yet
405 1569 165 46 earnest
590 1575 197 40 sarcasm,
809 1562 114 53 what
945 1562 118 53 force
1082 1562 83 53 and
1185 1571 95 44 pas¬

231 1626 91 39 sion
357 1638 70 28 are
461 1624 212 42 exhibited
707 1623 112 43 here.
882 1624 122 42 With
1037 1624 114 42 what
1186 1635 93 40 per¬

229 1687 177 41 sistence
435 1684 99 45 does
562 1685 55 44 he
647 1687 71 52 ply
736 1686 80 53 "the
847 1686 240 53 self-willed
1095 1736 8 7 _
1117 1686 161 57 people.

228 1749 130 41 Their
392 1750 133 52 pride,
576 1748 287 54 immoralities
914 1749 83 53 and
1047 1747 230 55 irreligion,

227 1812 107 41 their
359 1812 201 43 senseless
586 1812 186 52 political
797 1812 348 52 entanglements,
1170 1808 109 56 their

229 1875 84 54 icjql
345 1875 108 58 gods
487 1875 83 58 and
604 1880 160 53 puppet
793 1868 141 65 kings,
968 1873 54 60 all
1054 1873 123 60 mark
1208 1871 71 62 the

228 1937 143 46 nation
404 1950 45 33 as
483 1942 138 41 rotten
652 1942 46 41 to
727 1936 70 47 the
829 1949 107 34 core.
997 1935 140 48 These
1166 1934 113 49 form

229 2000 70 41 the
350 2005 160 51 targets
563 1998 49 58 of
657 1998 66 58 his
762 2011 121 45 scorn
922 1998 84 58 and
1042 2001 236 55 contempt:

233 2063 167 51 pierced
436 2062 54 57 by
525 2060 71 59 the
632 2060 136 59 shafts
805 2059 52 60 of,
888 2059 176 60 ridicule
1099 2059 95 60 shot
1229 2058 56 61 by

234 2125 68 42 the
331 2124 155 45 nimble
516 2123 94 46 wits
639 2120 48 49 of
713 2118 82 51 tliis
826 2127 170 42 veteran
1025 2121 260 48 marksman,

234 2187 68 42 the
326 2187 145 42 nation
497 2187 35 42 is
555 2186 125 43 made
704 2184 227 45 ridiculous
956 2183 43 46 in
1024 2183 70 46 the
1119 2196 96 39 eyes
1241 2180 46 55 of
