1516 2510
406 242 99 28 life
532 234 88 37 And
647 240 262 34 prophecies
937 244 55 30 of
1016 244 150 30 hosea.

293 365 64 39 To
393 366 123 42 know
553 368 175 40 another
764 368 218 51 perfectly,
1018 369 84 50 and
1138 368 40 51 in
1214 366 71 53 the

239 426 168 52 highest
434 438 121 40 sense
582 430 34 48 is
644 436 45 42 to
715 431 97 47 hate
839 443 49 35 or
913 430 97 48 love
1033 429 73 49 the
1134 438 155 44 person

239 489 166 40 known.
459 491 39 39 It
523 502 85 29 was
636 503 57 28 no
716 503 114 29 mere
854 492 230 51 ignorance
1105 488 50 55 of
1180 491 108 52 facts

234 550 91 40 that
346 551 229 42 beclouded
600 553 165 40 Israel's
791 553 117 40 mind
934 553 83 40 and
1039 554 149 40 seared
1211 552 72 42 the

234 612 179 40 nation's
453 614 253 40 conscience.
775 609 121 57 They
933 625 111 41 were
1081 616 94 50 well
1214 629 67 37 ac¬

232 674 198 51 quainted
467 675 101 50 with
605 675 108 50 their
748 682 94 46 past
878 678 281 51 providential
1194 678 85 51 his¬

232 742 105 45 tory,
369 737 68 50 the
468 744 141 43 events
641 737 46 50 of
716 738 140 49 which
883 753 111 34 were
1022 740 98 53 kept
1149 751 130 42 green

231 798 42 39 in
297 799 109 40 their
433 812 201 41 memory.

287 858 137 42 These
463 862 98 51 they
601 861 81 52 had
721 864 208 49 Crowned,
970 864 307 49 immortalized

229 927 41 34 at
299 922 145 40 Bethel
473 924 82 39 ahd
586 924 151 53 Gilgal,
767 930 41 47 at
836 926 96 51 Dan
960 927 83 50 and
1073 927 203 50 Beershe-

229 983 82 40 ba.;
355 984 84 40 But
471 985 129 40 Israel
631 997 85 29 was
749 987 199 52 ignorant
979 988 45 51 of
1054 989 70 50 the
1155 988 120 51 char¬

233 1050 114 35 acter
386 1047 81 41 and
509 1060 186 39 purpose
733 1049 51 50 of
824 1048 94 51 God
960 1049 139 50 which
1141 1051 133 48 s'hoile

224 1106 186 54 through
433 1108 118 52 these
575 1110 107 50 facts
708 1110 110 50 with,
832 1125 54 35 an
911 1126 98 34 ever
1031 1112 240 53 increasing

226 1168 140 42 lustre.
419 1170 90 41 The
532 1171 187 41 bitterest
740 1173 194 54 weeping
955 1174 46 53 of
1022 1175 72 52 the
1116 1175 156 53 proph¬

227 1235 39 33 et
301 1244 86 29 was
424 1245 102 28 over
563 1233 81 44 this
683 1233 371 53 fact—ignorance
1103 1236 48 50 of
1185 1279 4 7 .
1201 1238 70 48 the

223 1292 84 39 real
328 1292 213 41 character
563 1294 45 40 of
632 1294 104 42 God.
787 1296 70 41 No
876 1310 114 28 mere
1009 1310 189 41 memory
1220 1299 46 52 of

220 1352 70 40 the
309 1363 92 42 past
421 1354 123 51 could
563 1355 125 54 bring
705 1355 82 54 this
806 1357 251 53 knowledge
1072 1365 47 45 to
1136 1360 127 50 them.

224 1411 91 43 The
339 1416 183 51 prophet
544 1417 82 50 had
652 1417 107 50 tried
785 1418 32 49 it
843 1421 82 46 and
951 1419 141 48 failed.
1120 1421 147 46 Hence

223 1475 190 52 Jehovah
447 1483 113 44 must
598 1478 137 49 desert
771 1478 81 49 His
891 1480 188 47 faithless
1114 1496 153 38 spouse

222 1538 83 39 and
331 1538 55 41 let
412 1538 74 41 her
511 1537 80 42 feel
615 1540 71 40 the
711 1540 172 42 harlot's
909 1542 145 45 shame
1079 1545 84 42 and
1187 1544 80 43 bit¬

219 1605 63 33 ter
321 1601 222 40 memories
581 1601 48 40 of
667 1601 71 41 the
776 1603 135 41 better
950 1610 105 46 past.
1122 1605 141 51 When

217 1660 83 42 this
326 1661 33 41 is
385 1661 109 41 done
517 1661 70 42 He
609 1663 83 41 will
717 1670 144 35 return
885 1666 83 40 and
991 1666 92 41 lead
1107 1668 76 40 her
1206 1681 56 38 up

221 1727 72 34 out
328 1721 46 41 of
404 1722 73 50 tfie
508 1724 244 48 wilderness
786 1727 83 45 and
902 1726 125 55 "they
1059 1729 110 52 shall
1201 1744 63 37 re¬

216 1782 96 42 vive
333 1797 47 29 as
404 1785 69 41 the
496 1798 100 28 corn
620 1788 82 40 and
723 1800 124 39 grow
869 1803 47 36 as
940 1789 70 50 the
1031 1789 124 50 vine"
1180 1792 82 47 and

218 1841 231 59 "Ephraim
470 1844 107 56 shall
597 1861 89 43 say;,
712 1849 129 55 What
857 1851 111 53 have
989 1853 26 51 I
1037 1859 40 45 to
1102 1854 54 50 do
1180 1868 82 39 any

218 1919 115 27 more
362 1905 101 43 with
492 1907 164 43 idols?"

271 1967 140 43 "Who
444 1969 37 41 is
513 1969 113 52 wise,
660 1973 83 48 and
778 1971 50 50 he
859 1973 110 48 shall
1000 1975 260 46 understand

218 2027 113 43 these
366 2030 154 53 things,
552 2030 183 53 prudent
768 2033 81 50 and
884 2036 52 47 he
979 2036 111 47 shall
1134 2038 127 45 know

217 2092 141 40 them?
385 2091 69 50 for
481 2092 67 49 the
575 2106 118 43 ways
720 2093 47 56 of
794 2095 67 54 the
888 2096 121 53 Lord
1032 2111 72 38 are
1129 2095 129 57 right,

217 2153 82 40 and
334 2153 67 41 the
432 2154 91 52 just
554 2152 109 54 shall
692 2155 109 51 walk
834 2156 45 50 in
912 2157 136 52 them;
1083 2161 73 48 but
1190 2156 69 53 the

216 2220 306 48 transgressors
544 2216 107 52 shall
673 2217 76 56 fall
773 2218 161 55 therein
948 2219 25 54 "
