1500 2500
393 272 99 27 LIFE
518 272 88 27 AND
633 271 263 28 PROPHECIES
922 271 54 28 OP
1003 269 151 30 HOSEA.

254 397 102 40 And
382 396 66 41 his
472 397 121 41 smell
616 410 48 28 as
687 397 214 41 Lebanon.

258 458 116 52 They
409 459 90 51 that
532 458 125 52 dwell
689 459 135 51 under
857 456 67 54 his
957 457 177 53 shadow
1167 455 109 55 shall

336 526 169 43 return;

259 582 116 51 They
403 582 107 51 shall
538 581 144 52 revive
710 593 48 40 as
788 580 68 53 the
886 593 114 40 corn,

255 643 101 39 And
384 656 123 38 grow
536 655 46 39 as
613 643 68 51 the
711 641 120 53 vine;

259 705 88 40 The
373 710 118 35 scent
519 704 164 52 thereof
707 704 108 52 shall
845 704 47 52 be
920 716 47 40 as
996 702 68 54 the
1091 702 110 54 wine
1230 703 46 53 of

335 765 241 41 Lebanon."

283 889 121 40 Then
440 888 84 42 will
559 888 99 51 they
693 888 51 51 be
777 888 250 51 completely
1063 887 128 52 cured
1227 885 47 54 of

227 950 109 40 their
367 950 192 52 idolatry,
592 949 69 53 for
689 949 100 53 they
820 949 105 53 shall
957 962 96 40 say:
1114 950 160 52 "What

228 1013 105 39 have
358 1014 23 39 I
408 1018 40 35 to
474 1013 53 40 do
552 1026 82 39 any
660 1025 118 40 more
801 1011 106 54 with
929 1012 110 53 idols
1044 1013 23 52 f
1118 1013 24 52 I
1166 1012 108 53 have

227 1074 130 41 heard
381 1074 107 41 Him
513 1074 82 41 and
621 1074 203 41 observed
848 1072 108 43 Him
1022 1073 83 42 and
1130 1072 142 48 hence,

228 1135 49 40 "I
296 1149 67 27 am
382 1135 81 41 like
483 1149 25 27 a
526 1148 131 39 green
675 1136 51 51 Hr
745 1135 126 52 tree''

282 1197 154 40 "Some
460 1210 78 27 one
559 1197 75 40 has
656 1196 138 41 added
816 1210 25 27 a
861 1208 218 29 summons
1100 1201 46 36 to
1167 1195 106 42 later

225 1259 268 51 generations
517 1266 45 44 to
585 1259 68 51 lay
678 1258 83 52 this
785 1258 111 52 book
919 1263 47 47 to
986 1258 124 52 heart
1133 1258 43 52 in
1200 1256 72 54 the

226 1320 90 40 face
342 1320 46 41 of
413 1320 108 41 their
545 1333 96 28 own
666 1320 210 51 problems
902 1320 84 51 and
1009 1319 101 52 sins.
1165 1318 105 53 May

225 1396 63 26 we
317 1383 55 40 do
399 1395 48 28 so
475 1381 69 42 for
569 1381 265 42 ourselves!"

227 1505 140 41 "Who
402 1504 38 42 is
474 1504 114 51 wise,
625 1505 90 50 that
749 1505 53 50 he
837 1505 283 50 understands
1155 1506 115 49 these

336 1566 152 53 things.

252 1627 242 53 Intelligent
520 1628 90 52 that
636 1629 51 51 he
714 1629 148 51 knows
890 1628 142 52 them?

257 1690 99 48 Yea,
380 1689 183 52 straight
586 1703 71 38 are
684 1690 68 51 the
776 1703 117 38 ways
918 1690 47 52 of
987 1689 205 53 Jehovah,

251 1751 101 40 And
372 1751 68 40 the
459 1750 220 53 righteous
695 1751 109 52 shall
821 1751 110 52 walk
951 1750 176 53 therein,

252 1813 87 39 But
355 1812 166 41 sinners
538 1813 108 41 shall
664 1813 181 41 stumble
863 1819 116 47 upon
999 1812 154 54 them."

1017 1872 133 42 —xiv
1162 1883 51 42 :g.

688 1996 113 41 That
825 1996 70 41 the
918 1995 188 53 glorious
1128 1996 141 52 words

229 2060 114 40 Two
367 2059 115 41 Fold
691 2057 93 43 that
819 2058 112 42 close
967 2056 72 44 the
1074 2056 112 44 book
1223 2064 46 36 ot

310 2120 308 51 Significance.
691 2120 147 51 Hosea
870 2119 111 52 have
1014 2133 25 38 a
1071 2117 199 54 two-fold

688 2181 202 53 meaning
908 2181 35 53 is
966 2194 102 40 -cry
1089 2179 180 55 evident.
