1500 2500
385 271 100 28 LIFE
510 270 90 29 AND
626 269 263 30 PROPHECIES
916 269 54 30 OF
997 267 152 32 HOSEA.

690 389 104 41 This
830 388 173 47 section,
1035 384 141 51 which
1209 395 65 40 we

228 452 42 40 A
297 451 194 53 Graphic
693 453 107 51 have
836 450 173 54 entitled
1046 449 69 55 "A
1152 446 125 58 Cata-

330 514 339 40 Enumeration.
688 514 126 51 logue
845 512 46 53 of
923 510 204 55 Crimes,"
1158 521 114 44 com¬

691 587 167 28 mences
915 573 103 42 with
1071 573 72 42 the
1195 571 80 44 last

227 651 119 26 verse
385 637 48 40 of
473 638 69 40 the
582 638 190 40 eleventh
813 636 185 51 chapter,
1041 634 233 53 "Ephraim

226 700 264 51 compasseth
509 713 67 38 me
595 700 128 51 about
741 698 102 53 with
862 699 75 52 lies
954 698 86 53 and
1054 697 74 54 the
1145 698 132 53 house

223 762 48 40 of
293 762 129 43 Israel
444 761 102 44 with
569 761 173 44 deceit."
778 760 105 45 This
906 760 215 45 doubtless
1141 758 134 47 refers

224 830 44 33 to
290 824 107 40 their
422 824 283 40 half-hearted
729 823 201 52 religious
953 822 213 53 worship.:
1205 821 71 54 An

226 892 175 46 attempt
421 894 44 44 to
483 887 188 51 provoke
689 885 115 53 them
822 892 45 46 to
879 885 200 53 jealousy
1098 884 176 54 follows,

228 948 112 41 "But
376 949 143 40 Judah
553 955 70 45 yet
659 948 139 52 ruleth
834 948 105 52 with
976 949 108 51 God,
1120 949 84 51 and
1239 948 37 52 is

226 1011 177 51 faithful
438 1010 104 52 with
579 1011 67 51 the
682 1009 394 53 saintsJudah,
1111 1008 165 54 though

226 1073 145 47 sinful,
400 1086 85 34 was
514 1085 127 35 never
668 1086 49 34 so
743 1072 163 48 wicked
933 1072 84 48 and
1044 1071 231 49 idolatrous

227 1147 46 28 as
295 1135 143 43 Israel.

284 1195 110 41 Now
421 1209 138 27 comes
587 1210 26 26 a
638 1209 117 27 more
782 1195 178 41 detailed
985 1193 291 43 enumeration

228 1259 46 43 of
299 1258 70 44 the
398 1259 148 43 crimes
571 1258 49 44 of
646 1260 70 42 the
742 1257 286 49 nation,—the
1056 1256 221 52 following

228 1321 47 41 of
308 1321 98 41 vain
439 1322 84 40 and
557 1320 171 51 fleeting
760 1320 143 51 hopes,
945 1319 154 52 (given
1130 1319 45 52 in
1207 1318 70 53 the

230 1383 135 51 figure
385 1382 46 52 of
450 1382 70 52 the
541 1382 137 52 wind)
699 1396 9 38 ;
730 1387 205 47 covenant
957 1381 197 53 relations
1173 1379 105 55 with

230 1445 179 51 Assyria
447 1445 84 51 and
571 1445 167 51 Egypt;
777 1443 142 53 Judah
956 1443 187 53 likewise
1181 1454 95 42 cen¬

232 1506 137 43 sured.

286 1569 85 39 For
392 1582 28 26 a
442 1575 185 33 moment
652 1568 70 44 the
747 1581 123 31 scene
892 1567 185 52 changes
1100 1566 84 53 and
1208 1565 71 54 the

229 1631 145 40 nation
399 1630 32 41 is
458 1631 187 41 referred
669 1637 44 35 to
735 1630 107 42 their
867 1629 139 43 father
1027 1629 131 52 Jacob
1182 1627 98 54 who

232 1693 147 43 sinned
412 1706 44 30 as
488 1694 98 49 they
618 1692 83 51 had
730 1692 176 51 sinned;
935 1692 75 51 but
1042 1691 64 52 he,
1138 1689 141 54 unlike

233 1754 125 48 them,,
400 1754 136 50 "wept
576 1755 83 49 and
697 1754 122 50 made
857 1752 283 52 supplication
1177 1756 103 48 unto

231 1816 105 40 Him
364 1816 82 40 and
473 1815 252 51 prevailed."
781 1814 92 52 The
901 1815 115 51 Lord
1041 1814 35 52 is
1102 1813 66 53 his
1194 1826 86 40 me¬

232 1877 163 49 morial,
427 1878 84 48 and
544 1878 144 48 stands
723 1877 129 51 ready
882 1883 46 45 to
961 1876 182 53 forgive,
1174 1888 107 41 even

232 1953 107 33 now,
368 1952 53 34 on
449 1945 128 41 terms
605 1953 44 33 as
678 1939 243 47 reasonable
948 1951 45 35 as
1021 1938 120 48 those
1166 1949 114 39 upon

236 2000 135 41 which
412 2000 133 51 Jacob
584 2000 134 51 found
759 2001 176 50 pardon.
1006 1998 274 53 "Therefore,

233 2068 97 33 turn
358 2061 105 40 thou
492 2067 104 38 unto
624 2062 74 51 thy
729 2062 118 51 God:
878 2061 120 52 Keep
1027 2073 142 40 mercy
1197 2059 84 54 and

233 2123 264 52 judgment."
556 2123 91 52 The
677 2124 180 51 prophet
885 2124 126 52 again
1042 2128 167 48 returns
1237 2125 46 51 to

233 2186 62 40 his
325 2185 159 41 former
511 2185 95 41 task
636 2185 47 41 of
711 2185 293 52 enumerating
1031 2185 73 52 the
1129 2183 152 54 crimes
