1513 2508
394 273 98 29 LIFE
519 274 88 28 AND
634 274 263 29 PROPHECIES
923 276 55 28 OP
1004 276 150 29 HOSEA.

709 402 85 40 III.

228 493 230 40 Darkness
498 496 90 38 and
632 494 176 48 Gloom,
850 495 131 47 With
1023 495 123 47 Here
1187 495 90 47 and

465 556 147 40 There
635 569 26 28 a
686 557 100 51 Ray
808 556 48 52 of
879 557 152 51 Light.

283 696 203 52 Chapters
515 709 28 39 4
571 698 83 50 and
688 710 50 39 14
766 704 155 45 cannot
949 698 52 51 be
1030 698 154 52 clearly
1214 698 61 52 di¬

226 757 125 42 vided
371 759 89 41 into
480 760 192 40 sections.
722 760 92 40 The
832 764 121 37 mists
974 762 83 42 and
1077 761 197 43 shadows

226 819 45 41 of
296 820 163 41 Israel's
487 820 245 42 threatened
759 823 125 41 doom
909 836 96 39 pass
1032 824 146 51 before
1205 824 69 51 the

226 883 212 50 prophet's
477 883 253 50 bewildered
768 885 138 48 vision
946 887 43 46 in
1027 887 246 52 panoramic

224 944 193 51 rapidity.

691 1008 71 40 He
795 1022 127 38 gazes
958 1010 42 50 in
1050 1011 88 51 pity
1187 1011 84 51 and

223 1068 201 41 Difficult
456 1076 48 36 to
692 1070 171 54 anxiety
897 1084 114 40 upon
1043 1072 73 52 the
1160 1071 112 53 lurid

442 1131 176 42 Divide,
690 1133 224 51 phantoms
977 1134 51 50 of
1104 1132 169 54 despair

224 1192 6 48 ]
694 1196 91 44 that
816 1208 98 39 pass
949 1196 43 51 in
1039 1196 121 52 rapid
1208 1208 64 40 re¬

223 1254 105 41 view
355 1269 101 26 over
482 1270 25 26 a
533 1256 145 40 leaden
705 1257 78 51 sky
808 1258 212 50 bedecked
1044 1259 99 51 only
1170 1258 98 52 here

224 1318 83 39 and
331 1316 118 41 there
476 1318 102 40 with
605 1332 24 26 a
655 1325 86 34 star
767 1319 47 40 of
839 1319 120 52 hope.
988 1321 70 50 He
1085 1320 184 51 clutches

226 1379 83 39 and
347 1379 217 40 welcomes
605 1394 124 37 every
767 1394 75 37 ray
877 1382 50 49 of
962 1382 108 51 light
1106 1382 92 51 that
1235 1381 35 52 is

224 1439 165 41 thrown
445 1453 113 39 upon
614 1442 72 50 the
740 1442 175 50 horizon
971 1444 47 48 of
1072 1444 72 48 the
1197 1457 74 35 na¬

224 1502 101 39 tion.
385 1503 95 47 Yet,
512 1503 51 47 he
594 1505 180 45 remains
806 1511 94 39 true
929 1512 45 38 to
1000 1507 65 43 his
1095 1507 176 43 mission

224 1563 82 39 and
326 1563 137 50 paints
486 1565 42 48 in
548 1566 96 47 bold
666 1566 120 47 relief
803 1566 73 47 the
896 1568 105 45 dark
1022 1571 90 42 side
1131 1572 50 41 of
1200 1575 70 38 tne

225 1624 171 50 picture,
426 1625 175 53 arching
627 1628 30 50 it
682 1627 102 51 with
810 1628 69 50 the
905 1629 187 51 glorious
1118 1632 80 48 law
1222 1629 48 51 of

225 1687 195 49 promise,
457 1687 127 49 based
621 1701 113 38 upon
772 1689 95 50 love
917 1691 82 48 and
1051 1691 218 51 righteous

226 1748 190 39 conduct.
472 1749 48 39 In
549 1749 115 40 these
691 1751 120 39 alone
836 1752 34 39 is
897 1752 70 39 the
992 1755 109 49 hope
1127 1753 48 51 of
1199 1753 71 51 the

225 1809 142 39 nation
398 1816 44 33 to
471 1810 49 41 be
551 1811 144 40 found.
755 1812 91 41 The
878 1814 190 50 splendid
1098 1821 95 44 past
1223 1815 46 50 of

225 1870 70 38 the
329 1871 144 40 nation
508 1873 36 38 is
582 1873 150 52 fading
767 1873 111 52 from
914 1876 121 49 view,
1071 1877 199 51 merging

225 1931 87 39 into
344 1945 24 26 a
398 1945 202 39 memory,
633 1935 239 52 crumbling
904 1936 88 51 into
1025 1936 125 51 chaos
1182 1938 85 49 and

224 1992 235 42 confusion.
522 1995 125 40 "And
680 2009 44 27 as
758 1997 128 52 decay
918 2001 75 48 has
1025 2012 55 37 no
1113 2000 156 49 climax

224 2056 83 39 and
333 2055 93 40 ruin
450 2068 56 29 no
530 2056 169 51 rhythm
726 2071 48 36 so
797 2071 64 36 we
885 2073 98 38 may
1008 2060 261 51 understand

226 2115 96 51 why
360 2116 32 50 it
431 2117 33 49 is
505 2117 240 51 impossible
783 2125 45 43 to
866 2121 142 47 divide
1043 2123 104 45 with
1187 2137 83 38 any

225 2177 201 52 certainty
458 2178 179 51 Hosea's
669 2181 146 48 record
847 2182 47 47 of
925 2182 167 47 Israel's
1124 2184 117 45 fall."
