1500 2500
343 258 101 29 LIFE
470 260 91 28 AND
587 261 266 30 PROPHECIES
880 263 54 29 OP
959 263 151 30 HOSEA.

702 388 192 43 Political
935 390 198 41 alliances
1174 389 103 43 with

223 449 210 44 Political
697 451 122 42 other
849 452 168 42 nations
1048 465 114 30 were
1191 452 89 43 for-

330 513 246 42 Alliances.
697 514 156 42 bidden
910 515 132 41 Israel
1098 515 55 53 by
1208 516 72 52 the

697 576 112 42 clear
834 578 121 41 word
982 577 49 42 of
1057 577 108 43 God.
1193 577 87 43 But

224 637 119 41 there
365 651 88 29 was
478 652 58 28 no
557 638 111 42 balm
694 638 44 42 in
757 638 165 43 Gilead.
975 639 187 42 Internal
1186 651 93 30 cor¬

226 700 184 52 ruption,
428 700 73 52 the
520 701 97 51 fires
637 700 47 52 of
703 702 187 50 national
909 702 165 54 vitality
1092 701 187 55 burning

227 763 95 49 low,
350 763 54 49 all
431 763 158 52 spelled
616 769 73 46 out
717 770 45 45 to
785 764 72 51 the
883 764 146 51 nation
1054 764 72 51 the
1154 764 124 51 death

228 831 187 36 warrant
453 825 47 42 of
539 826 53 41 its
631 826 225 41 existence.
924 826 121 53 They
1083 840 88 39 saw
1207 825 73 54 the

226 887 271 54 threatening
523 888 124 53 cloud
673 888 92 53 that
789 889 184 52 lowered
998 889 85 52 and
1108 887 171 54 gather-

229 950 99 41 ered
353 950 163 43 around
540 949 128 44 them.
720 950 121 53 They
865 964 86 39 saw
975 950 110 53 their
1107 950 170 53 wound,

228 1011 72 41 the
328 1011 104 42 fatal
462 1025 94 29 sore
584 1012 48 42 of
658 1012 71 42 the
756 1012 228 53 kingdom;
1014 1013 114 52 "But
1155 1013 122 52 when

231 1074 206 53 Ephraim
467 1087 91 40 saw
589 1074 66 53 his
685 1074 190 53 sickness
905 1076 83 51 and
1018 1074 143 53 Juddh
1190 1089 90 38 saw

232 1134 66 42 his
326 1136 155 41 wound,
514 1133 100 44 then
643 1143 113 35 went
784 1137 209 53 Ephraim
1023 1144 41 46 to
1097 1138 69 52 the
1195 1138 84 52 As¬

230 1197 143 53 syrian
396 1198 85 52 and
501 1204 95 46 sent
620 1204 41 46 to
685 1198 121 53 King
827 1199 167 52 Jareb"

286 1258 139 42 There
453 1273 87 28 was
569 1274 57 27 no
653 1260 327 52 statesmanship
1006 1273 80 39 nor
1114 1259 164 53 self-re¬

233 1321 132 41 liance
404 1327 43 35 at
483 1321 140 50 home,
661 1321 131 50 hence
830 1322 74 49 the
942 1321 253 53 application
1234 1327 45 47 to

234 1383 155 41 others,
414 1382 68 42 for
519 1382 80 42 aid.
664 1383 121 52 They
820 1384 200 52 accepted
1055 1384 72 52 the
1161 1383 118 53 prof¬

234 1444 118 42 fered
377 1444 169 42 treaties
573 1444 46 42 of
644 1458 126 39 peace
794 1445 83 52 and
903 1445 143 52 amity,
1072 1444 138 53 which
1236 1444 44 53 in

234 1508 70 40 the
336 1507 103 52 long
472 1520 79 39 run
584 1515 90 44 cost
707 1507 69 52 the
809 1507 145 52 nation
987 1520 103 40 very
1122 1507 156 53 dearly.

231 1568 119 41 Thus
385 1569 31 40 it
448 1582 87 28 was
569 1568 91 42 said
692 1568 91 42 that
816 1574 215 47 strangers
1064 1569 214 52 devoured

231 1630 109 41 their
372 1632 194 51 strength
599 1631 84 52 and
714 1630 100 53 they
845 1631 123 52 knew
999 1632 35 51 it
1065 1636 97 47 not;
1194 1629 84 54 and

227 1706 105 40 grey
360 1692 128 54 hairs,
516 1693 72 53 the
616 1693 95 53 sign
740 1692 46 54 of
813 1693 213 53 declining
1052 1692 87 54 life,
1166 1705 112 41 were

228 1769 114 39 upon
367 1755 137 53 them;
528 1755 76 53 but
625 1755 99 53 they
749 1755 176 53 ignored
947 1755 110 53 their
1080 1767 199 41 presence

230 1817 83 41 and
349 1817 72 41 the
458 1817 198 52 warning
692 1816 138 53 which
868 1817 99 52 they
1004 1830 122 40 gave.
1194 1816 84 54 But

231 1880 83 41 like
349 1893 25 28 a
411 1879 95 53 silly
543 1879 107 53 dove
685 1878 72 54 the
792 1879 143 53 nation
971 1877 227 55 continued
1234 1883 45 49 to

227 1942 195 53 multiply
448 1941 81 54 evil
554 1942 55 53 by
633 1941 52 54 its
712 1941 194 54 alliances
932 1939 103 56 with
1060 1939 120 56 other
1205 1952 72 43 na¬

228 2004 124 44 tions.

282 2066 349 53 Acknowledged
670 2065 183 54 enemies
895 2066 84 53 and
1034 2062 246 57 professing

229 2127 273 43 friends—all
529 2128 156 53 preyed
711 2140 114 41 upon
851 2125 72 56 the
948 2125 207 56 confused
1181 2137 98 44 peo¬

228 2191 79 52 ple.
364 2190 123 54 They
514 2190 98 54 paid
639 2190 157 54 tribute
824 2195 45 49 to
895 2188 193 56 Assyria,
1116 2185 162 59 carried
