1513 2508
396 261 99 29 LIFE
524 263 89 29 AND
639 265 267 31 PROPHECIES
933 269 53 28 OP
1012 270 150 29 HOSEA.

228 387 70 41 the
326 388 205 44 domestic
559 391 131 54 decay
717 396 85 49 and
829 394 72 51 the
928 396 185 52 political
1141 397 142 54 decay.

230 512 249 55 "Ephraim,
519 516 52 51 he
609 517 164 50 mixeth
812 518 171 57 himself
1019 534 158 43 among
1215 523 69 54 the

337 576 174 54 people;

255 637 208 54 Ephraim
484 641 36 50 is
543 655 25 36 a
589 642 101 49 cake
712 650 75 41 not
808 646 191 45 turned."

282 723 39 42 It
346 722 34 43 is
407 723 71 42 the
503 724 82 42 last
608 726 142 41 clause
776 727 91 41 that
894 728 188 41 satirizes
1110 728 70 42 the
1206 729 74 41 do¬

227 787 148 40 mestic
410 786 216 43 condition
663 788 48 42 of
744 790 72 40 the
851 794 161 49 people,
1048 791 126 52 while
1208 792 72 51 the

226 848 90 41 first
345 849 139 42 clause
511 850 104 42 with
645 852 121 52 equal
796 851 117 53 force
941 853 153 51 strikes
1123 866 58 38 on
1207 853 71 51 the

226 911 184 52 political
432 912 217 51 condition
672 913 47 50 of
741 914 72 49 the
833 915 160 48 nation.

280 972 93 42 The
397 974 94 53 key,
519 988 24 39 a
570 975 142 54 fitting
737 982 92 47 text
855 977 70 52 for
949 978 72 51 the
1050 976 228 55 foregoing

228 1034 233 44 discussion
501 1037 240 54 (iv-vii:8),
773 1052 78 39 can
883 1039 52 52 be
966 1040 136 51 found
1133 1041 42 50 in
1206 1041 71 50 the

225 1099 141 41 words
403 1098 236 55 "Ephraim
673 1101 38 52 is
747 1116 25 37 a
806 1103 103 50 cake
958 1111 76 42 not
1083 1103 192 50 turned"

224 1160 131 43 What
376 1173 117 31 more
514 1162 143 55 fitting
678 1163 136 54 simile
837 1164 125 53 could
982 1164 52 53 be
1055 1165 220 53 employed

223 1229 44 36 to
296 1236 173 40 express
499 1224 72 52 the
600 1225 219 51 one-sided
848 1225 194 51 immoral
1072 1228 76 48 life
1173 1227 49 49 of
1252 1241 24 35 a

222 1285 121 42 fickle
362 1286 172 53 people!
585 1287 66 52 "A
676 1289 102 50 cake
798 1295 76 44 not
896 1289 193 52 turned,"
1110 1290 165 51 burned

224 1361 54 28 on
307 1362 80 28 one
418 1349 101 49 side,
551 1363 88 35 raw
666 1363 58 35 on
750 1350 72 48 the
849 1351 136 50 other,
1015 1352 132 49 hence
1174 1352 101 52 only

224 1411 44 40 fit
295 1416 45 36 to
369 1411 50 41 be
447 1417 90 35 cast
565 1426 133 38 away.
754 1412 120 52 Thus
902 1414 32 50 it
962 1428 88 36 was
1078 1414 103 50 with
1211 1415 63 49 Is¬

224 1473 119 41 rael's
375 1473 202 42 domestic
606 1473 85 42 life.
749 1474 122 55 They
898 1476 143 53 would
1070 1476 132 53 strain
1230 1482 44 47 at

221 1549 25 27 a
276 1542 103 46 gnat
410 1536 83 52 and
526 1537 187 51 swallow
746 1551 25 37 a
801 1538 145 50 camel.
1009 1537 262 54 Scrupulous

221 1611 45 28 as
289 1603 45 36 to
355 1598 72 41 the
447 1599 260 41 observance
730 1599 48 42 of
798 1599 125 43 ritual
946 1601 84 41 and
1055 1600 119 50 fasts,
1199 1601 74 49 but

222 1661 253 53 lamentably
510 1661 72 53 lax
617 1675 45 39 as
697 1667 45 47 to
775 1663 155 51 morals
965 1663 84 51 and
1082 1669 94 45 true
1210 1677 63 37 re¬

219 1723 147 53 ligion.

690 1810 246 55 "Ephraim,
999 1814 50 51 he
1109 1812 162 53 mixeth

218 1873 164 54 Erring
409 1871 162 56 Kings.
690 1874 171 55 himself
888 1889 159 42 among
1076 1878 70 53 the
1172 1882 99 49 peo¬

688 1936 106 54 ple."
906 1937 141 53 These
1129 1938 142 52 words

219 1996 110 43 form
354 1997 71 42 the
448 1997 81 54 key
555 2004 44 47 to
621 1998 92 53 that
737 2006 94 45 part
854 1998 48 53 of
925 1998 72 53 the
1021 1997 250 54 indictment

218 2059 136 43 which
420 2060 167 43 follows
660 2060 227 53 (vii:8-x),
951 2061 72 52 the
1085 2060 186 53 political

217 2122 198 42 blunders
445 2123 84 42 and
558 2122 111 43 their
696 2128 259 49 consequent
984 2122 286 55 punishment.

219 2185 40 42 It
289 2185 35 42 is
357 2199 104 41 very
493 2185 195 55 singular
717 2184 94 56 that
843 2183 112 57 from
987 2184 74 56 the
1089 2184 105 56 time
1223 2180 49 60 of
