1500 2500
343 255 100 28 LIFE
470 256 89 28 AND
586 257 267 30 PROPHECIES
880 259 54 28 OF
960 259 150 30 HOSEA.

225 383 144 44 Israel.
433 383 92 44 The
560 385 183 53 analogy
775 386 35 52 is
843 399 104 39 very
980 387 185 52 striking
1196 386 84 53 and

222 446 218 52 complete.
495 447 160 52 Hosea,
681 448 145 51 whose
851 462 123 37 name
998 462 146 37 means
1172 449 106 50 Sav¬

221 509 78 48 ior,
328 508 164 53 typifies
520 509 195 54 Jehovah
741 510 43 53 in
814 510 82 53 His
923 511 114 53 grief
1065 524 102 40 over
1193 510 83 54 His

224 584 164 40 spouse.
453 571 158 53 Gomer
645 573 43 51 in
723 573 76 51 her
835 573 205 51 domestic
1072 573 205 52 infidelity

222 634 165 52 typifies
413 634 72 52 the
507 634 158 52 nation,
692 635 208 52 Ephraim
924 637 45 50 in
991 636 77 51 her
1090 635 187 52 national

223 696 194 52 idolatry.
505 697 191 51 Gomer's
755 711 229 39 paramour
1040 703 237 48 represents

225 758 70 41 the
332 759 85 41 idol
453 760 108 52 gods
598 759 138 53 which
774 761 132 51 Israel
943 761 85 51 had
1064 760 212 52 followed,

224 821 83 41 and
333 822 69 40 the
428 821 189 42 children
644 832 215 43 represent
884 823 70 52 the
981 824 130 51 result
1134 823 49 52 of
1207 823 71 52 the

225 884 180 41 nation's
445 884 78 49 sin,
561 899 26 34 a
623 885 120 48 weak
783 886 82 47 and
903 885 160 52 uiaholy
1101 898 176 40 genera¬

226 947 88 40 tion
344 946 102 42 with
475 947 71 41 the
576 947 259 52 displeasure
864 947 47 52 of
939 947 194 54 Jehovah
1162 961 114 40 upon

225 1009 127 42 them.
412 1009 156 42 Gomer
596 1023 88 28 was
715 1010 220 41 redeemed
963 1010 104 42 with
1095 1024 26 28 a
1149 1010 127 53 price.

228 1071 93 42 God
348 1071 164 42 offered
540 1072 83 41 His
650 1072 107 50 love,
785 1086 90 38 yea,
903 1073 83 51 His
1017 1072 89 52 Son
1133 1086 46 38 as
1205 1071 72 53 the

227 1134 114 52 price
377 1133 47 53 of
461 1134 167 52 Israel's
667 1134 276 53 redemption.
1009 1135 86 52 But
1131 1134 147 53 before

228 1196 166 41 Israel's
428 1196 261 53 redemption
723 1197 74 52 she
829 1203 114 46 must
972 1197 52 52 be
1056 1197 221 52 scattered,

226 1259 121 40 made
373 1272 24 27 a
423 1259 127 49 slave,
578 1259 83 49 and
687 1259 76 49 left
788 1259 180 49 without
994 1273 23 35 a
1044 1259 117 53 king.
1219 1257 60 55 So

226 1320 69 41 the
324 1321 171 51 parallel
526 1334 115 40 runs,
671 1321 50 53 "I
750 1322 163 53 bought
940 1322 76 53 her
1044 1329 39 46 to
1112 1336 67 39 me
1207 1322 73 53 for

226 1383 146 53 fifteen
429 1383 140 53 pieces
627 1384 47 52 of
730 1383 140 53 silver.
902 1384 23 52 *
957 1384 24 52 *
1012 1384 24 52 *
1068 1384 24 52 *
1123 1384 24 52 *
1177 1385 102 51 And

225 1446 23 40 I
264 1446 93 41 said
376 1453 102 34 unto
498 1447 86 49 her,
607 1445 121 51 Thou
745 1447 112 49 shalt
874 1446 121 50 abide
1014 1447 120 49 alone
1151 1461 127 39 many

228 1508 116 53 days,
382 1509 102 52 thou
518 1508 112 53 shalt
663 1515 75 46 not
772 1509 97 53 play
906 1509 69 53 the
1010 1508 151 54 harlot,
1195 1509 84 53 and

228 1571 101 41 thou
355 1571 112 41 shalt
491 1578 76 35 not
595 1572 48 41 be
668 1571 71 53 for
765 1584 80 41 any
872 1585 113 40 man,
1013 1572 83 53 and
1122 1573 24 52 I
1172 1571 108 54 shall

225 1641 75 35 not
325 1634 50 42 be
398 1634 72 52 for
495 1635 106 51 thee.
654 1635 89 51 For
769 1634 67 52 the
863 1634 187 52 children
1076 1633 47 53 of
1145 1633 135 53 Israel

224 1696 108 41 shall
359 1696 121 41 abide
507 1710 128 39 many
663 1698 105 51 days
793 1696 180 53 without
1001 1710 24 39 a
1053 1696 115 53 king,
1197 1695 82 54 and

223 1757 181 42 without
423 1772 26 27 a
468 1757 145 54 prince
633 1759 83 52 and
734 1758 180 53 without
933 1772 25 39 a
975 1758 200 53 sacrifice,
1195 1758 85 53 and

226 1823 84 42 and
341 1820 182 45 without
553 1834 24 31 a
612 1820 218 53 teraphim.
891 1820 250 53 Afterward
1171 1819 110 54 shall

228 1883 67 41 the
329 1883 189 41 children
549 1883 47 52 of
624 1882 136 53 Israel
787 1889 148 46 return
966 1883 84 52 and
1078 1883 99 52 seek
1210 1882 69 53 the

226 1945 115 42 Lord
367 1945 109 42 their
502 1945 108 50 God,
635 1945 84 50 and
743 1944 142 51 David
912 1944 108 51 their
1045 1943 127 54 king;
1197 1943 83 54 and

226 2008 108 42 shall
355 2008 96 54 fear
475 2009 68 53 the
567 2008 119 54 Lord
709 2007 82 55 and
817 2006 65 56 his
905 2006 215 56 goodness
1140 2007 45 55 in
1211 2005 69 57 the

227 2070 124 42 latter
385 2070 145 54 days."

281 2132 119 42 Thus
421 2133 72 41 the
513 2132 92 42 first
626 2130 157 44 section
803 2129 49 45 of
872 2128 82 46 this
977 2134 174 48 strange
1169 2127 112 55 book

228 2209 137 28 comes
382 2201 47 37 to
446 2209 25 29 a
489 2194 125 44 close.
