1529 2518
373 274 97 30 LIFE
498 276 88 29 AND
612 278 263 31 PROPHECIES
902 282 55 28 OF
983 280 149 32 HOSfiA.

240 400 135 43 Word
413 406 83 40 and
534 405 63 41 his
636 407 278 49 providential
954 408 189 54 dealings
1182 408 105 54 with

236 462 70 40 the
331 477 105 28 race.

708 538 158 51 Hosea,
948 540 72 49 the
1103 546 186 47 greatest

239 597 130 40 Basis
398 599 48 39 of
475 600 137 42 Love.
703 602 180 51 prophet
912 602 50 51 of
994 602 106 51 love,
1147 601 138 53 places

702 669 122 45 great
913 669 128 45 stress
1130 677 156 40 upon

234 719 248 55 knowledge
511 735 43 39 as
586 723 51 51 its
667 723 124 51 basis.
849 725 93 49 The
971 732 186 47 greatest
1185 728 98 52 pain

234 781 46 39 of
301 781 69 40 the
394 782 156 42 human
575 787 118 39 heart
716 787 34 40 is
774 786 90 42 that
891 788 46 41 of
957 795 74 35 not
1055 790 126 53 being
1204 803 78 40 un¬

235 843 199 42 derstood
464 846 54 53 by
549 846 69 53 the
648 846 144 55 object
821 851 49 50 of
901 850 52 51 its
986 851 107 50 love.
1154 853 41 48 It
1226 853 54 48 si¬

233 905 133 41 lences
411 915 235 45 argument,
690 912 215 51 paralyzes
949 914 206 49 influence
1197 915 83 48 and

231 967 127 40 stifles
391 969 104 42 love.
558 972 71 40 No
659 985 97 28 man
788 986 76 28 can
897 988 148 29 reason
1077 990 47 27 or
1155 977 122 52 plead

227 1029 100 39 with
352 1030 176 42 another
550 1033 98 41 who
669 1035 85 40 will
776 1042 74 34 not
874 1049 117 30 come
1013 1044 46 36 to
1081 1045 193 46 quarters

231 1091 101 40 with
366 1091 63 41 his
465 1094 84 41 real
583 1096 92 40 self.
738 1097 116 43 Who
887 1113 76 27 can
998 1101 56 42 do
1085 1101 65 42 his
1183 1102 92 41 best

228 1152 66 40 for
316 1167 81 27 one
418 1155 97 43 who
539 1156 32 42 is
594 1157 116 42 blind
731 1168 46 33 to
798 1160 65 41 his
886 1162 120 40 best?
1057 1163 113 42 How
1194 1177 77 29 can

225 1214 92 42 love
343 1218 127 50 speak
495 1218 122 50 when
643 1220 73 48 she
740 1222 35 46 is
800 1229 73 39 not
898 1224 155 44 known
1079 1239 44 29 as
1149 1226 121 42 love?

227 1276 92 41 God
349 1278 122 41 could
499 1287 74 34 not
600 1283 273 53 successfully
902 1299 148 37 reason
1077 1287 101 49 With
1208 1287 62 49 Is¬

225 1339 97 48 rael,
346 1339 68 48 for
434 1342 129 45 Israel
586 1343 71 44 did
676 1352 74 35 not
769 1345 125 43 know
916 1348 117 47 Him,
1055 1349 71 46 He
1145 1349 123 46 could

224 1405 72 34 not
324 1415 98 27 save
449 1403 142 49 Israel,
622 1404 67 48 for
717 1407 130 45 Israel
873 1423 86 29 was
986 1410 115 42 blind
1127 1417 43 35 to
1197 1411 71 42 the

222 1462 204 40 salvation
457 1465 68 40 He
554 1467 175 42 offered.
787 1469 70 41 He
884 1472 124 41 could
1035 1486 56 27 no
1120 1474 147 53 longer

221 1524 127 49 speak
374 1525 101 48 with
503 1533 142 43 Israel,
675 1529 69 47 for
769 1532 131 44 Israel
926 1534 341 43 misunderstood

223 1584 80 40 His
332 1587 104 40 love.
494 1589 158 50 Hence,
681 1591 71 48 the
778 1592 98 47 final
904 1601 195 38 sentence
1125 1610 140 29 came:

222 1645 103 53 "My
356 1648 92 50 God
475 1650 85 48 will
589 1659 85 39 cast
703 1654 112 44 them
842 1658 159 52 away."
1059 1657 116 53 Love
1202 1672 62 38 re¬

217 1708 108 41 tired
350 1709 191 43 defeated
566 1712 111 42 from
700 1714 71 42 the
793 1716 109 41 field.
956 1718 74 42 Sin
1056 1719 82 43 had
1162 1734 100 28 con¬

217 1770 154 50 quered
399 1772 104 48 love.

682 1869 117 43 Love
829 1871 75 42 has
936 1875 54 39 its
1023 1881 157 36 terrors
1213 1891 46 28 as

217 1925 96 40 The
334 1927 129 42 Basis
482 1929 48 40 dti
680 1933 93 40 well
824 1948 45 26 as
920 1935 52 41 its
1037 1936 221 56 blessings.

319 1989 298 51 Repentance.
680 1993 207 47 Defeated
951 2000 81 40 and
1109 1999 150 42 denied

676 2054 71 42 the
775 2057 203 55 privilege
1006 2059 46 53 of
1078 2062 180 50 bestow¬

214 2109 74 52 ing
317 2110 73 51 the
420 2112 133 52 latter,
588 2115 32 49 it
652 2124 155 40 tesorts
842 2125 45 39 to
917 2120 72 44 the
1020 2122 160 43 former
1210 2131 46 35 to

213 2170 125 54 bring
365 2186 95 38 men
490 2181 44 43 to
564 2183 258 46 repentance.
880 2182 143 47 When
1049 2185 94 44 love
1170 2187 87 42 bad
