2000 3200
913 334 102 38 -3-

178 450 166 41 relation
375 455 43 36 of
445 454 202 37 Professor
677 454 42 37 of
748 451 291 40 Mathematics.
1099 451 70 40 We
1199 450 149 49 greatly
1379 448 91 51 miss
1503 448 78 51 him
1617 456 37 43 at
1686 440 64 59 the

181 519 233 47 University
435 531 41 35 as
496 531 23 35 a
538 518 217 48 co-laborer
776 517 79 49 and
876 517 236 49 counsellor,
1138 515 58 51 for
1217 515 48 51 he
1287 527 78 39 was
1386 514 49 52 all
1456 513 43 53 of
1524 512 76 54 this
1630 512 38 54 in
1700 524 51 42 an

182 583 204 38 unstinted
425 596 98 36 way.
587 583 65 49 He
691 581 93 51 died
821 581 131 51 where
991 580 233 52 manhood's
1263 578 147 54 fruitful
1450 576 182 56 morning
1671 576 77 56 had

184 648 134 49 barely
337 648 173 49 reached
540 659 123 38 noon,
686 645 249 52 surrounded
966 646 52 51 by
1047 644 137 53 tender
1217 642 101 55 wife,
1358 642 181 55 weeping
1573 640 177 57 children

184 713 80 37 and
284 711 135 49 loving
440 712 168 48 friends;
636 712 70 48 but
727 711 69 49 full
816 711 45 49 of
886 709 92 51 faith
1001 710 78 50 and
1101 709 101 51 hope
1237 707 37 53 in
1312 708 65 52 the
1413 706 91 54 God
1538 706 127 54 whom
1705 706 48 54 he

185 777 80 37 had
284 777 142 37 served
445 775 196 49 faithfully
662 775 81 49 and
762 775 108 49 long.
931 774 66 50 He
1019 785 76 39 was
1115 771 151 53 elected
1297 770 197 54 president
1523 770 45 54 of
1590 769 161 55 Wilber-

185 842 109 36 force
316 840 233 48 University
570 840 39 48 in
631 841 65 47 the
717 851 92 37 year
835 840 97 48 1884
952 838 78 50 and
1052 837 104 51 filled
1177 837 64 51 the
1270 836 111 52 office
1404 834 90 54 with
1523 833 124 55 credit
1676 833 78 55 and

186 905 229 38 distinction
451 905 97 42 until
580 906 117 47 June,
738 917 111 36 1900,
886 916 23 37 a
942 901 136 52 period
1113 901 44 52 of
1185 899 148 54 sixteen
1369 911 135 42 years;
1533 899 137 54 longer
1703 898 52 55 by

187 971 112 36 three
320 983 113 32 years
454 971 93 44 than
568 982 78 35 any
666 969 112 48 other
798 966 244 51 incumbent.
1103 965 70 52 We
1196 963 90 54 miss
1303 963 91 54 him.
1458 963 69 54 We
1548 974 64 43 are
1634 962 119 55 confi¬

191 1035 108 44 dent,
326 1035 199 44 however,
548 1034 86 45 that
653 1045 58 34 we
741 1032 96 47 shall
871 1037 104 42 meet
1007 1028 80 51 him
1126 1027 37 52 in
1200 1028 65 51 the
1300 1028 136 51 bosom
1470 1027 44 52 of
1538 1026 213 53 Abraham,

191 1098 130 36 where
342 1109 57 25 we
420 1096 153 38 believe
594 1096 49 38 he
664 1096 68 38 has
754 1102 78 32 met
853 1093 116 41 loved
991 1104 106 30 ones.
1165 1090 143 46 Bishop
1340 1091 152 45 Moore,
1517 1101 75 35 one
1623 1088 45 48 of
1692 1088 64 48 the

190 1161 112 37 chief
315 1168 153 40 pastors
487 1161 46 47 of
548 1160 66 48 the
634 1158 160 50 Church
816 1158 79 50 and
916 1157 58 51 for
994 1168 119 40 many
1134 1167 110 41 years
1264 1165 76 43 one
1361 1154 46 54 of
1429 1154 65 54 the
1524 1161 164 47 trustees
1717 1152 47 56 of

192 1226 66 36 the
282 1224 233 48 University
535 1225 70 47 has
626 1224 81 48 also
728 1222 143 50 passed
891 1232 122 40 away.
1077 1220 45 52 In
1156 1217 79 55 him
1276 1216 252 56 Wilberforce
1550 1217 69 55 has
1641 1217 72 55 lost
1735 1228 21 44 a

192 1289 140 37 friend.
395 1290 101 36 Rev.
539 1286 140 49 Phillip
711 1284 212 51 Hubbard,
949 1282 201 53 Financial
1181 1282 202 53 Secretary
1403 1280 45 55 of
1462 1280 65 55 the
1550 1281 47 54 A.
1625 1279 55 56 M.
1709 1279 47 56 E.

194 1353 175 45 Church,
395 1365 78 33 was
493 1352 81 46 also
595 1363 22 35 a
636 1357 144 41 trustee
802 1349 44 49 of
862 1349 63 49 the
947 1345 229 53 University
1199 1345 86 53 who
1308 1345 139 53 spared
1471 1342 151 56 neither
1644 1353 116 45 purse

195 1429 73 24 nor
298 1416 113 37 voice
444 1415 39 38 in
512 1413 181 49 assisting
722 1414 64 48 the
817 1410 246 52 University.
1122 1410 158 52 Among
1311 1408 65 54 the
1405 1407 73 55 last
1506 1404 256 58 testimonials

196 1481 45 36 of
257 1480 60 37 his
337 1481 90 36 love
450 1481 59 36 for
529 1479 65 38 the
616 1475 232 48 University
879 1486 79 37 was
988 1474 65 49 the
1083 1471 156 52 placing
1260 1471 43 52 of
1318 1483 47 40 an
1388 1470 113 53 order
1522 1468 90 55 with
1634 1482 21 41 a
1676 1469 84 54 firm

196 1544 38 37 in
258 1545 160 47 Europe
439 1544 59 48 for
518 1542 65 50 the
604 1538 268 54 construction
893 1539 45 53 of
953 1550 22 42 a
995 1538 195 54 telescope
1221 1536 58 56 for
1313 1533 228 59 University
1575 1534 189 58 Astrono¬

197 1608 117 37 mical
343 1606 298 39 Observations.
702 1605 61 40 To
797 1615 69 30 our
898 1608 107 42 great
1038 1607 125 43 regret
1197 1599 47 51 he
1277 1596 92 54 died
1400 1597 132 53 before
1565 1597 49 53 he
1647 1596 117 54 could

197 1677 273 31 consummate
491 1667 75 41 this
587 1678 183 37 purpose.
831 1665 35 50 It
886 1675 124 40 seems
1031 1662 77 53 like
1129 1674 21 41 a
1171 1668 106 47 great
1307 1659 80 56 pity
1422 1661 57 54 for
1518 1659 64 56 the
1619 1657 146 58 friends

198 1736 44 35 of
259 1734 74 38 this
354 1734 107 49 good
481 1745 92 38 man
596 1739 38 44 to
655 1731 114 52 allow
789 1728 75 55 this
885 1725 205 58 cherished
1112 1725 101 58 hope
1236 1724 42 59 of
1295 1722 57 61 his
1375 1731 37 52 to
1434 1723 89 60 fade
1544 1735 110 48 away
1684 1722 79 61 and

198 1798 76 38 die.
339 1796 142 48 Phillip
505 1793 198 51 Hubbard
724 1792 150 52 though
895 1791 130 53 asleep
1055 1789 143 55 should
1219 1795 64 49 yet
1303 1787 119 57 speak
1454 1794 38 50 to
1522 1798 44 46 us
1595 1786 169 58 through

198 1862 76 37 this
294 1861 129 48 fitting
443 1864 235 45 monument
698 1865 39 44 to
757 1854 58 55 his
837 1865 189 44 memory.
1089 1853 54 56 As
1176 1863 56 46 we
1264 1862 93 47 ga^e
1388 1862 51 47 up
1474 1848 37 61 in
1548 1849 64 60 the
1644 1855 121 54 starry

200 1927 143 48 galaxy
365 1923 116 52 while
504 1923 92 52 they
618 1921 92 54 look
731 1920 116 55 down
869 1929 105 46 upon
997 1928 43 47 us
1060 1923 38 52 at
1122 1914 251 61 Wiberforce,
1402 1912 140 63 Phillip
1570 1913 196 62 Hubbard

200 1990 142 38 should
361 1989 49 39 be
430 1984 287 44 remembered.
778 1983 35 45 It
842 1981 30 47 is
894 1993 69 35 our
983 1980 103 48 hope
1107 1979 78 49 and
1217 1977 196 51 prophesy
1445 1977 80 51 that
1555 1976 107 52 there
1693 1976 74 52 will

201 2056 48 36 be
273 2053 125 39 found
419 2051 39 41 in
480 2063 73 29 our
573 2056 108 41 great
701 2046 147 51 church
871 2043 191 54 sufficient
1082 2043 88 54 love
1193 2043 57 54 for
1272 2040 73 57 this
1376 2040 103 57 good
1515 2052 88 45 man
1640 2048 38 49 to
1713 2052 55 45 re¬

201 2119 77 36 sult
298 2117 39 38 in
358 2113 280 51 perpetuating
656 2111 59 53 his
736 2122 177 42 memory
932 2109 53 55 by
1015 2106 179 58 carrying
1228 2112 67 52 out
1331 2104 73 60 this
1438 2102 204 62 cherished
1681 2116 88 48 pur¬

203 2194 107 37 pose.
374 2180 125 51 Other
521 2185 164 46 trustees
706 2175 88 56 who
815 2175 102 56 have
951 2170 194 61 rendered
1180 2176 107 55 great
1321 2166 148 65 service
1501 2174 39 57 to
1574 2167 64 64 the
1674 2167 95 64 Uni¬

203 2244 147 45 versity
369 2244 104 45 have
492 2242 84 47 also
595 2239 139 50 passed
756 2249 111 40 away
887 2236 80 53 and
986 2247 65 42 are
1085 2232 219 57 numbered
1339 2242 145 47 among
1514 2242 71 47 our
1619 2229 151 60 sainted

204 2309 117 39 dead.

310 2375 58 35 As
388 2385 22 25 a
430 2370 120 40 result
565 2369 46 41 of
626 2369 65 41 the
710 2366 283 46 development
1013 2362 44 50 of
1083 2362 63 50 the
1168 2357 231 55 University
1420 2358 143 54 during
1591 2358 65 54 the
1686 2365 85 47 past

206 2441 115 46 forty
342 2448 125 39 years,
493 2435 64 52 the
578 2441 111 46 term,
719 2428 286 59 "Wilberforce
1029 2424 271 63 University,"
1332 2423 68 64 has
1431 2435 21 52 a
1481 2422 145 65 double
1657 2434 112 53 mean

203 2505 80 48 ing.
345 2498 261 55 Technically
625 2494 203 59 speaking,
854 2493 28 60 it
902 2503 134 50 means
1058 2490 65 63 the
1147 2487 155 66 various
1322 2486 269 67 departments
1611 2486 47 67 of
1680 2487 94 66 edu¬

207 2566 171 40 cational
401 2563 106 43 work
528 2560 151 46 carried
700 2571 50 35 on
775 2557 124 49 under
921 2555 65 51 the
1008 2551 224 55 immediate
1249 2549 243 57 jurisdiction
1515 2550 43 56 of
1584 2549 65 57 the
1679 2557 95 49 trus¬

205 2641 82 30 tees
325 2630 43 41 of
411 2626 259 45 Wilberforce
710 2618 232 53 University
979 2631 41 40 as
1060 2615 174 56 founded
1282 2614 79 57 and
1399 2612 278 59 incorporated
1723 2614 52 57 by

207 2696 144 38 Daniel
373 2696 48 38 A.
448 2693 134 44 Payne
603 2688 78 49 and
702 2686 58 51 his
781 2685 226 52 coadjutors
1031 2681 123 56 under
1174 2680 64 57 the
1260 2676 176 61 auspices
1458 2677 42 60 of
1525 2677 65 60 the
1612 2676 162 61 African

209 2758 221 40 Methodist
450 2753 215 51 Episcopal
695 2750 161 54 Church
891 2748 78 56 and
990 2754 37 50 at
1062 2744 101 60 their
1195 2740 227 64 immediate
1451 2752 194 52 expense;
1666 2741 109 63 these

206 2832 166 31 trustees
410 2820 119 48 being
558 2824 197 44 creatures
787 2815 43 53 of
861 2814 65 54 the
962 2809 169 59 General
1164 2806 246 62 Conference
1445 2805 43 63 of
1515 2804 65 64 the
1613 2804 160 64 African
