2000 3200
927 359 39 5 —
984 343 47 31 13
1045 359 39 15 —

299 444 131 42 Total
454 449 174 52 receipts
652 451 66 50 for
742 452 99 49 that
865 467 102 36 year
992 468 47 35 as
1062 454 194 50 reported
1282 460 48 44 to
1355 454 71 50 the
1450 454 173 50 Trustee
1648 454 142 50 Board

213 528 93 24 was
339 515 275 47 $18,627.28.

304 581 132 39 Total
468 590 181 31 amount
676 584 217 39 disbursed
919 586 100 37 that
1043 600 101 36 year
1169 600 47 36 as
1241 600 71 36 per
1336 587 201 49 vouchers
1562 585 227 51 submitted

215 652 49 32 to
313 648 85 38 and
425 650 217 49 approved
668 650 56 50 by
750 651 71 49 the
840 653 139 47 Board
1007 666 91 34 was
1124 652 270 48 $16,932.03.
1445 651 187 51 Leaving
1656 666 26 36 a
1705 652 86 50 bal¬

208 727 102 25 ance
342 714 217 43 $1702.80

303 780 88 38 The
414 781 221 51 following
660 796 71 36 are
755 782 71 50 the
850 783 195 49 financial
1071 789 252 43 statements
1349 784 45 48 of
1413 783 171 51 receipts
1603 783 83 51 and
1711 782 78 52 dis¬

215 845 265 39 bursements
513 847 232 39 submitted
778 854 48 32 to
860 850 83 36 and
999 849 213 49 approved
1246 850 55 48 by
1335 850 69 48 the
1436 850 171 48 Trustee
1647 849 141 49 Board

214 912 66 37 for
305 913 72 37 the
401 927 124 35 years
552 915 125 47 1901,
707 916 112 46 1902
846 915 83 47 and
957 917 124 45 1903.

302 978 243 51 Following
568 979 116 50 these
711 979 85 50 will
821 980 49 49 be
895 994 26 35 a
946 987 231 42 statement
1203 980 46 49 of
1274 980 173 50 receipts
1473 981 84 49 and
1583 980 201 50 disburse¬

215 1050 139 32 ments
393 1045 108 38 from
538 1047 105 47 June
684 1048 81 46 1st,
794 1048 112 46 1903
941 1052 47 42 to
1022 1046 112 50 April
1175 1047 117 49 20th,
1335 1049 124 47 1904,
1502 1047 70 49 the
1611 1047 98 49 date
1741 1052 47 44 to

217 1111 137 37 which
379 1110 86 39 this
490 1118 146 43 report
654 1113 185 48 extends.

374 1277 445 38 THIRTY-EIGHTH
855 1278 215 37 ANNUAL
1103 1277 538 38 REPORT—RECEIPTS.

330 1400 121 25 FROM
478 1400 86 26 ALL
589 1399 189 27 SOURCES
804 1398 117 28 FROM
942 1398 106 35 JUNE
1074 1388 36 45 1,
1139 1388 124 45 1900,
1290 1398 55 35 TO
1364 1398 105 36 JUNE
1496 1389 35 45 1.
1560 1389 125 45 1901.

218 1488 198 37 Trustees
442 1487 166 38 Annual
635 1486 98 39 dues
1523 1485 24 43 $
1626 1487 82 41 100
1734 1488 54 40 00

219 1555 183 36 Interest
427 1552 182 39 received
1626 1553 79 38 951
1735 1554 52 37 99

220 1621 45 37 C.
292 1621 47 37 N.
367 1619 85 39 and
479 1621 30 37 I.
538 1617 327 51 appropriation
1582 1618 126 50 2,700
1734 1619 54 49 00

221 1687 135 41 Avery
383 1685 120 43 Fund
529 1684 99 50 paid
654 1683 40 51 in
1586 1683 126 51 5,007
1730 1685 57 49 00

883 1801 248 27 DONATIONS.

219 1898 61 36 W.
308 1897 46 37 A.
382 1894 230 44 Anderson,
649 1892 83 49 Esq
1625 1892 81 49 100
1732 1893 54 48 00

215 1965 36 47 J.
280 1964 45 48 R.
354 1963 170 49 McKee,
553 1972 72 40 per
650 1959 58 53 W.
737 1958 37 54 S.
802 1958 26 54 S
1682 1957 24 55 5
1732 1958 54 54 00

578 2027 21 14 "
739 2026 21 15 "
1652 2023 54 35 20
1732 2023 54 35 00

220 2094 107 38 Ohio
355 2092 247 40 Conference
1681 2088 25 44 2
1732 2089 54 43 00

221 2160 226 48 Pittsbnrg
473 2156 246 52 Conference
1650 2153 55 55 41
1732 2154 53 54 80

219 2226 139 37 Noith
384 2223 105 40 Ohio
517 2221 246 42 Conference
1652 2219 53 44 36
1732 2219 54 44 50

215 2292 112 49 John
354 2292 52 49 H.
436 2290 221 51 Converse,
685 2299 70 42 per
779 2286 38 55 S.
846 2284 44 57 T.
920 2285 44 56 M
1653 2284 52 57 25
1732 2285 54 56 00

221 2355 240 41 Cincinnati
487 2353 172 43 District
687 2351 245 45 Conference
1682 2349 24 47 5
1732 2351 54 45 00

221 2423 233 39 Columbus
549 2422 22 40 "
754 2420 20 42 "
1654 2415 53 47 10
1732 2416 54 46 00

221 2489 223 39 Cleveland
548 2488 22 40 "
753 2485 22 43 "
1653 2480 54 48 15
1732 2481 54 47 00

221 2559 45 35 R.
296 2557 59 37 M.
376 2553 163 45 Round,
560 2564 71 37 per
656 2551 59 50 W.
743 2550 38 51 S.
811 2549 25 52 S
1654 2546 53 55 10
1732 2547 54 54 00

221 2624 119 44 Rent,
367 2619 268 49 Norristown
662 2621 202 47 property
1654 2611 53 57 70
1732 2612 54 56 03

221 2688 93 38 Sale
333 2687 46 39 of
398 2685 210 51 diplomas
1654 2677 53 59 25
1733 2678 54 58 00

221 2751 219 41 Financial
466 2753 117 47 Dept.
613 2750 44 50 A.
687 2749 58 51 M.
774 2747 44 53 E.
848 2744 161 56 Church
1626 2743 83 57 800
1733 2744 55 56 00

222 2818 181 41 Musical
429 2820 274 47 Department
951 2810 9 57 '
1627 2809 81 58 273
1734 2810 54 57 00
