2000 3200
913 353 37 4 —
968 336 50 30 12
1031 352 39 14 —

205 450 108 37 have
331 449 142 50 joined
499 448 70 51 the
595 446 121 53 silent
741 445 215 54 majority,
985 444 150 55 within
1160 445 72 54 the
1264 442 157 57 closing
1449 436 330 63 Quadrenniam,

209 530 91 22 men
327 515 98 37 who
457 529 108 35 gave
589 512 108 52 their
721 512 111 52 time,
860 526 163 38 money,
1052 511 82 53 and
1160 510 195 54 influence
1380 508 40 56 in
1448 507 70 57 the
1542 505 176 59 interest
1745 500 50 64 of

207 581 236 46 education,
464 594 107 33 were
589 582 96 45 Rev.
715 580 43 47 C.
786 580 60 47 W.
875 580 192 47 Preston,
1087 578 97 49 Rev.
1213 578 44 49 B.
1286 577 43 50 A.
1353 577 35 50 J.
1409 574 150 53 Nixon,
1581 570 84 57 and
1685 570 99 57 Rev.

209 651 43 35 P.
281 649 44 37 A.
356 647 219 39 Hubbard.

646 711 155 38 "These
826 710 56 39 all
907 709 90 40 died
1022 709 41 40 in
1088 709 70 40 the
1189 708 150 41 faith."

710 843 224 27 BUILDINGS
958 843 84 27 AND
1070 841 204 29 GROUNDS.

297 926 70 35 We
398 924 108 37 have
537 923 122 38 made
685 922 113 49 large
829 920 171 51 repairs,
1027 925 71 46 yet
1131 918 115 53 there
1270 931 70 40 are
1364 916 123 55 needs
1512 915 130 56 along
1673 913 115 58 these

206 990 110 46 lines,
344 1004 48 32 so
418 1004 62 32 we
504 990 107 49 hope
636 988 83 51 and
744 1001 108 38 pray
879 987 97 52 that
1000 986 71 53 the
1097 984 173 55 General
1289 983 244 56 Conference
1558 980 41 59 in
1625 979 159 60 session

207 1071 99 35 may
332 1070 61 36 see
417 1056 56 50 its
498 1069 99 37 way
622 1055 108 51 clear
753 1060 48 46 to
826 1053 92 53 lend
943 1067 49 39 us
1017 1066 114 40 some
1163 1049 196 57 material
1391 1048 81 58 aid.

673 1187 143 25 DINING
848 1186 121 26 HALL
1002 1182 307 30 DEPARTMENT.

296 1266 61 47 By
390 1279 26 34 a
448 1264 151 50 special
638 1269 69 45 act
741 1263 46 51 of
835 1263 70 51 the
938 1260 225 54 Executive
1195 1259 155 55 Board,
1385 1258 203 56 endorsed
1623 1257 55 57 by
1711 1256 71 58 the

210 1330 165 37 Annual
399 1330 141 37 Board
567 1330 46 37 of
638 1330 206 44 Trustees,
872 1328 85 46 this
984 1329 275 48 Department
1276 1339 92 38 was
1386 1324 144 53 placed
1556 1323 131 54 under
1711 1322 71 55 the

210 1401 297 45 management
548 1396 45 50 of
620 1394 215 52 President
855 1396 137 50 Jones,
1020 1394 115 52 three
1159 1405 122 41 years
1307 1405 97 41 ago.
1454 1391 62 55 To
1557 1403 77 43 say
1682 1388 101 58 that

213 1464 274 48 Department
512 1462 78 50 has
615 1461 98 51 been
740 1474 26 38 a
798 1474 157 38 success
972 1459 151 53 lightly
1148 1471 210 41 expresses
1383 1456 46 56 it.
1466 1456 84 56 For
1574 1455 71 57 the
1676 1455 109 57 facts

212 1529 83 36 and
327 1527 150 50 figures
503 1541 62 36 see
590 1527 69 50 the
692 1525 245 52 president's
970 1530 155 47 report.

838 1658 83 25 OUR
954 1656 190 27 FRIENDS.

301 1731 102 35 Mrs.
433 1731 112 47 Lucy
579 1730 163 48 Cooper
768 1728 45 50 of
840 1730 198 48 Parsons,
1066 1729 132 49 Kans.
1227 1726 91 52 died
1352 1727 83 51 and
1468 1726 71 52 left
1564 1726 55 52 by
1645 1725 87 53 will
1757 1739 27 39 a

214 1794 157 37 certain
403 1800 136 31 estate
571 1800 46 31 to
643 1793 260 38 Wilberforce
927 1792 251 49 University,
1206 1792 150 49 valued
1390 1798 47 43 at
1463 1791 136 50 about
1625 1791 157 50 $2000.

304 1859 204 50 Chaplain
534 1860 45 49 T.
607 1860 44 49 G.
671 1860 187 49 Stewart
881 1859 78 50 has
983 1859 141 50 placed
1150 1857 42 52 in
1218 1858 224 51 Pittsburg
1466 1857 121 52 Bank
1613 1857 47 52 of
1686 1857 101 52 Sav¬

214 1925 106 50 ings,
347 1925 236 50 Pittsburg,
611 1927 74 48 Pa.
714 1925 214 50 $1000.00
954 1938 47 37 as
1027 1938 27 37 a
1077 1924 188 51 neucleus
1296 1924 65 51 for
1386 1938 27 37 a
1437 1922 218 53 memorial
1682 1924 100 51 Dor¬

215 1991 161 49 mitory
407 1991 41 49 in
473 1991 136 49 honor
635 1991 45 49 of
706 1990 63 50 his
794 1990 85 50 late
904 2004 77 36 son
1006 1990 159 50 Walter
1191 1991 44 49 P.
1263 1990 200 50 Stewart,
1491 1989 99 51 who
1609 2003 92 37 was
1727 2002 55 38 an

217 2057 193 37 alumnus
437 2057 44 37 of
509 2070 76 24 our
610 2056 262 38 Institution.

305 2133 109 37 Prof.
444 2135 50 35 H.
522 2134 45 36 Y.
595 2134 149 36 Arnett
776 2138 165 44 reports
967 2146 26 36 a
1018 2132 84 50 will
1119 2132 164 50 secured
1304 2132 140 50 worth
1471 2132 135 50 about
1625 2132 157 50 $2000.

302 2211 112 48 Secy.
443 2211 162 48 Horace
630 2209 172 50 Talbert
826 2209 77 50 has
929 2209 164 50 secured
1119 2209 114 50 three
1265 2209 100 50 wills
1398 2210 83 49 and
1508 2224 26 35 a
1559 2209 145 50 codicil
1720 2211 65 48 for

217 2290 26 23 a
273 2276 158 50 goodly
479 2289 89 37 sum
613 2276 106 50 from
753 2289 26 37 a
825 2274 372 52 multi-millionair,
1225 2275 158 51 besides
1429 2275 160 51 having
1620 2276 166 50 secured

215 2342 107 36 from
350 2342 79 37 Mr.
467 2342 174 37 Andrew
676 2340 199 50 Carnegie
907 2340 257 50 $15,000.00
1196 2341 64 49 for
1292 2355 26 35 a
1341 2341 159 50 library
1525 2342 190 51 building
1739 2349 48 44 to

216 2408 49 37 be
289 2407 156 38 erected
473 2413 46 32 at
546 2420 97 25 once
669 2420 53 25 on
754 2407 70 38 the
858 2407 185 49 Campus
1077 2407 46 49 of
1149 2406 261 50 Wilberforce
1443 2407 252 50 Universit}^.

305 2486 76 48 My
406 2489 143 45 report
574 2483 229 51 submitted
831 2489 45 45 to
901 2497 85 37 you
1011 2483 40 51 in
1078 2486 113 48 1900
1216 2485 202 49 extended
1450 2491 48 43 to
1525 2485 115 51 April
1665 2486 119 50 20th,

218 2553 123 35 1900.
391 2550 84 38 The
507 2549 114 39 total
652 2548 172 51 receipts
858 2549 46 50 of
929 2549 99 50 that
1052 2564 101 35 year
1177 2564 55 36 up
1251 2556 47 44 to
1324 2550 99 50 that
1449 2551 99 49 date
1573 2551 213 51 including

217 2617 173 37 balance
422 2615 40 39 in
489 2615 207 49 Treasury
729 2620 47 44 at
807 2614 71 50 the
909 2615 225 50 beginning
1167 2616 46 49 of
1238 2617 71 48 the
1340 2631 102 35 year
1474 2619 231 47 amounted
1738 2624 48 42 to

216 2683 271 45 $18,001.23.

304 2749 185 36 Amount
521 2746 179 39 received
717 2747 106 38 from
843 2746 112 50 April
974 2748 116 48 20th,
1120 2750 124 46 1900,
1272 2755 48 41 to
1341 2751 105 46 June
1464 2751 81 46 1st,
1568 2751 124 46 1900,
1713 2750 72 47 the

218 2815 100 38 date
343 2814 46 39 of
417 2828 68 35 my
510 2820 145 44 report
678 2819 49 45 to
754 2813 69 51 the
847 2813 173 51 Trustee
1045 2815 143 49 Board
1215 2829 91 35 was
1332 2816 201 48 $625.95.
