2000 3200
507 579 275 85 Report
815 579 83 85 of
927 579 121 85 the
1083 577 411 87 President.

218 814 60 37 To
306 814 69 37 the
401 814 180 49 Bishops
614 814 87 49 and
723 814 208 49 Members
957 814 53 49 of
1030 813 69 50 the
1127 811 352 52 Twenty-Second
1500 809 285 54 Quadrennial

305 880 178 46 Session,
512 879 177 47 General
711 880 244 46 Conference
981 878 52 48 of
1046 878 68 48 the
1138 879 45 47 A.
1204 878 59 48 M.
1285 877 43 49 E.
1358 877 173 49 Church,
1552 890 100 36 now
1678 876 104 50 Con¬

308 946 130 37 vened
458 947 40 36 in
527 945 197 49 Chicago,
758 945 60 49 111.

322 1033 248 37 Greetings
584 1046 6 24 :

589 1095 212 37 Esteemed
830 1095 163 37 Fathers
1023 1094 79 38 and
1133 1093 202 44 Brethren,
1372 1091 27 46 it
1430 1091 29 46 is
1491 1092 88 45 with
1615 1091 165 48 grateful

214 1161 397 45 acknowledgement
644 1167 39 39 to
716 1157 203 50 Almighty
952 1158 93 49 God
1075 1157 59 50 for
1167 1156 60 51 his
1255 1155 145 52 benign
1423 1167 88 40 care
1533 1155 80 52 that
1635 1155 17 52 I
1673 1161 109 46 greet

214 1237 78 36 you
313 1237 51 36 on
386 1223 75 50 this
481 1222 199 51 occasion.
743 1223 36 50 It
799 1222 30 51 is
850 1234 65 39 my
936 1233 140 40 prayer
1105 1221 83 52 that
1216 1220 48 53 he
1293 1218 76 55 will
1398 1218 134 55 attend
1562 1218 50 55 all
1640 1218 46 55 of
1709 1229 71 44 our

213 1288 172 37 sessions
405 1289 81 36 and
507 1287 119 49 guide
648 1299 44 37 us
722 1285 39 51 in
790 1286 50 50 all
870 1284 218 52 legislation
1119 1282 242 54 concerning
1391 1284 65 52 the
1491 1288 83 48 vast
1602 1280 178 56 interests

212 1352 234 37 committed
466 1359 39 30 to
526 1363 72 26 our
618 1350 128 39 hands
765 1350 52 46 by
837 1349 66 47 the
925 1349 172 47 Fathers.
1160 1348 35 48 It
1216 1346 30 50 is
1267 1359 65 37 my
1352 1358 94 38 very
1476 1345 177 51 pleasant
1682 1344 99 52 duty

213 1424 40 29 to
275 1415 146 38 submit
442 1423 39 30 to
502 1426 78 37 you
610 1415 65 48 the
704 1414 109 49 tenth
846 1411 272 52 Quadrennial
1148 1412 152 51 Report
1328 1410 45 53 of
1398 1404 265 59 Wilberforce"
1684 1408 97 55 Uni¬

213 1479 160 47 versity,
395 1492 72 34 our
486 1479 128 47 oldest
633 1477 221 49 institution
870 1477 44 49 of
930 1475 192 51 learning,
1142 1474 157 52 located
1314 1481 37 45 at
1371 1472 266 54 YVilberforec,
1658 1471 119 55 Ohio.

213 1545 88 36 The
324 1544 119 47 Forty
463 1554 113 37 years
596 1542 45 49 of
665 1541 150 50 history
835 1540 115 51 made
971 1540 52 51 by
1043 1538 75 53 this
1148 1537 225 54 Institution
1396 1536 31 55 is
1448 1537 84 54 well
1561 1536 146 55 known
1737 1542 40 49 to

213 1620 120 35 many
354 1611 39 44 of
423 1619 78 36 you
523 1606 79 49 and
622 1605 44 50 of
689 1605 83 50 that
791 1603 149 52 history
960 1604 86 51 well
1077 1615 88 40 may
1199 1613 91 42 you,
1315 1613 42 42 as
1390 1599 109 56 chief
1524 1598 252 57 proprietors,

214 1672 49 37 be
284 1671 129 48 proud
433 1683 52 36 on
507 1670 67 49 the
594 1681 78 38 one
691 1668 119 51 hand,
835 1668 80 51 and
935 1679 52 40 on
1009 1667 65 52 the
1094 1667 124 52 other,
1246 1665 83 54 well
1348 1676 90 43 may
1467 1663 29 56 it
1524 1661 147 58 inspire
1701 1674 79 45 you

214 1743 41 30 to
275 1735 93 38 wi&e
390 1733 221 50 legislation
633 1732 163 51 looking
816 1740 39 43 to
875 1730 47 53 its
942 1730 279 53 maintenance
1241 1728 80 55 and
1342 1729 127 54 future
1499 1727 280 56 development

214 1812 44 25 so
278 1799 84 38 that
382 1799 84 38 that
486 1797 111 49 giant
626 1796 39 50 in
695 1796 128 50 bonds
853 1794 123 52 might
1006 1795 48 51 be
1083 1792 174 54 relieved
1286 1792 42 54 of
1354 1792 50 54 all
1433 1790 348 56 embarrassments

213 1864 80 37 and
314 1861 212 50 permitted
547 1868 41 43 to
609 1861 134 50 march
762 1860 102 51 forth
884 1858 40 53 in
945 1859 66 52 the
1027 1858 161 53 fullness
1217 1857 46 54 of
1287 1854 290 57 undiminished
1607 1853 173 58 strength

213 1927 41 38 in
271 1928 66 37 the
354 1926 275 49 performance
646 1925 45 50 of
701 1925 64 50 the
782 1924 105 51 tasks
903 1929 58 46 set
974 1923 58 52 for
1046 1923 68 52 her
1134 1920 41 55 in
1192 1921 65 54 the
1272 1918 287 57 progressional
1578 1916 205 59 unfolding

215 1992 45 37 of
285 2004 23 25 a
327 1997 109 43 great
470 1990 157 50 people,
651 1988 133 52 whose
818 1998 195 42 progress,
1040 1997 101 43 once
1174 1991 121 49 great,
1318 1984 68 56 has
1417 1984 92 56 long
1540 1981 108 59 since
1681 1981 101 59 been

215 2055 189 38 arrested.
457 2053 154 49 During
632 2053 66 49 the
717 2050 291 52 quadrennium
1031 2062 88 40 now
1141 2049 158 53 ending,
1325 2048 65 54 the
1419 2046 150 56 infinite
1591 2045 92 57 God
1715 2046 68 56 has

214 2120 120 37 cared
354 2120 59 37 for
430 2119 76 38 this
526 2118 109 48 plant
655 2118 39 48 of
724 2116 75 50 His
820 2115 124 51 Hand
964 2113 91 53 with
1070 2114 98 52 such
1185 2119 109 47 great
1310 2124 116 42 grace
1442 2111 82 55 that
1537 2111 65 55 the
1617 2110 168 56 Univer¬

213 2184 75 49 sity
318 2185 71 48 has
421 2184 102 49 been
556 2181 143 52 spared
719 2181 98 52 from
853 2178 214 55 disastrous
1098 2175 319 58 conflagrations,
1443 2174 234 59 pestilences
1705 2174 78 59 and

214 2247 246 51 contagions,
486 2246 188 52 although
697 2253 38 45 at
756 2243 113 55 times
888 2242 233 56 threatened
1141 2242 52 56 by
1213 2241 121 57 them.
1394 2240 47 58 In
1463 2238 97 60 spite
1599 2239 43 59 of
1675 2238 109 60 small

213 2313 163 49 injuries
396 2312 83 50 that
499 2312 103 50 have
622 2322 115 40 come
758 2317 40 45 to
818 2321 44 41 us
883 2309 51 53 by
955 2307 69 55 fire
1058 2306 80 56 and
1175 2305 186 57 sickness,
1405 2303 153 59 infinite
1589 2303 195 59 goodness

213 2379 70 36 has
302 2377 254 48 everywhere
576 2375 164 50 marked
762 2375 109 50 these
891 2373 87 52 four
998 2370 158 55 passing
1174 2382 124 43 years.

318 2440 117 39 Since
456 2453 58 26 we
535 2447 81 32 met
636 2438 40 41 in
699 2438 234 45 Columbus,
958 2435 282 48 Ex-President
1271 2433 192 50 Mitchell,
1491 2445 65 38 my
1585 2431 200 52 lamented

213 2507 260 49 predecessor
501 2505 80 51 and
612 2502 172 54 untiring
817 2502 152 54 worker
991 2502 57 54 for
1074 2500 256 56 Wilberforce
1351 2495 244 61 University,
1619 2497 68 59 has
1707 2497 78 59 lan¬

212 2569 168 53 guished
400 2570 80 52 and
500 2569 94 53 died
614 2567 41 55 in
677 2568 66 54 the
762 2567 163 55 harness
946 2566 43 56 of
1015 2566 64 56 the
1101 2562 231 60 University
1353 2562 79 60 and
1450 2561 40 61 in
1511 2560 67 62 the
1608 2561 178 61 honored
