2000 3200
941 358 39 5 —
996 339 24 32 6
1033 358 39 13 —

215 458 219 38 Methodist
456 455 211 50 Episcopal
689 453 162 52 Church
871 464 41 41 as
933 457 56 48 set
1009 449 103 56 forth
1132 448 39 57 in
1189 448 66 57 the
1271 446 94 59 laws
1380 444 118 61 made
1519 443 54 62 by
1593 440 56 65 thi
1664 438 123 67 body,

214 525 64 35 the
293 523 196 48 delegates
506 524 37 47 of
566 519 74 52 this
657 518 172 53 General
845 516 260 55 Conference,
1131 509 271 62 representing
1419 509 66 62 the
1501 513 110 58 great
1628 503 164 68 African

214 586 220 38 Methodist
452 583 253 44 connection,
730 594 66 33 are
811 578 200 50 primarily
1030 575 246 53 responsible
1296 576 60 52 for
1372 574 66 54 the
1455 570 281 58 maintenance
1752 567 43 61 of

217 651 255 37 Wilberforce
503 647 253 46 University;
780 643 291 50 educationally
1107 639 204 54 speaking,
1339 638 78 55 and
1451 649 43 44 as
1528 636 65 57 the
1628 641 99 52 term
1761 631 30 62 is

215 716 96 36 used
331 716 52 47 by
400 715 64 48 the
484 712 133 51 public
638 719 38 44 at
696 712 105 51 large
833 722 41 41 as
906 708 85 55 well
1026 719 42 44 as
1099 705 31 58 is
1161 703 221 60 absolutely
1417 700 188 63 required
1636 699 54 64 by
1723 698 66 65 the

214 792 162 35 organic
397 778 135 49 school
553 776 64 51 life
639 775 44 52 of
698 774 258 53 Wilberforce
988 768 244 59 University,
1258 768 66 59 the
1353 774 112 53 term,
1496 762 294 65 "Wilberforce

216 842 256 48 University"
504 840 180 50 includes
714 839 64 51 the
810 838 65 52 old
906 835 258 55 Wilberforce
1196 830 236 60 foundation
1463 829 79 61 and
1572 829 52 61 all
1653 827 46 63 of
1722 826 66 64 the

214 908 269 45 departments
503 913 41 40 to
564 904 126 49 which
713 904 69 49 she
812 903 71 50 has
910 901 119 52 given
1060 898 119 55 birth.
1237 895 262 58 Technically
1528 891 260 62 Wilberforce

216 970 232 48 University
468 969 30 49 is
518 982 23 36 a
560 968 139 50 simple
729 966 129 52 affair;
890 963 292 55 educationally
1203 960 28 58 it
1251 960 30 58 is
1303 973 19 45 a
1346 959 186 59 complex
1561 955 222 63 institution

214 1036 92 36 with
338 1032 345 49 inter-dependent
721 1039 104 42 parts
863 1029 79 52 and
982 1041 22 40 a
1041 1034 110 47 great
1170 1038 121 43 many
1326 1022 224 59 intricacies
1588 1019 202 62 requiring

216 1100 176 43 wisdom,
416 1097 181 49 patience
618 1096 79 50 and
719 1094 166 52 breadth
907 1094 43 52 of
965 1089 334 57 administration.
1359 1089 87 57 The
1476 1085 192 61 inclusive
1698 1083 90 63 Wil¬

217 1165 178 36 berforce
417 1159 232 48 University
670 1160 68 47 has
758 1171 41 36 as
818 1157 47 50 its
887 1162 243 45 component
1151 1161 104 46 parts
1276 1154 64 53 the
1369 1152 165 55 College
1563 1150 45 57 of
1632 1148 157 59 Liberal

216 1230 106 42 Arts,
347 1227 63 45 the
432 1224 224 48 Combined
678 1223 164 49 Normal
872 1221 79 51 and
982 1218 213 54 Industrial
1227 1218 275 54 Department,
1541 1214 80 58 and
1655 1214 134 58 Payne

215 1290 256 48 Theological
510 1287 205 51 Seminary
746 1288 37 50 of
824 1284 258 54 Wilberforce
1122 1280 244 58 University.
1425 1279 87 59 The
1551 1277 161 61 College
1750 1276 45 62 of

216 1355 156 36 Liberal
392 1355 94 36 Arts
513 1352 79 39 and
622 1352 136 46 Payne
787 1347 256 51 Theological
1065 1345 208 53 Seminary
1302 1343 118 55 being
1450 1341 240 57 exclusively
1721 1341 65 57 the

215 1425 186 42 property
447 1417 44 50 of
532 1416 65 51 the
645 1414 163 53 African
858 1410 218 57 Methodist
1124 1409 213 58 Episcopal
1372 1407 174 60 Church,
1588 1412 103 55 must
1738 1405 49 62 be

216 1481 216 49 supported
460 1481 52 49 by
540 1480 82 50 that
652 1478 164 52 church.
875 1477 86 53 The
991 1473 226 57 Combined
1246 1472 169 58 Normal
1454 1471 81 59 and
1574 1468 214 62 Industrial

217 1547 262 46 Department
499 1543 44 50 of
566 1541 257 52 Wilberforce
845 1537 232 56 University
1099 1537 30 56 is
1165 1536 120 57 being
1305 1535 167 58 lavishly
1494 1533 219 60 supported
1733 1533 53 60 by

217 1611 65 35 the
304 1610 106 36 State
432 1608 44 38 of
501 1606 119 40 Ohio.
680 1605 87 41 The
791 1604 172 42 General
993 1602 211 47 Assembly
1234 1601 45 48 of
1304 1598 119 51 Ohio,
1443 1600 80 49 just
1551 1597 235 52 adjourned,

216 1671 280 49 appropriated
515 1677 40 43 to
575 1669 73 51 this
669 1669 249 51 department
939 1667 101 53 forty
1060 1664 199 56 thousand
1277 1664 145 56 dollars
1440 1663 126 57 under
1587 1674 22 46 a
1629 1661 160 59 general

215 1738 90 46 levy
343 1735 79 49 and
451 1733 134 51 ninety
607 1732 199 52 thousand
826 1731 143 53 dollars
989 1742 41 42 as
1051 1743 22 41 a
1093 1729 98 55 fund
1221 1728 58 56 for
1307 1726 145 58 special
1481 1725 308 59 improvements

219 1803 81 35 and
322 1798 203 40 extensive
554 1797 313 46 developments.
929 1795 110 48 Your
1070 1793 164 50 humble
1265 1798 178 45 servants
1475 1802 24 41 a
1531 1789 259 54 Wilberforce

218 1862 230 48 University
470 1862 87 48 take
579 1861 57 49 off
651 1859 98 51 their
771 1860 83 50 hats
875 1858 38 52 in
936 1856 248 54 recognition
1214 1856 45 54 of
1287 1856 66 54 the
1388 1853 224 57 generosity
1647 1853 45 57 of
1721 1853 66 57 the

217 1936 108 41 great
345 1928 105 49 State
472 1927 45 50 of
540 1925 107 52 Ohio
669 1926 78 51 and
777 1923 104 54 yield
907 1935 50 42 up
985 1930 40 47 to
1056 1922 69 55 her
1153 1919 283 58 inexpressible
1456 1918 159 59 thanks,
1638 1917 71 60 but
1730 1928 57 49 we

219 2005 71 23 urn
315 1992 92 36 with
433 1989 183 48 pleading
646 1988 125 49 hands
802 1995 38 42 to
871 1987 64 50 the
964 1993 109 44 great
1110 1983 163 54 African
1314 1981 218 56 Methodist
1570 1980 216 57 Episcopal

221 2054 264 44 Connection,
526 2052 91 46 with
654 2053 67 45 her
756 2052 301 46 three-quarters
1079 2053 35 45 of
1148 2061 21 37 a
1190 2046 149 52 million
1374 2046 206 52 members,
1620 2044 167 54 thirteen

217 2120 182 47 Bishops,
440 2116 206 51 Presiding
680 2116 153 51 Elders,
872 2113 230 54 Travelling
1136 2112 226 55 Preachers,
1396 2110 124 57 Local
1557 2109 230 58 Preachers,

220 2185 227 42 Exhorters,
474 2181 161 47 Sunday
667 2179 143 49 School
840 2177 353 51 Superintendents
1222 2176 81 52 and
1332 2174 202 54 Teachers
1568 2172 131 56 which
1734 2184 54 44 no

216 2261 91 23 man
330 2259 73 25 can
426 2245 178 44 number,
625 2244 80 45 and
726 2243 70 46 ask
817 2242 92 47 with
937 2249 110 40 great
1079 2239 180 50 anxiety:
1327 2238 118 51 What
1460 2238 86 51 will
1549 2249 81 40 you
1660 2237 47 52 do
1725 2237 70 52 for

214 2313 60 36 the
310 2311 270 40 maintenance,
614 2308 210 48 perpetuity
856 2305 81 51 and
971 2305 249 51 enlargement
1266 2304 48 52 of
1353 2302 123 54 Great
1522 2301 77 55 Old
1639 2301 153 55 Wilber¬

202 2376 122 47 force,
358 2374 59 49 the
447 2373 141 50 mother
614 2371 211 52 institution
855 2369 48 54 of
926 2369 167 54 African
1125 2367 240 56 Methodism.,
1399 2366 61 57 the
1487 2369 164 54 greatest
1675 2365 117 58 single

210 2441 97 47 good
329 2440 40 48 in
389 2438 59 50 the
464 2437 124 51 hands
606 2436 47 52 of
675 2434 59 54 the
765 2434 166 54 Negroes
963 2432 48 56 of
1038 2433 59 55 the
1129 2431 123 57 world
1263 2433 15 55 ?
1334 2429 91 59 Will
1457 2429 65 59 the
1552 2429 110 59 three
1693 2428 97 60 hun¬

216 2503 98 37 dred
335 2502 79 38 and
437 2501 81 45 fifty
541 2497 288 49 Connectional
851 2497 184 49 Trustees
1056 2495 42 51 of
1114 2494 259 52 Wilberforce
1391 2492 231 54 University
1639 2504 50 42 go
1704 2491 85 55 into

218 2566 162 38 counsel
401 2565 93 39 here
526 2562 79 42 and
635 2573 88 31 now
754 2561 78 43 and
855 2559 164 48 provide
1040 2559 146 48 largely
1207 2558 58 49 for
1287 2558 64 49 the
1372 2564 165 43 support
1556 2557 43 50 of
1628 2555 163 52 Wilber¬

217 2632 108 36 force
346 2625 262 49 University?
664 2624 56 50 Or
742 2624 74 50 will
840 2635 55 39 we
918 2624 123 50 adorn
1063 2622 201 52 ourselves
1279 2621 92 53 with
1390 2621 64 53 the
1469 2620 82 54 title
1568 2620 43 54 of
1628 2627 162 47 trustee¬

217 2694 87 47 ship
324 2693 80 48 and
426 2691 124 50 forget
570 2690 65 51 the
654 2695 110 46 great
785 2694 97 47 trust
901 2685 179 56 imposed
1102 2697 104 44 upon
1229 2686 73 55 us?
1357 2685 19 56 I
1397 2696 97 45 pray
1525 2684 65 57 the
1619 2683 166 58 Confer¬

218 2770 98 26 ence
337 2765 68 31 not
427 2763 39 33 to
488 2754 165 47 adjourn
676 2750 96 51 until
793 2750 28 51 it
850 2752 70 49 has
949 2750 116 51 made
1095 2749 245 52 respectable
1370 2747 224 54 provisions
1629 2748 59 53 for
1723 2747 66 54 the

216 2823 276 37 maintenance
512 2818 44 42 of
570 2816 259 44 Wilberforce
851 2813 228 48 University
1101 2814 79 47 and
1210 2813 135 48 Payne
1373 2812 263 49 Theological
1667 2810 124 51 Semi-
