2000 3200
935 355 39 5 —
989 337 26 32 a
1027 353 38 16 —

211 455 142 37 Bo'ton
377 454 176 44 Stewart,
577 451 158 47 teacher
756 457 38 41 at
814 450 119 48 Porto
955 446 116 52 Rico,
1098 446 54 52 H.
1179 445 45 53 C.
1251 443 212 55 Neikinya,
1500 437 139 61 Bethel
1672 430 116 68 Insti¬

210 528 92 36 tute,
324 519 123 45 South
470 516 147 48 Africa,
644 515 164 49 Charles
839 514 158 50 Brown,
1035 508 210 56 Principal,
1288 509 231 55 Buchanan,
1556 504 109 60 West
1700 497 88 67 Vir¬

210 584 122 48 ginia,
357 584 50 48 G.
435 583 40 49 B.
505 582 148 50 Buster,
680 579 169 53 teacher,
876 574 164 58 Illinois,
1070 573 96 59 Miss
1187 573 178 59 Susanna
1381 570 210 62 Coleman,
1616 566 96 66 East
1729 564 53 68 St.

212 647 134 45 Louis,
371 648 98 44 class
491 646 43 46 of
556 657 110 35 1902.

319 710 173 37 Marshal
515 710 57 37 M.
597 707 188 45 Maxeke,
809 706 159 46 teacher
981 703 79 49 and
1077 701 175 51 minister
1268 707 37 45 at
1323 699 164 53 Dwaars
1506 695 137 57 River,
1660 692 125 60 South

215 777 145 43 Africa,
388 775 43 45 C.
460 774 55 46 M.
538 771 161 49 Gaines,
723 768 211 52 Principal,
958 768 184 52 Edenton
1163 764 110 56 High
1291 763 79 57 and
1388 758 215 62 Industrial
1621 757 159 63 School,

214 841 198 42 Edenton,
452 838 127 45 North
615 835 195 48 Carolina,
851 833 42 50 F.
934 832 57 51 M.
1033 828 229 55 McGinnis,
1301 825 213 58 Principal,
1554 822 229 61 Plymouth,

212 905 127 35 North
363 901 199 44 Carolina,
589 898 154 47 Gilbert
762 898 55 47 H.
838 898 139 47 Jones,
1014 893 211 52 Principal,
1265 889 171 56 Lincoln
1474 887 110 58 High
1620 886 160 59 School,

213 968 173 43 Carlisle,
423 967 83 44 Pa.,
546 965 49 46 D.
633 963 61 48 W.
729 960 216 51 Woodard,
985 958 159 53 teacher
1165 964 38 47 at
1233 956 233 55 Galveston,
1491 953 145 58 Texas,
1680 951 100 60 class

211 1033 44 35 of
287 1044 108 35 1903.
459 1030 63 49 All
556 1028 108 51 these
697 1026 78 53 and
811 1036 119 43 many
963 1034 107 45 more
1103 1033 66 46 are
1200 1021 64 58 the
1293 1018 136 61 jewels
1459 1016 43 63 of
1527 1014 259 65 Wilberforce

212 1093 241 47 University,
474 1092 158 48 serving
648 1090 91 50 God
756 1089 80 51 and
852 1086 170 54 blessing
1038 1084 192 56 mankind
1246 1082 38 58 in
1307 1083 48 57 all
1376 1088 106 52 parts
1503 1080 44 60 of
1572 1079 65 61 the
1655 1079 129 61 earth.

490 1209 293 39 STUDENTS
805 1208 72 40 OF
898 1206 118 42 THE
1037 1201 458 51 QUADRENNIUM.

884 1293 83 24 NET
987 1291 118 26 ROLL.

1276 1338 133 27 Normal
1423 1338 64 27 and

215 1387 89 26 Year.

583 1380 138 30 College.

919 1373 218 33 Theological.

1273 1370 191 28 Industrial.

1677 1368 106 27 Total.

219 1445 71 34 190
302 1444 9 35 1

614 1437 70 34 170

1008 1434 46 22 20

1353 1428 67 36 I57

1710 1415 70 43 841

218 1497 98 35 1902

616 1479 72 34 180

1008 1476 48 33 26

1351 1480 71 36 177

1709 1468 74 46 387

219 1561 96 34 I9°3

614 1554 64 34 191

1007 1548 43 35 27

1352 1547 71 32 190

1710 1533 76 43 408

220 1623 98 34 I904

613 1607 69 45 265

1009 1613 45 34 29

1352 1599 71 34 126

1711 1596 75 46 360

321 1714 137 36 Totals

612 1721 16 35 7
641 1722 44 34 S°

984 1719 71 31 T04

1350 1705 74 45 650

1690 1710 97 37 I5°4

323 1801 80 35 Fhe
424 1797 143 39 annual
590 1796 77 40 and
688 1792 257 50 quadrennial
967 1792 157 50 student
1158 1790 235 52 enrollment
1422 1800 42 42 as
1498 1787 127 55 above
1659 1787 127 55 stated

216 1865 31 37 is
266 1878 23 24 a
311 1874 63 28 net
395 1862 246 42 enrollment,
661 1860 50 44 all
728 1857 311 47 re-enrollments
1053 1853 147 51 having
1215 1854 101 50 been
1333 1851 189 53 carefully
1538 1849 248 55 eliminated.

217 1930 64 35 All
304 1928 177 37 students
503 1936 63 29 are
587 1922 233 43 re-enrolled
842 1921 56 44 for
919 1918 127 47 Vocal
1067 1916 150 49 Music;
1248 1917 51 48 all
1329 1916 99 49 male
1458 1914 180 51 students
1655 1934 51 31 —
1723 1925 62 40 ex¬

217 2000 88 40 cept
327 1992 63 48 the
410 1986 256 54 Theological
688 1985 186 55 Students
894 1982 39 58 in
955 1983 64 57 the
1041 1981 174 59 Regular
1235 1980 150 60 Course
1403 1990 126 50 —are
1545 1978 234 62 re-enrolled

218 2059 58 34 for
297 2054 197 46 Military;
523 2052 50 48 all
594 2049 179 51 students
793 2059 65 41 are
877 2046 125 54 urged
1021 2052 40 48 to
1081 2045 89 55 take
1190 2055 76 45 one
1285 2055 44 45 or
1349 2054 109 46 more
1477 2042 45 58 of
1546 2042 67 58 the
1644 2041 143 59 Indus¬

217 2120 103 45 tries,
345 2118 120 47 about
486 2113 231 52 three-fifths
740 2113 99 52 have
860 2108 238 57 re-enrolled
1122 2109 57 56 for
1201 2108 64 57 the
1286 2118 119 47 same.

323 2184 46 34 In
397 2193 107 33 1901,
526 2175 236 51 application
786 2186 76 40 was
884 2173 185 53 formerly
1090 2172 115 54 made
1226 2178 39 48 to
1288 2172 76 54 Mr.
1392 2170 175 56 Andrew
1584 2167 197 59 Carnegie

218 2248 59 36 for
297 2248 65 36 the
381 2244 70 48 gift
472 2243 43 49 of
530 2254 23 38 a
573 2239 164 53 Library
761 2236 185 56 Building
966 2244 40 48 to
1026 2236 66 56 the
1114 2233 233 59 University
1376 2234 80 58 and
1486 2233 99 59 from
1623 2232 93 60 time
1746 2240 40 52 to

219 2311 93 36 time
334 2322 20 25 a
375 2307 104 49 good
501 2317 118 39 many
640 2304 125 52 forces
788 2312 99 44 were
909 2306 57 50 set
995 2298 40 58 in
1065 2297 150 59 motion
1245 2298 58 58 for
1333 2297 64 59 the
1427 2294 357 62 accomplishment

219 2376 42 35 of
279 2375 82 36 that
382 2371 98 45 end;
512 2370 76 46 But
607 2368 39 48 in
669 2367 64 49 the
755 2363 241 53 providence
1016 2363 44 53 of
1084 2362 94 54 God
1207 2362 79 54 and
1314 2360 40 56 in
1383 2372 188 44 response
1601 2367 40 49 to
1672 2372 111 44 some

218 2438 128 37 active
376 2439 246 36 movements
652 2443 51 32 on
737 2430 66 45 the
835 2434 87 41 part
954 2427 39 48 of
1027 2427 204 48 Secretary
1264 2425 160 50 Horace
1455 2423 162 52 Talbert
1648 2424 46 51 of
1721 2425 66 50 the

221 2499 242 46 University,
489 2497 89 48 ably
600 2493 162 52 assisted
784 2492 50 53 by
858 2492 68 53 Dr.
965 2490 156 55 Booker
1152 2489 46 56 T.
1239 2487 275 58 Washington.
1577 2488 77 57 Mr.
1696 2487 97 58 Car¬

220 2565 126 47 negie,
395 2570 67 42 out
501 2560 44 52 of
577 2558 59 54 his
673 2563 108 49 great
818 2552 237 60 generosity,
1094 2564 99 48 gave
1223 2551 373 61 Fifteen-thousand
1627 2552 162 60 Dollars

221 2629 269 50 ($15,006,00
506 2623 13 56 )
540 2624 59 55 for
619 2622 64 57 the
718 2619 171 60 erection
923 2618 41 61 of
996 2630 23 49 a
1051 2615 163 64 Library
1245 2614 180 65 building
1457 2623 39 56 at
1526 2615 263 64 Wilberforce

223 2690 229 47 University
473 2689 58 48 for
548 2685 126 52 which
694 2696 57 41 we
771 2683 97 54 shall
889 2682 144 55 always
1054 2680 48 57 be
1122 2679 39 58 in
1183 2686 108 51 great
1306 2679 95 58 debt
1417 2687 39 50 to
1475 2680 75 57 Mr.
1573 2678 213 59 Carnegie,

222 2759 202 42 Secretary
448 2753 160 48 Horace
627 2748 160 53 Talbert
807 2746 76 55 and
909 2744 65 57 Dr.
1002 2743 155 58 Booker
1187 2743 47 58 T.
1267 2741 261 60 Washington
1558 2755 42 46 as
1629 2743 88 58 well
1746 2755 42 46 as

221 2823 132 35 others
375 2818 88 40 who
483 2814 164 44 assisted
660 2811 38 47 in
716 2812 66 46 the
802 2807 316 51 consummation
1134 2807 43 51 of
1190 2806 64 52 the
1271 2805 226 53 enterprise.
1560 2807 88 51 Too
1666 2807 121 51 much
