2000 3200
914 363 38 5 -
972 341 99 36 16-

209 464 96 39 Rev.
334 463 44 40 G.
406 462 59 41 W.
502 460 149 43 Gaines
1667 444 116 59 416

210 529 252 49 Pittsburgh
496 527 244 51 Conference
1640 513 54 65 55
1727 512 56 66 43

209 597 136 37 North
371 594 104 40 Ohio
503 593 245 41 Conference
1640 579 54 55 55
1728 578 56 56 80

210 663 128 49 Eight
362 674 71 38 per
458 665 91 47 cent
575 658 144 54 Dollar
743 658 157 54 Money
926 653 121 59 Fund
1610 646 84 66 660
1729 645 54 67 39

384 769 129 38 Total
1506 756 187 51 $12,718
1727 755 56 52 64

212 838 178 37 Balance
412 836 43 39 in
478 835 209 46 Treasury
721 837 47 44 at
800 829 227 52 beginning
1059 827 47 54 of
1123 839 101 42 year
1607 822 86 59 498
1728 821 54 60 20

384 944 129 38 Total
537 949 48 33 to
617 942 51 40 be
691 939 231 43 accounted
953 938 67 44 for
1505 931 189 51 $13,216
1727 931 57 51 84

756 1057 462 40 DISBURSEMENTS.

505 1163 119 25 FROM
644 1160 106 37 JUNE
775 1150 89 47 1ST,
900 1148 107 49 1901
1037 1157 56 40 TO
1113 1155 106 42 JUNE
1245 1146 88 51 1ST,
1362 1144 125 53 1902.

213 1242 104 37 Paid
345 1255 53 24 on
432 1241 105 38 Last
562 1238 144 41 Year's
739 1234 179 45 Salaries
1507 1228 25 51 $
1566 1230 128 49 2,032
1728 1229 54 50 60

213 1306 217 49 Buildings
456 1304 83 51 and
565 1301 194 54 Grounds
1611 1296 84 59 758
1728 1294 54 61 01

214 1372 318 38 Miscellaneous
1610 1362 84 48 255
1729 1360 52 50 91

214 1442 179 34 Interest
420 1435 104 41 Paid
552 1448 53 28 on
630 1435 129 41 Notes
1568 1428 126 48 1,083
1729 1427 54 49 92

214 1504 213 37 Teachers'
448 1499 180 42 Salaries
1566 1493 128 48 3,956
1728 1493 55 48 00

215 1568 217 49 Boarding
463 1567 195 50 Trustees
1611 1559 84 58 250
1729 1558 53 59 25

216 1638 187 46 Postage
1612 1625 83 59 117
1729 1625 54 59 38

217 1699 266 50 Scholarship
508 1697 120 52 Fund
1611 1687 85 62 576
1729 1692 56 57 00

217 1768 99 37 Fuel
1612 1757 83 48 757
1729 1757 53 48 83

217 1833 105 37 Paid
349 1846 53 24 on
428 1830 107 40 Debt
1567 1823 129 47 1,556
1729 1823 55 47 80

218 1899 150 48 Dining
394 1896 97 51 Hall
517 1893 186 54 Supplies
1569 1890 127 57 2,306
1728 1889 56 58 40

393 2026 129 38 Total
1510 2019 186 46 $13,335
1731 2020 54 45 10

809 2119 387 27 RECAPITULATION.

219 2193 129 39 Total
373 2195 177 37 amount
574 2188 40 44 in
648 2188 208 46 Treasury
881 2184 152 50 during
1056 2197 101 37 year
1511 2183 186 51 $13,715
1731 2186 56 48 04

221 2260 331 37 Disbursements
576 2254 56 47 by
659 2252 120 49 order
805 2251 46 50 of
876 2249 225 52 Executive
1127 2250 141 51 Board
1538 2251 158 50 13,350
1730 2252 54 49 10

395 2387 179 38 Balance
605 2384 41 41 in
671 2384 208 46 Treasury
1512 2381 25 49 $
1615 2383 85 47 364
1732 2383 56 47 94

448 2571 279 40 FORTIETH
760 2570 215 41 ANNUAL
1007 2569 216 42 REPORT
1232 2569 333 42 —RECEIPTS.

311 2675 120 27 FROM
456 2672 86 30 ALL
566 2668 188 34 SOURCES
787 2667 119 35 FROM
933 2667 106 35 JUNE
1065 2658 37 44 1,
1131 2657 124 45 1902,
1283 2667 56 35 TO
1366 2668 106 35 JUNE
1506 2657 36 46 1,
1571 2659 126 44 1903.

224 2756 127 36 From
376 2751 85 41 sale
486 2748 46 44 of
551 2746 90 46 coal
1497 2743 26 49 $
1645 2746 54 46 58
1733 2748 56 44 02

225 2822 127 37 From
379 2818 44 41 C.
450 2817 46 42 N.
525 2815 39 44 &
589 2814 30 45 I.
641 2813 273 48 Department
932 2808 357 53 Appropriations
1572 2813 128 48 3,000
1733 2814 56 47 00
