2000 3200
475 513 275 89 Report
801 518 82 84 of
930 518 118 84 the
1104 516 410 90 Secretary.

214 789 59 37 To
301 789 70 37 the
397 790 177 37 General
597 791 246 38 Conference
869 793 52 36 of
941 793 70 36 the
1034 794 46 37 A.
1107 794 60 37 M.
1194 794 46 38 E.
1271 794 173 45 Church,
1473 794 241 45 Assembled
1742 794 41 45 in

300 856 70 37 the
406 855 351 51 Twenty-second
786 859 286 47 Quadrennial
1101 860 164 46 Session
1298 867 48 39 at
1380 860 195 50 Chicago,
1610 860 171 50 Illinois,

299 922 112 50 May
432 922 99 50 2nd,
560 924 115 48 1904
690 938 10 34 :

210 1045 271 36 Reverened
508 1044 211 38 Fathers
743 1057 86 25 and
855 1046 264 37 Brethren:

300 1120 63 37 All
389 1121 47 37 of
461 1135 49 24 us
534 1120 43 39 in
603 1121 145 38 Divine
773 1123 195 37 Presence
991 1122 211 51 recognize
1226 1122 99 51 that
1349 1122 115 51 there
1488 1122 33 51 is
1546 1137 27 36 a
1590 1123 90 50 God
1699 1123 83 50 and

210 1187 302 50 acknowledge
538 1187 76 50 His
648 1201 100 36 over
771 1187 139 52 ruling
940 1188 114 51 hand
1086 1188 42 51 in
1153 1188 56 51 all
1232 1189 157 50 human
1416 1188 153 51 affairs,
1597 1189 80 50 and
1707 1202 77 37 our

207 1252 146 38 hearts
378 1259 116 32 must
519 1253 216 38 over-flow
761 1253 107 38 with
905 1253 229 51 gratitude,
1162 1254 120 50 when
1307 1268 63 36 we
1393 1254 128 50 know
1545 1253 35 51 it
1604 1260 48 44 to
1676 1254 107 50 have

209 1319 100 37 been
337 1318 112 47 Him,
477 1319 100 46 who
602 1319 79 46 has
706 1319 129 46 called
860 1333 49 32 us
934 1325 78 40 out
1038 1320 46 45 of
1110 1320 200 45 darkness
1327 1319 92 46 into
1443 1319 119 50 light,
1583 1319 83 50 and
1684 1320 100 49 hon¬

212 1385 99 37 ored
343 1384 49 38 u's
424 1385 58 50 by
505 1384 169 51 placing
704 1384 41 51 in
772 1398 79 37 our
874 1384 137 51 hands
1027 1384 196 51 interests
1248 1399 47 36 so
1320 1384 237 51 intimately
1583 1384 201 51 associat¬

209 1451 50 38 ed
284 1450 108 39 with
410 1451 71 38 the
504 1450 140 39 future
668 1450 65 39 life
757 1450 85 39 and
874 1450 239 51 prosperity
1139 1450 47 51 of
1212 1464 77 37 our
1319 1457 122 44 great
1473 1450 162 51 church,
1662 1464 122 37 coun¬

210 1522 83 45 try,
322 1517 85 50 and
432 1516 71 51 the
528 1516 136 51 world
690 1522 48 45 at
762 1516 126 51 large.

300 1584 72 36 We
396 1582 110 38 have
529 1582 101 38 been
656 1581 223 51 permitted
904 1581 57 51 by
985 1581 144 51 Divine
1148 1581 250 51 Providence
1415 1587 48 45 to
1481 1594 98 38 pass
1596 1581 187 51 through

211 1649 182 38 another
415 1648 96 39 four
534 1662 123 32 years
683 1649 47 45 of
754 1654 165 40 earnest
943 1647 123 47 labor
1088 1648 65 46 for
1176 1647 71 47 the
1271 1648 176 46 Master.
1497 1648 54 46 At
1575 1646 120 48 times
1720 1661 63 33 we

209 1716 110 37 have
351 1715 85 38 had
469 1728 78 25 sun
580 1714 116 39 shine
727 1714 194 39 athwart
955 1727 77 26 our
1062 1714 222 50 pathway,
1319 1713 84 51 and
1428 1719 47 45 at
1502 1712 120 52 other
1646 1712 134 52 times,

212 1781 216 39 shadows.
479 1782 212 38 However
710 1782 118 47 Jesus
852 1780 79 49 has
955 1779 76 50 led,
1058 1779 84 50 and
1168 1793 62 36 we
1254 1779 107 50 have
1384 1778 207 51 followed.

713 1891 106 37 OUR
843 1890 251 38 BELOVED
1126 1889 155 39 DEAD.

215 1980 216 39 "Number
455 1994 113 32 now,
597 1979 84 47 and
707 1993 63 33 see
795 1978 99 48 who
911 1978 109 48 have
1035 1990 109 36 gone
1166 1976 106 50 from
1300 1977 89 49 us."
1417 1977 18 49 I
1453 1976 110 50 Sam.
1584 1976 110 50 XIV,
1716 1977 65 49 13.

300 2046 116 38 Since
454 2059 110 37 your
603 2045 85 51 last
727 2044 155 52 session
924 2045 66 51 Rt.
1033 2044 95 52 Rev.
1157 2043 59 53 M.
1244 2043 58 53 M.
1331 2043 160 53 Moore,
1520 2054 77 42 one
1629 2040 46 56 of
1709 2054 76 42 our

212 2113 107 39 chief
344 2118 187 46 pastors,
559 2111 84 53 and
662 2125 27 39 a
705 2110 63 54 life
784 2110 101 54 long
900 2108 130 56 friend
1049 2108 46 56 of
1120 2107 260 57 Wilberforce
1396 2106 78 58 has
1499 2106 119 58 fallen
1637 2106 146 58 asleep.

628 2176 176 50 "Asleep
829 2175 41 51 in
890 2177 119 49 Jesus
1035 2173 163 53 Blessed
1223 2172 156 54 Sleep."

303 2247 97 36 Rev.
428 2243 169 40 Samuel
621 2243 45 40 T.
694 2241 199 46 Mitchell,
921 2240 99 47 who
1052 2240 66 47 for
1150 2241 54 46 16
1228 2251 122 37 years
1383 2251 91 37 was
1507 2236 215 52 President
1748 2236 45 52 of

214 2311 263 38 Wilberforce
502 2308 251 50 University,
781 2307 42 51 in
855 2307 144 51 labors
1032 2305 236 53 abundant,
1297 2303 83 55 and
1413 2302 216 56 successful
1652 2301 41 57 in
1718 2301 69 57 the

212 2378 175 38 interest
421 2376 46 40 of
492 2375 64 41 his
596 2375 272 44 Almamater,
895 2373 50 46 he
977 2371 91 48 died
1099 2370 42 49 in
1180 2369 72 50 the
1290 2367 267 52 educational
1602 2367 182 52 harness,

214 2444 115 52 April
355 2445 126 51 1901.
532 2444 47 52 In
605 2441 64 55 his
695 2441 225 55 departure
944 2439 72 57 the
1046 2451 94 45 race
1172 2438 84 58 lost
1290 2449 77 47 one
1399 2435 46 61 of
1470 2434 56 62 its
1557 2440 115 56 most
1695 2447 94 49 pro-

211 2510 147 40 fessive
390 2509 237 44 educators,
655 2507 71 46 the
750 2505 150 48 church
935 2518 76 35 one
1036 2504 47 49 of
1107 2502 56 51 its
1195 2507 113 46 most
1341 2500 114 53 loyal
1479 2500 200 53 members
1705 2500 82 53 and

214 2576 262 41 Wilberforce
501 2573 238 50 University
765 2586 55 37 an
844 2571 187 52 honored
1058 2570 204 53 alumnus.

304 2642 55 41 Of
383 2641 204 42 members
635 2639 47 44 of
722 2639 71 44 the
825 2638 174 45 Trustee
1032 2635 141 48 Board
1215 2634 46 49 of
1302 2633 70 50 the
1405 2631 248 52 University,
1689 2631 98 52 who
