2000 3200
938 301 39 5 —
993 286 24 29 9
1030 300 40 15 —

203 407 129 49 praise
352 409 81 47 and
453 414 68 42 too
542 407 119 49 much
682 405 189 51 rejoicing
892 416 51 40 on
965 410 171 46 account
1153 404 46 52 of
1215 402 75 54 this
1320 409 106 47 great
1454 400 72 56 gift
1552 406 149 50 cannot
1729 398 50 58 be

205 473 202 49 endulged
427 472 39 50 in
488 472 54 50 by
560 472 66 50 the
646 471 131 51 lovers
797 470 43 52 of
855 468 260 54 Wilberforce
1136 465 245 57 Univarsity.

312 537 192 48 Through
527 549 22 36 a
569 535 182 50 personal
773 533 91 52 visit
883 533 46 52 of
943 534 66 51 the
1031 531 206 54 President
1257 531 44 54 of
1324 529 258 56 Wilberforce
1612 526 169 59 Univer¬

207 601 76 47 sity
303 609 41 39 to
364 602 184 46 Parsons,
575 600 172 48 Kansas,
772 599 65 49 the
858 595 234 53 University
1111 595 32 53 is
1163 607 89 41 now
1280 594 41 54 in
1350 592 224 56 possession
1602 591 43 57 of
1670 602 109 46 some

207 665 182 38 valuable
409 665 81 38 real
510 671 137 38 estate,
669 663 39 46 in
730 663 85 46 that
835 661 92 48 city,
952 660 224 49 bequeated
1205 671 121 38 many
1354 670 111 39 years
1494 668 72 41 ago
1596 657 53 52 by
1679 655 97 54 Mrs.

211 730 113 48 Lucy
346 729 159 49 Cooper
526 729 42 49 of
586 726 155 52 sainted
760 737 193 41 memory.

316 793 197 47 Chaplain
534 793 47 47 T.
608 793 50 47 G.
684 790 188 50 Steward,
897 791 60 49 for
978 800 108 40 some
1106 799 114 41 years
1240 800 22 40 a
1281 785 172 55 resident
1473 785 44 55 of
1527 782 256 58 Wilberforce

212 859 82 37 and
310 858 133 38 whose
457 857 108 49 good
586 855 88 51 wife
694 867 79 39 was
791 852 175 54 resident
984 851 210 55 Physician
1209 851 40 55 of
1263 849 256 57 Wilberforce
1537 846 245 60 University,

214 924 70 37 has
314 920 296 41 memorialized
631 919 61 42 his
713 931 70 30 son
806 918 148 43 Walter
975 917 95 44 Hall
1090 915 190 46 Steward,
1304 926 21 35 a
1345 913 189 49 graduate
1555 912 44 50 of
1622 910 165 52 Wilber¬

214 988 109 37 force
355 985 247 48 University,
626 985 53 48 by
708 983 135 50 giving
874 979 307 54 One-thousand
1212 978 155 55 Dollars
1397 976 265 57 ($1,000.00)
1694 987 41 46 as
1765 985 22 48 a

215 1052 179 44 nucleus,
421 1058 40 38 to
483 1048 127 48 which
631 1049 51 47 he
702 1046 76 50 will
800 1046 78 50 add
898 1047 100 49 from
1018 1043 96 53 time
1133 1050 41 46 to
1194 1041 106 55 time,
1326 1044 59 52 for
1405 1041 64 55 the
1491 1038 173 58 erection
1695 1038 44 58 of
1765 1049 22 47 a

216 1116 148 37 Walter
385 1114 96 39 Hall
501 1113 177 40 Steward
699 1109 213 44 Memorial
931 1106 187 50 Building
1148 1118 51 38 on
1235 1106 65 50 the
1335 1102 229 54 University
1597 1100 185 56 grounds.

220 1181 75 36 For
315 1178 77 39 this
412 1189 173 37 purpose
606 1177 19 49 I
647 1175 116 51 stand
783 1173 172 53 pledged
974 1179 40 47 to
1033 1170 98 56 raise
1152 1170 129 56 funds.
1343 1169 63 57 All
1440 1168 46 58 of
1514 1167 66 59 the
1616 1165 172 61 Endow¬

219 1251 130 31 ments
367 1244 82 38 and
470 1242 114 40 other
603 1238 220 50 properties
841 1236 145 52 owned
1004 1236 55 52 by
1077 1236 67 52 the
1163 1232 233 56 University
1411 1240 40 48 at
1466 1232 66 56 the
1547 1231 104 57 close
1668 1228 42 60 of
1722 1228 66 60 the

217 1310 75 37 last
313 1305 305 50 Quadrennium
652 1316 65 39 are
750 1302 178 53 sacredly
959 1300 41 55 in
1031 1305 92 50 tact,
1160 1309 103 46 none
1294 1295 144 60 having
1468 1296 99 59 been
1601 1293 96 62 used
1731 1292 59 63 for

220 1380 160 30 current
409 1382 194 37 expenses
632 1368 80 51 and
741 1374 38 45 at
808 1367 65 52 the
903 1376 106 43 same
1037 1362 93 57 time
1160 1373 109 46 some
1297 1360 44 59 of
1365 1360 65 59 the
1459 1358 67 61 old
1555 1358 113 61 debts
1687 1356 103 63 have

221 1439 103 36 been
345 1435 108 50 paid.

329 1502 118 36 Some
467 1510 96 36 very
583 1495 171 51 forward
774 1498 248 48 movements
1044 1504 40 42 at
1104 1490 65 56 the
1191 1486 245 60 University,
1473 1484 124 62 which
1629 1495 64 51 are
1723 1482 68 64 full

222 1565 46 37 of
285 1563 191 48 blessings
496 1560 219 51 proximate
736 1557 80 54 and
835 1561 162 50 remote,
1030 1565 64 46 are
1124 1552 41 59 in
1194 1563 159 48 process
1382 1557 39 54 at
1450 1550 65 61 the
1545 1545 241 66 University.

223 1630 132 37 These
374 1626 77 41 will
470 1627 51 40 be
539 1624 173 48 brought
732 1622 136 50 before
886 1620 66 52 the
971 1617 160 55 coming
1148 1617 166 55 Trustee
1333 1613 130 59 Board
1491 1612 80 60 and
1600 1610 193 62 therefore

224 1706 65 24 are
311 1699 70 31 not
401 1689 234 41 mentioned
654 1687 107 43 here.

333 1757 36 35 It
389 1754 31 38 is
441 1767 67 35 my
528 1752 124 50 belief
663 1751 86 51 that
768 1750 66 52 the
855 1744 232 58 University
1107 1743 31 59 is
1158 1741 178 61 entering
1356 1752 107 50 upon
1493 1751 22 51 a
1544 1750 86 52 new
1660 1749 65 53 era
1755 1736 43 66 of

225 1822 169 36 Success
414 1817 81 41 and
516 1815 233 43 usefulness.
811 1812 138 46 Much,
974 1810 197 48 however,
1197 1804 76 54 will
1294 1803 159 55 depend
1474 1813 107 45 upon
1601 1801 66 57 the
1686 1798 109 60 legis¬

227 1883 124 38 lation
387 1882 46 39 of
458 1880 76 41 this
565 1879 108 47 body
702 1875 164 51 looking
895 1882 40 44 to
965 1873 64 53 the
1058 1870 277 56 maintenance
1364 1867 44 59 of
1432 1866 65 60 the
1527 1864 162 62 College
1717 1862 80 64 and

225 1945 260 51 Theological
507 1944 297 52 Departments.
864 1937 143 59 Under
1027 1946 119 50 cover
1167 1931 92 65 with
1280 1930 76 66 this
1384 1935 130 61 report
1545 1926 74 70 will
1648 1937 146 59 appear

228 2013 66 37 the
316 2008 234 48 University
571 2003 186 53 financial
776 2009 134 47 report
929 2001 53 55 by
1001 2000 67 56 the
1087 1999 206 57 Secretary
1310 1994 81 62 and
1418 1994 214 62 Treasurer
1660 1989 42 67 of
1731 1988 67 68 the

229 2073 236 49 University
486 2072 80 50 and
588 2068 211 54 elsewhere
821 2065 75 57 will
925 2075 146 47 appear
1100 2062 65 60 the
1194 2066 132 56 report
1355 2057 44 65 of
1422 2057 66 65 the
1520 2056 113 66 Dean
1663 2053 43 69 of
1733 2052 64 70 the

230 2137 258 50 Theological
510 2136 264 51 Department
793 2129 79 58 and
893 2129 127 58 hence
1041 2126 92 61 they
1154 2135 64 52 are
1240 2129 69 58 not
1329 2120 115 67 made
1465 2119 104 68 here.

867 2200 284 50 Respectfully,

1131 2272 164 49 Joshua
1329 2270 55 51 H.
1415 2269 144 52 Jones,

924 2349 220 49 President,
1168 2344 257 54 Wilberforce
1447 2339 247 59 University.
