2012 3207
962 334 132 41 -f-

228 454 115 39 fiary.
403 444 37 49 It
460 460 78 33 was
559 449 65 44 the
645 460 171 38 purpose
838 452 44 46 of
898 452 64 46 the
984 452 172 46 General
1179 454 250 44 Conference
1442 458 78 40 and
1537 457 65 41 the
1616 458 188 40 founders

229 510 47 37 of
291 511 68 37 the
381 511 233 51 University
635 522 40 40 to
697 515 116 47 make
835 516 65 46 the
922 518 134 44 school
1074 531 47 35 ^s
1141 528 108 40 great
1269 521 77 47 and
1378 534 40 34 as
1448 522 124 46 broad
1600 535 41 33 as
1670 523 31 45 is
1732 535 73 33 our

230 575 181 50 growing
431 577 241 48 connection
694 579 80 46 and
796 587 39 38 to
855 580 101 45 have
976 581 50 44 all
1047 582 65 43 the
1142 583 269 42 Conferences
1440 594 40 31 to
1509 586 224 39 contribute
1764 595 38 30 to

230 638 50 38 its
301 648 177 41 support.
541 642 37 47 It
599 655 79 34 was
697 643 60 46 for
777 644 75 45 this
872 658 139 31 reason
1035 647 82 42 that
1139 648 94 41 each
1258 650 161 39 Annual
1449 650 248 39 Conference
1727 664 79 25 was

229 703 120 49 given
371 706 116 48 equal
507 707 314 47 representation
843 721 51 33 on
917 710 65 44 the
1002 718 145 36 trustee
1168 712 132 42 board.

340 768 86 38 Our
446 769 135 50 policy
601 778 39 41 at
662 771 258 48 Wilberforce
942 774 231 48 University
1194 775 30 47 is
1245 784 39 38 to
1305 790 42 32 so
1367 778 167 49 develop
1555 779 65 48 the
1650 778 157 49 various

237 834 276 47 departments
533 835 80 46 and
635 836 289 48 departmental
945 840 219 47 properties
1184 853 41 34 as
1245 848 40 39 to
1305 842 116 45 make
1440 844 106 43 them
1568 855 41 32 as
1638 842 170 45 efficient

234 909 41 25 as
297 896 172 51 possible
490 900 80 47 and
591 906 39 41 to
650 912 49 35 co
717 900 179 47 ordinate
918 902 109 45 these
1049 903 275 48 departments,
1340 904 82 47 into
1442 918 77 33 one
1548 906 258 45 all-inclusive

235 960 262 40 Wilberforce
528 962 170 51 forming
728 977 22 36 a
780 964 178 50 working
990 966 126 48 whole
1145 967 39 47 in
1215 966 127 48 which
1372 969 96 45 each
1497 977 85 41 part
1610 969 76 49 will
1715 971 92 47 help

235 1037 121 37 every
385 1026 113 48 other
527 1035 87 40 part
651 1028 44 47 of
729 1029 66 46 the
831 1029 245 49 University,
1113 1032 80 46 and
1223 1032 51 46 all
1308 1033 107 45 work
1445 1033 178 49 together
1652 1034 58 48 for
1744 1034 64 48 the

237 1089 356 49 accomplishment
613 1091 45 47 of
674 1104 77 34 one
771 1101 108 40 great
900 1094 90 47 end,
1018 1106 79 35 viz:
1130 1095 65 46 the
1216 1095 282 49 development
1517 1096 45 48 of
1586 1098 65 46 the
1674 1098 133 48 Negro

234 1153 300 48 intellectually,
558 1156 180 48 morally,
762 1156 245 50 industrially
1030 1158 78 48 and
1129 1158 226 49 politically,
1381 1171 43 36 so
1444 1161 82 46 that
1548 1162 47 45 he
1617 1174 88 35 may
1722 1174 87 36 pro¬

236 1226 108 30 mote
365 1226 103 31 most
486 1218 157 50 rapidly
664 1219 58 49 his
742 1232 88 36 own
868 1221 220 49 well-being
1121 1223 117 47 along
1272 1223 91 47 with
1395 1224 81 46 that
1507 1225 45 45 of
1580 1225 65 45 the
1674 1225 133 48 public

237 1283 170 36 welfare.

343 1346 88 38 The
453 1348 123 36 worth
598 1348 42 36 of
657 1360 76 37 any
756 1348 137 49 school
927 1348 31 49 is
988 1348 248 49 determined
1266 1350 51 47 by
1351 1351 101 46 what
1483 1350 27 47 it
1541 1350 95 47 does
1671 1352 57 45 for
1759 1352 47 45 its

236 1411 181 37 students
436 1411 79 37 and
536 1411 52 48 by
612 1412 101 47 what
733 1411 28 48 it
781 1413 95 46 does
898 1413 167 48 through
1087 1414 106 47 them
1214 1413 58 48 for
1292 1413 160 49 society.
1516 1415 209 47 Measured
1754 1417 50 47 by

238 1473 78 39 this
337 1474 204 45 standard,
567 1475 66 44 the
655 1475 159 44 Church
837 1477 70 42 has
936 1489 22 30 a
986 1475 103 50 right
1118 1485 38 40 to
1187 1477 171 48 exercise
1388 1478 210 49 becoming
1627 1479 111 48 pride
1767 1480 39 47 in

240 1539 258 37 Wilberforce
520 1538 244 49 University.
828 1540 125 47 When
978 1551 56 36 we
1064 1539 110 48 think
1206 1541 45 46 of
1275 1541 65 46 the
1369 1540 371 50 accomplishments
1769 1545 44 45 of

241 1602 151 48 Bishop
422 1603 94 47 Lee,
552 1602 207 48 President
787 1604 39 46 S.
857 1604 47 46 T.
941 1603 191 47 Mitchell,
1167 1603 205 47 President
1399 1605 46 45 T.
1481 1606 56 44 H.
1567 1606 171 47 Jackson
1769 1610 39 43 of

240 1667 163 36 Shorter
443 1665 176 49 College,
665 1666 204 48 President
906 1667 34 47 I.
979 1667 55 47 M.
1076 1668 158 46 Burgan
1254 1668 45 46 of
1327 1668 96 46 Paul
1457 1668 135 47 Quinn
1630 1669 172 50 College,

238 1731 173 36 Doctors
439 1729 162 50 Jenifer,
642 1730 143 49 Hearst
815 1731 79 48 and
925 1731 174 48 Beckett,
1136 1730 213 49 Chaplains
1379 1730 181 49 Prielieu,
1597 1734 208 45 Anderson

240 1794 81 36 and
361 1795 156 44 Arnett,
562 1794 205 47 Secretary
807 1794 160 47 Horace
1006 1794 162 47 Talbert
1196 1795 44 46 of
1268 1794 257 47 Wilberforce
1560 1796 242 50 University,

241 1856 341 50 Superintendent
601 1857 33 49 J.
664 1857 39 49 P.
732 1858 159 48 Shorter
912 1858 43 48 of
972 1857 64 49 the
1057 1857 224 49 Combined
1303 1858 163 48 Normal
1486 1858 79 48 and
1596 1860 211 46 Industrial

242 1922 267 47 Department
530 1920 42 49 of
602 1920 254 49 Wilberforce
886 1919 243 50 University,
1165 1920 220 49 Professors
1416 1921 43 48 E.
1496 1923 50 46 A.
1579 1922 156 47 Clarke,
1767 1926 35 47 J.

241 1984 199 45 Wheeler,
466 1984 239 45 Masterson,
727 1984 35 48 J.
788 1985 47 47 A.
863 1984 116 48 Kirk,
1003 1984 32 48 J.
1072 1985 49 47 A.
1155 1983 215 49 Crawford,
1404 1985 35 47 J.
1473 1984 163 48 Gibson,
1671 1988 45 44 T.
1753 1989 48 43 D.

241 2048 125 45 Scott,
391 2047 90 46 Earl
505 2046 140 47 Finch,
678 2047 126 47 Julius
838 2047 177 47 Dodson,
1050 2047 110 47 Rush
1193 2046 143 48 Morris
1364 2048 78 46 and
1469 2048 37 47 J.
1541 2048 49 47 D.
1624 2050 180 50 Lowery,

241 2111 100 37 Miss
363 2109 132 39 Hallie
518 2109 136 48 Quinn
674 2111 154 46 Brown.
856 2109 97 48 Miss
978 2109 54 48 H.
1056 2109 224 48 Georgiana
1294 2110 142 47 White,
1460 2112 92 45 Mrs.
1580 2112 139 50 Carey,
1741 2116 66 46 the

242 2176 98 36 Poet
360 2172 203 40 Whitman
584 2175 79 37 and
686 2173 95 39 Mrs.
812 2173 150 46 Mixon,
988 2174 78 45 and
1083 2186 118 35 many
1217 2178 130 43 others
1361 2174 83 47 that
1458 2174 123 49 might
1594 2176 48 47 be
1661 2180 145 43 named

240 2239 179 48 together
440 2236 89 51 with
553 2238 64 49 the
639 2245 85 42 vast
753 2250 109 37 army
891 2237 44 50 of
961 2237 337 50 undergraduates
1327 2238 77 49 and
1434 2238 196 49 honorary
1659 2242 148 45 alumni

241 2304 89 36 who
350 2303 102 37 have
474 2300 138 40 stirred
635 2301 74 39 this
738 2309 166 40 country
935 2304 99 45 from
1065 2313 121 36 ocean
1218 2309 40 40 to
1286 2313 137 36 ocean,
1458 2302 89 47 why
1576 2303 142 46 should
1747 2319 59 30 we

240 2373 72 31 not
334 2366 89 38 take
444 2364 149 50 delight
615 2364 39 50 in
675 2364 257 50 Wilberforce
964 2364 254 50 University?
1276 2365 80 49 Not
1386 2366 94 48 only
1509 2378 65 36 are
1604 2367 63 47 the
1697 2370 109 44 older

239 2431 211 50 graduates
466 2429 122 52 doing
604 2429 65 52 the
686 2428 231 53 University
938 2429 127 52 honor
1088 2429 127 52 where
1235 2429 91 52 they
1348 2441 62 40 go,
1436 2428 232 53 illustrating
1687 2434 120 47 abun¬

240 2495 139 47 dantly
399 2493 106 49 what
526 2494 65 48 the
613 2491 230 51 University
864 2492 69 50 has
953 2492 107 50 done
1093 2492 60 50 for
1186 2492 104 50 them
1326 2493 79 49 and
1437 2492 164 50 society,
1636 2496 68 46 but
1735 2509 71 33 our

239 2559 98 37 later
358 2557 77 48 day
454 2557 211 49 graduates
687 2568 143 38 among
852 2556 128 50 whom
1002 2568 64 38 are
1086 2556 104 50 John
1214 2556 204 50 Coleman,
1453 2558 159 48 teacher
1647 2567 36 39 at
1718 2561 89 45 Gal¬

240 2629 154 39 veston,
432 2621 143 47 Texas,
613 2620 202 48 Charlotte
850 2621 161 47 Manye,
1050 2620 159 48 teacher
1242 2629 38 39 at
1316 2620 161 48 Dwaars
1512 2620 133 48 River,
1683 2624 122 44 South

241 2686 152 46 Africa,
418 2685 201 47 Gustavus
640 2685 177 47 Stewart,
842 2683 159 49 teacher
1030 2692 38 40 at
1097 2684 51 48 St.
1186 2683 160 49 Joseph,
1385 2683 200 49 Missouri,
1616 2687 191 45 Florence

240 2751 192 45 Thomas,
456 2749 159 47 teacher
630 2757 38 39 at
691 2749 118 47 Porto
832 2747 115 49 Rico,
971 2747 98 49 class
1091 2748 43 48 of
1158 2761 105 35 1901.

347 2816 50 36 A.
426 2813 58 39 W.
516 2813 172 48 Asbury,
713 2812 308 49 Commandant,
1059 2812 257 49 Wilberforce
1351 2812 125 49 Cadet
1511 2814 206 49 Batallion,
1755 2819 49 44 T.
