2200 3300
725 294 238 43 Officers
991 304 65 33 of
1082 303 97 34 the
1206 290 254 47 Phalanx.

1765 285 96 44 175

326 420 336 61 Department,
692 428 147 53 dated
866 427 223 55 January
1116 425 143 57 1863,
1282 437 55 45 as
1362 422 101 60 well
1490 435 55 47 as
1571 421 84 61 the
1680 421 185 61 battal¬

326 487 100 56 ion,
445 492 152 51 which
615 495 60 48 he
691 508 100 35 was
817 495 105 48 also
951 492 195 51 ordered
1171 495 57 48 to
1255 490 125 53 raise
1405 489 75 54 for
1506 488 226 55 scouting
1755 500 110 43 pur¬

326 567 157 44 poses,
513 561 85 50 the
623 560 242 55 following
890 560 179 55 March,
1098 557 213 58 included
1339 569 148 46 many
1513 567 107 48 men
1648 554 55 61 of
1722 554 139 61 rank.

327 621 73 44 To
421 627 258 42 command
708 640 32 29 a
765 640 148 42 negro
939 627 233 55 regiment
1199 637 56 45 or
1281 635 240 47 company
1547 633 99 49 was
1674 622 56 60 at
1764 620 100 62 this

326 688 119 45 date
464 704 33 30 a
514 694 199 41 coveted
732 694 137 55 prize,
897 693 76 56 for
998 692 149 57 which
1173 704 107 45 men
1307 689 55 60 of
1380 687 174 62 wealth
1582 687 97 62 and
1698 686 168 63 educa¬

324 755 112 43 tion
463 760 281 43 contended.
798 759 99 44 The
923 758 281 45 distinction
1230 756 148 47 which
1404 755 117 55 they
1538 766 117 44 were
1682 751 183 59 contin¬

325 822 138 55 ually
487 825 213 56 winning
723 825 76 56 for
823 826 127 55 their
975 826 195 55 officers,
1198 822 266 59 frequently
1500 832 249 49 overcame
1781 819 86 62 the

325 888 380 58 long-cherished
723 892 234 55 prejudice
975 892 54 55 of
1050 890 132 57 West
1200 889 161 58 Point,
1384 887 96 60 and
1497 887 84 60 the
1598 886 267 61 graduates

327 954 56 43 of
402 954 101 45 this
539 959 133 41 caste
706 957 284 43 institution
1024 970 107 30 now
1173 956 106 44 vied
1322 956 75 44 for
1440 953 332 47 commissions
1816 951 50 49 in

325 1033 151 43 negro
495 1023 274 55 regiments,
790 1024 49 54 in
857 1024 150 54 which
1025 1036 147 42 many
1191 1022 54 56 of
1256 1021 132 57 them
1407 1020 165 58 served
1591 1018 174 60 during
1782 1018 84 60 the

325 1086 246 45 ^Rebellion
591 1089 97 42 and
707 1089 138 43 since.

427 1154 51 43 It
503 1168 100 29 was
630 1155 84 42 the
738 1155 110 42 idea
874 1155 57 43 of
958 1154 112 44 Gen.
1107 1155 165 43 Banks
1298 1154 133 44 when
1465 1151 285 57 organizing
1784 1152 83 56 the

327 1220 149 56 Corps
504 1221 46 55 d'
579 1221 194 55 Afrique
798 1224 57 52 to
885 1224 206 54 appoint
1117 1235 115 43 even
1266 1221 83 57 the
1383 1218 484 60 non-commissioned

329 1288 182 43 officers
537 1288 126 43 from
689 1288 84 43 the
799 1288 150 43 ranks
977 1289 55 42 of
1050 1288 143 43 white
1218 1287 270 55 regiments,
1510 1285 96 57 and
1633 1285 58 57 he
1710 1284 80 58 did
1809 1297 56 45 so

328 1354 49 43 in
404 1354 183 43 several
614 1354 256 43 instances.
927 1354 90 43 His
1044 1353 223 55 hostility
1292 1356 56 52 to
1382 1365 149 43 negro
1560 1351 180 57 officers
1766 1363 100 45 was

328 1422 84 42 the
430 1434 141 30 cause
590 1420 55 44 of
664 1421 75 43 his
758 1422 251 55 removing
1033 1422 133 55 them
1184 1421 121 56 from
1325 1419 83 58 the
1425 1418 271 59 regiments,
1718 1416 149 61 which

329 1488 158 57 Major
514 1487 200 58 General
740 1487 168 58 Butler
936 1488 255 57 organized
1219 1489 56 56 at
1300 1485 107 60 New
1426 1484 198 61 Orleans
1649 1485 51 60 in
1719 1483 145 62 1862.

331 1557 57 42 In
424 1557 283 56 organizing
740 1557 85 56 the
859 1557 148 56 Corps
1043 1555 46 58 d'
1117 1554 204 59 Afrique,
1357 1552 84 61 the
1476 1551 154 62 Order,
1658 1548 88 65 No.
1784 1549 81 64 40,

332 1613 163 43 reads:

413 1680 110 35 "The
543 1679 282 43 Commanding
846 1678 158 44 General
1026 1677 139 45 desires
1185 1677 45 45 to
1253 1674 119 48 detail
1393 1674 60 48 for
1473 1675 227 47 temporary
1722 1682 46 40 or
1787 1682 82 40 per¬

332 1739 159 32 manent
505 1737 109 42 duty,
630 1737 68 42 the
711 1737 87 42 best
813 1735 145 44 officers
974 1733 43 46 of
1032 1733 67 46 the
1114 1742 122 37 army,
1253 1731 60 48 for
1326 1731 67 48 the
1409 1728 282 51 organization,
1707 1728 163 51 instruc¬

332 1792 97 45 tion,
445 1792 79 45 and
544 1792 196 45 discipline
759 1790 46 47 of
819 1789 79 48 this
920 1789 130 48 Corps.
1093 1787 105 50 With
1219 1787 107 50 them
1346 1786 49 51 he
1414 1786 32 51 is
1467 1784 195 53 confident
1681 1783 95 54 that
1801 1783 70 54 the

333 1847 117 45 Corps
465 1846 73 46 will
551 1848 133 44 render
698 1848 220 44 important
933 1846 138 46 service
1085 1846 45 46 to
1145 1843 66 49 the
1227 1842 269 50 Government.
1539 1839 40 53 It
1599 1839 33 53 is
1652 1841 74 51 not
1740 1838 129 54 estab¬

331 1904 120 35 lished
471 1914 107 33 upon
599 1914 78 33 any
700 1904 146 43 dogma
868 1902 43 45 of
926 1900 173 47 equality
1121 1909 45 38 or
1188 1898 112 49 other
1321 1897 151 50 theory,
1488 1896 73 51 but
1583 1905 44 42 as
1643 1905 25 42 a
1682 1894 188 53 practical

334 1960 78 34 and
426 1959 160 35 sensible
599 1961 147 33 matter
768 1958 45 36 of
827 1957 184 37 business.
1053 1954 81 40 The
1155 1953 260 41 Government
1434 1951 134 43 makes
1589 1961 66 33 use
1676 1950 45 44 of
1735 1950 131 44 mules,

333 2015 143 43 horses,
506 2014 241 44 uneducated
776 2013 113 45 white
915 2022 86 36 men
1026 2011 41 47 in
1093 2010 67 48 the
1182 2009 145 49 defence
1349 2008 43 50 of
1407 2007 53 51 its
1487 2005 265 53 institutions;
1782 2005 87 53 why

333 2071 140 35 should
486 2074 74 37 npt
573 2071 67 40 the
659 2079 120 33 negro
801 2067 220 45 contribute
1041 2065 193 47 whatever
1254 2064 33 48 is
1308 2063 40 49 in
1368 2063 60 49 his
1448 2072 138 40 power,
1602 2061 60 51 for
1676 2061 67 51 the
1756 2070 114 42 cause

332 2127 43 34 in
401 2127 119 34 which
547 2126 47 35 he
613 2126 34 35 is
669 2135 45 26 as
735 2124 133 43 deeply
888 2121 207 46 interested
1117 2130 45 37 as
1190 2119 113 48 other
1329 2118 113 49 men?
1483 2117 67 50 We
1576 2126 93 41 may
1689 2115 181 52 properly

335 2182 166 35 demand
515 2182 99 35 from
627 2181 80 36 him
722 2180 194 37 whatever
930 2177 138 40 service
1082 2176 47 41 he
1143 2185 74 32 can
1229 2172 178 45 render."

434 2250 69 42 At
526 2249 110 43 first
659 2247 44 45 it
727 2259 101 33 was
853 2242 240 57 proposed
1118 2243 58 56 to
1203 2253 100 46 pay
1328 2239 83 60 the
1438 2238 181 61 officers
1647 2237 53 62 of
1720 2249 149 50 negro

334 2319 175 51 troops
527 2315 91 55 less
635 2314 126 56 than
778 2324 99 46 was
896 2309 114 61 paid
1028 2308 83 62 the
1131 2306 179 64 officers
1330 2304 53 66 of
1394 2304 143 66 white
1555 2303 211 67 soldiers,
1780 2303 91 67 but

335 2383 101 43 this
462 2383 116 55 plan
603 2393 100 45 was
731 2374 302 64 abandoned.
1088 2371 207 67 Toward
1319 2370 84 68 the
1429 2369 125 69 close
1582 2368 53 70 of
1662 2369 84 69 the
1770 2381 102 57 war

337 2449 166 56 nearly
540 2448 65 57 all
637 2447 85 58 the
757 2441 248 64 chaplains
1041 2436 265 69 appointed
1339 2437 57 68 to
1432 2447 147 58 negro
1614 2434 258 71 regiments

336 2530 118 30 were
471 2527 214 44 negroes;
705 2503 483 68 non-commissioned
1207 2501 181 70 officers
1405 2513 117 58 were
1532 2500 197 71 selected
1747 2499 126 72 from

337 2583 85 43 the
438 2582 164 52 ranks,
622 2579 152 55 where
790 2576 118 58 they
924 2585 118 49 were
1058 2568 148 66 found
1227 2579 55 55 as
1298 2565 100 69 well
1417 2565 220 69 qualified
1658 2578 56 56 as
1730 2565 144 69 those

337 2650 152 43 taken
506 2648 125 45 from
648 2645 85 48 the
750 2641 150 52 ranks
919 2637 54 56 of
985 2635 140 58 white
1142 2632 271 61 regiments.
1458 2630 57 63 In
1532 2631 83 62 the
1634 2630 122 63 10th
1775 2630 97 63 and

341 2716 125 43 18th
500 2714 150 54 Corps
683 2710 43 58 it
759 2720 101 48 was
887 2718 32 50 a
945 2712 223 56 common
1192 2698 143 70 thing
1359 2696 75 72 for
1458 2696 83 72 the
1568 2696 189 72 orderly
1783 2709 92 59 ser¬

340 2783 176 55 geants
533 2782 57 56 to
610 2776 92 62 call
718 2773 126 65 their
862 2765 281 73 company's
1160 2764 91 74 roll
1267 2763 124 75 from
1409 2774 228 64 memory,
1668 2762 97 76 and
1790 2763 85 75 the

341 2847 193 44 records
562 2844 54 47 of
636 2852 150 42 many
804 2833 272 61 companies
1096 2830 96 64 and
1210 2829 255 65 regiments
1485 2840 81 54 are
1583 2827 115 67 kept
1718 2831 55 63 at
1790 2828 85 66 the

343 2914 117 42 War
486 2905 318 58 Department
829 2902 50 61 in
905 2896 336 67 Washington,
1279 2907 57 56 as
1361 2895 289 68 mementoes
1677 2894 56 69 of
1750 2894 127 69 their

343 2967 249 51 efficiency.
