2200 3300
731 300 347 44 Department
1104 309 65 35 of
1195 307 96 37 the
1319 294 152 50 Gulf.

1758 290 97 42 213

328 429 49 44 If
397 431 142 43 valor
574 432 140 43 could
748 433 124 42 have
905 429 272 57 triumphed
1213 440 114 46 over
1361 425 114 61 such
1510 424 135 62 odds,
1674 423 83 63 the
1784 435 71 51 as¬

329 497 221 55 saulting
573 499 150 53 forces
749 495 156 57 would
930 499 125 53 have
1087 495 180 57 carried
1301 493 85 59 the
1418 491 170 61 works,
1618 490 91 62 but
1742 488 113 64 only

331 563 158 53 a.bject
524 565 258 51 cowardice
817 577 56 39 or
906 563 198 56 pitiable
1138 559 256 60 imbecility
1428 557 137 62 could
1600 556 124 63 have
1758 554 99 65 lost

331 629 116 43 such
466 642 33 30 a
515 630 217 54 position
757 630 149 54 under
931 629 207 55 existing
1163 627 375 57 circumstances.
1592 621 99 63 The
1709 632 147 52 negro

330 695 259 56 regiments
617 708 65 43 on
706 695 85 56 the
816 696 149 55 north
990 695 99 56 side
1114 693 56 58 of
1186 693 85 58 the
1293 690 158 61 works
1484 688 107 63 vied
1625 687 116 64 with
1775 686 83 65 the

331 762 214 51 bravest,
566 761 201 55 making
789 761 135 55 three
950 761 246 55 desperate
1222 758 196 58 charges
1446 768 63 48 on
1525 755 84 61 the
1627 752 233 64 confeder¬

334 830 81 41 ate
441 827 246 52 batteries,
707 827 160 55 losing
891 827 204 55 heavily,
1124 825 90 57 but
1239 821 322 61 maintaining
1584 818 126 64 their
1735 817 126 65 posi¬

333 894 108 43 tion
457 894 50 43 in
523 893 85 45 the
627 893 214 45 advance
861 893 64 45 all
940 893 84 45 the
1041 891 144 47 while.

433 960 100 42 The
550 959 190 43 column
758 958 49 44 in
826 959 199 54 moving
1040 960 57 53 to
1114 957 84 56 the
1216 954 170 59 attack
1403 954 125 59 wrent
1544 950 216 63 through
1776 949 86 64 the

335 1027 164 43 woods
517 1026 49 44 in
583 1025 125 45 their
726 1025 273 45 immediate
1016 1024 144 51 front,
1175 1022 95 53 and
1288 1021 115 54 then
1421 1031 131 44 upon
1572 1030 31 45 a
1620 1017 153 58 plane,
1795 1028 65 47 on

336 1094 83 43 the
451 1092 182 45 farther
668 1091 98 46 side
785 1090 54 47 of
858 1090 162 51 which,
1057 1088 106 53 half
1183 1101 32 40 a
1248 1087 107 54 mile
1390 1086 201 55 distant,
1627 1095 117 46 were
1776 1082 85 59 the

336 1159 207 55 enemy's
568 1157 245 57 batteries.
867 1156 101 58 The
1000 1155 106 59 field
1140 1166 99 48 was
1273 1151 197 63 covered
1503 1150 117 64 with
1653 1148 209 66 recently

338 1226 131 44 felled
493 1227 138 49 trees,
658 1222 216 55 through
899 1222 84 55 the
1007 1219 256 58 interlaced
1288 1217 231 60 branches
1539 1216 53 61 of
1611 1215 149 62 which
1777 1214 84 63 the

339 1293 188 43 column
561 1290 186 52 moved,
786 1288 96 54 and
916 1288 75 54 for
1032 1289 98 53 two
1176 1299 55 43 or
1265 1298 131 44 more
1429 1284 149 58 hours
1613 1280 248 62 struggled

340 1358 213 55 through
569 1357 84 56 the
670 1355 252 58 obstacles,
942 1353 224 60 stepping
1191 1364 114 49 over
1330 1350 125 63 their
1480 1348 248 65 comrades
1753 1346 107 67 who

343 1425 75 43 fell
435 1436 180 42 among
629 1423 84 55 the
730 1420 254 58 entangled
1010 1417 289 61 brushwood
1324 1416 178 62 pierced
1523 1415 66 63 by
1605 1414 173 64 bullets
1806 1425 57 53 or

344 1495 115 39 torn
476 1491 65 53 by
565 1489 148 55 flying
737 1487 210 57 missiles,
970 1485 96 59 and
1093 1484 180 60 braved
1298 1483 84 61 the
1406 1481 249 63 hurricane
1674 1479 53 65 of
1747 1478 116 66 shot

348 1557 96 43 and
463 1556 125 44 shell.

446 1621 149 43 What
628 1620 80 44 did
741 1620 42 44 it
816 1618 130 46 avail
978 1620 57 44 to
1069 1617 108 47 hurl
1211 1628 33 36 a
1276 1616 83 48 few
1399 1612 249 52 thousand
1689 1614 176 51 troops

352 1688 195 58 against
579 1687 139 59 those
750 1684 318 62 impregnable
1101 1682 188 64 works?
1351 1681 99 65 The
1483 1692 107 54 men
1623 1690 117 56 were
1774 1679 91 67 not

353 1755 120 52 iron,
502 1753 95 54 and
623 1765 113 42 were
760 1751 128 56 they,
916 1751 40 56 it
988 1749 155 58 would
1177 1749 124 58 have
1335 1748 115 59 been
1483 1744 274 63 impossible
1790 1743 75 64 for

354 1821 131 42 them
501 1821 56 42 to
575 1819 122 44 have
721 1817 113 55 kept
851 1819 135 53 erect,
1005 1816 148 56 where
1170 1817 123 55 trees
1311 1814 132 58 three
1459 1812 91 60 feet
1566 1813 50 59 in
1633 1811 235 61 diameter

356 1899 114 30 were
487 1884 193 45 crashed
698 1884 137 45 down
860 1895 129 41 upon
1014 1882 131 54 them
1171 1881 67 55 by
1261 1880 83 56 the
1370 1878 205 58 enemy's
1594 1877 137 59 shot;
1749 1876 119 60 they

356 1953 152 44 would
534 1952 122 45 have
680 1951 114 46 been
819 1950 88 47 but
935 1961 52 36 as
1014 1961 54 36 so
1095 1960 148 41 many
1276 1946 207 55 ten-pins
1518 1947 74 54 set
1617 1956 65 45 up
1708 1942 159 59 before

356 2019 170 45 skillful
543 2019 185 55 players
744 2019 58 55 to
820 2016 56 58 be
892 2015 211 59 knocked
1121 2014 152 60 down.

455 2087 97 42 The
575 2086 171 53 troops
772 2082 188 57 entered
986 2094 64 45 an
1075 2080 257 59 enfilading
1355 2078 83 61 fire
1463 2077 122 62 from
1613 2088 32 51 a
1670 2074 198 65 masked

358 2156 193 52 battery
575 2152 146 56 which
749 2149 177 59 opened
952 2160 130 48 upon
1099 2147 132 61 them
1259 2158 55 50 as
1331 2144 116 64 they
1464 2142 171 66 neared
1653 2141 83 67 the
1753 2141 112 67 fort,

356 2223 195 54 causing
573 2221 82 56 the
681 2218 187 59 column
893 2215 106 62 first
1024 2216 56 61 to
1098 2213 121 64 halt,
1239 2211 116 66 then
1371 2213 57 64 to
1446 2221 158 56 waver
1623 2207 96 70 and
1738 2210 132 67 stag¬

354 2307 104 43 ger;
478 2291 88 59 but
590 2288 41 62 it
656 2283 243 67 recovered
928 2282 96 68 and
1051 2279 149 71 again
1225 2277 186 73 pressed
1439 2274 219 76 forward,
1689 2272 183 78 closing

352 2373 67 42 up
435 2359 81 56 the
533 2357 145 58 ranks
707 2367 54 48 as
786 2352 97 63 fast
913 2362 54 53 as
991 2348 84 67 the
1100 2344 205 71 enemy's
1333 2341 138 74 shells
1496 2339 199 76 thinned
1720 2338 147 77 them.

354 2425 71 44 On
442 2426 82 43 the
540 2424 82 45 left;
638 2423 82 46 the
739 2419 320 50 confederates
1076 2412 98 57 had
1201 2408 197 61 planted
1418 2419 32 50 a
1467 2406 188 63 six-gun
1672 2405 200 64 battery

351 2506 131 42 upon
510 2505 63 43 an
598 2490 244 58 eminence,
863 2483 147 65 wThich
1027 2476 198 72 enabled
1251 2475 133 73 them
1409 2475 55 73 to
1492 2483 147 65 sweep
1656 2470 84 78 the
1763 2469 108 79 field

353 2572 114 30 over
490 2557 147 45 which
662 2557 85 45 the
774 2552 273 52 advancing
1072 2546 189 58 column
1285 2538 186 66 moved.
1525 2536 57 68 In
1606 2536 132 68 front
1772 2546 99 58 was

351 2627 82 42 the
448 2627 131 55 large
596 2625 114 57 fort,
721 2622 134 60 while
871 2620 83 62 the
972 2616 132 66 right
1123 2611 53 71 of
1186 2609 84 73 the
1285 2606 91 76 line
1392 2616 98 66 was
1509 2601 146 81 raked
1674 2601 64 81 by
1758 2613 32 69 a
1804 2612 69 70 re¬

352 2693 154 43 doubt
525 2692 54 44 of
599 2691 74 45 six
690 2689 148 56 pieces
858 2686 54 59 of
949 2680 227 65 artillery.
1229 2672 99 73 One
1345 2672 123 73 after
1486 2668 205 77 another
1716 2665 54 80 of
1789 2665 84 80 the

352 2760 154 43 works
523 2758 99 45 had
641 2757 115 46 been
773 2750 221 54 charged,
1013 2748 92 56 but
1121 2744 50 60 in
1186 2740 131 64 vain.
1370 2736 98 68 The
1492 2733 253 71 Michigan,
1766 2729 106 75 New

351 2827 131 42 York
502 2824 96 45 and
615 2817 382 52 Massachusetts
1013 2807 398 62 troops—braver
1434 2802 124 67 than
1576 2799 156 70 whom
1749 2807 125 62 none

351 2906 109 31 ever
492 2889 175 55 fought
703 2899 31 45 a
767 2877 303 67 battle—had
1106 2876 116 68 been
1255 2870 164 74 hurled
1460 2866 125 78 back
1624 2864 125 80 from
1789 2861 84 83 the

350 2959 148 55 place,
517 2954 195 60 leaving
734 2950 84 64 the
843 2944 106 70 field
976 2946 173 68 strewn
1174 2938 115 76 with
1313 2936 125 78 their
1463 2932 121 82 dead
1603 2931 97 83 and
1717 2939 159 75 woun-
