2200 3300
708 302 105 42 The
839 303 150 42 Army
1015 315 64 30 of
1107 315 96 30 the
1230 303 267 42 Frontier.

1764 303 94 41 235

336 430 150 44 tiously
497 435 47 39 to
559 444 27 30 a
598 435 114 43 point
726 436 126 42 about
873 446 72 32 one
965 436 79 42 and
1065 447 27 31 a
1110 436 88 42 half
1210 436 105 42 miles
1337 436 161 42 distant,
1516 434 216 44 sometimes
1745 434 120 44 called

337 485 113 36 Cross
471 486 144 45 Roads,
639 487 73 44 but
732 500 106 31 more
858 491 192 41 generally
1070 491 139 41 known
1231 500 44 32 as
1303 489 144 43 Poison
1475 488 168 44 Springs,
1672 489 120 43 where
1818 489 48 43 he

336 551 108 24 came
458 552 106 32 upon
579 554 26 30 a
619 544 178 40 skirmish
811 545 73 39 line
899 545 44 39 of
958 545 65 39 the
1038 555 142 32 enemy,
1197 544 117 43 which
1329 544 139 43 tended
1481 546 45 41 to
1541 544 158 43 confirm
1713 544 59 43 his
1786 554 82 33 pre¬

337 596 113 35 vious
471 598 193 43 suspicion
686 599 43 42 of
745 599 66 42 the
831 600 199 41 character
1051 599 79 42 and
1150 609 166 33 purpose
1337 599 43 43 of
1395 599 66 43 the
1481 609 143 33 enemy.
1668 598 59 44 He
1747 599 121 43 there¬

337 652 80 34 fore
430 652 126 34 closed
571 664 51 32 up
637 654 67 42 the
717 654 107 42 train
838 664 45 32 as
892 654 79 42 well
985 664 44 32 as
1044 654 166 43 possible
1223 654 40 43 in
1276 654 79 43 this
1369 653 143 44 thickly
1521 654 185 43 timbered
1721 653 143 44 region,

339 707 78 35 and
431 707 112 35 made
557 708 66 34 the
637 718 200 32 necessary
857 709 272 42 preparations
1150 709 60 42 for
1229 709 176 42 fighting.
1449 708 58 43 He
1522 708 164 43 directed
1700 708 66 43 the
1780 718 88 33 cav¬

340 763 94 43 alry,
451 763 120 43 under
590 763 235 43 Lieutenant
846 763 236 43 Henderson,
1098 764 45 42 of
1157 764 67 42 the
1246 764 80 42 6th,
1345 763 77 43 and
1443 763 175 43 Mitchell,
1635 763 44 43 of
1693 763 67 43 the
1774 762 90 44 2nd,

340 820 44 33 to
405 818 138 43 charge
565 818 78 43 and
664 820 200 41 penetrate
884 819 67 42 the
970 818 68 43 the
1056 819 102 42 rebel
1176 819 74 42 line
1272 818 43 43 of
1338 818 247 43 skirmishers,
1614 817 39 44 in
1681 818 112 43 order
1819 820 46 41 to

342 874 154 47 develop
516 873 101 48 their
638 874 179 47 strength
840 873 78 48 and
939 873 224 48 intentions.
1208 873 78 48 The
1307 875 218 46 movement
1545 872 199 49 succeeded
1759 874 108 47 most

343 929 213 41 admirably
577 928 39 42 in
636 928 53 42 its
710 938 196 33 purposes,
931 929 77 42 and
1028 929 67 42 the
1117 928 264 43 development
1401 938 78 33 was
1501 928 91 43 such
1612 928 94 43 that
1726 927 34 44 it
1779 938 89 33 con¬

343 984 130 35 vinced
481 983 149 36 Colonel
638 983 185 36 Williams
837 984 93 35 that
944 984 46 35 he
1004 984 79 35 had
1097 983 126 36 before
1236 983 79 36 him
1330 993 25 26 a
1370 983 171 42 struggle
1556 983 43 42 of
1614 993 51 32 no
1682 983 184 42 ordinary

345 1039 230 44 magnitude.

425 1095 107 34 "The
558 1095 169 42 cavalry,
759 1094 99 43 after
884 1095 247 42 penetrating
1156 1094 67 43 the
1251 1093 177 44 skirmish
1455 1094 83 43 line,
1565 1104 109 33 came
1701 1103 104 34 upon
1840 1103 26 34 a

345 1153 135 40 strong
499 1150 98 43 force
618 1150 44 43 of
676 1150 67 43 the
763 1160 143 33 enemy,
930 1150 84 43 who
1036 1149 173 44 repulsed
1231 1149 77 44 and
1329 1148 125 45 forced
1474 1149 105 44 them
1593 1148 99 45 back
1706 1150 45 43 to
1766 1148 101 45 their

345 1206 160 43 original
518 1205 82 44 line,
617 1207 83 42 not,
717 1205 183 44 however,
917 1205 166 44 Without
1096 1204 100 45 hard
1216 1204 166 45 fighting
1403 1203 78 46 and
1495 1213 125 36 severe
1634 1204 77 45 loss
1727 1213 51 36 on
1794 1213 72 36 our

343 1264 90 41 part
447 1261 38 44 in
498 1261 111 44 killed
624 1261 78 44 and
723 1261 196 44 wounded,
935 1260 194 45 including
1149 1260 39 45 in
1208 1259 67 46 the
1294 1259 120 46 latter
1433 1259 67 46 the
1520 1259 152 46 gallant
1692 1257 174 48 Lieuten¬

344 1319 71 32 ant
427 1315 234 43 Henderson,
677 1316 84 42 who
778 1315 223 43 afterwards
1016 1315 60 43 fell
1089 1315 84 43 into
1188 1314 67 44 the
1268 1314 128 44 hands
1408 1314 44 44 of
1466 1314 67 44 the
1547 1324 143 34 enemy.

423 1371 20 17 "
454 1371 77 34 The
545 1382 131 31 enemy
690 1381 85 32 now
791 1371 144 46 opened
951 1381 51 36 on
1017 1381 72 36 our
1102 1370 92 47 lines
1209 1370 90 47 with
1314 1371 66 46 ten
1394 1369 118 48 pieces
1534 1368 43 49 of
1594 1367 270 50 artillery—six

341 1427 40 34 in
394 1427 105 34 front
513 1426 78 35 and
605 1427 85 34 four
705 1437 51 24 on
776 1427 67 34 the
863 1426 106 42 right
990 1426 116 42 flank.
1149 1425 118 43 From
1289 1434 25 34 a
1327 1425 173 43 prisoner
1514 1423 152 45 Colonel
1680 1423 185 45 Williams

341 1482 151 34 learned
506 1482 91 34 that
611 1482 66 34 the
690 1482 99 34 force
805 1481 43 35 of
863 1481 65 35 the
942 1491 132 31 enemy
1082 1491 78 31 was
1174 1480 99 42 from
1288 1479 106 43 eight
1407 1481 45 41 to
1467 1481 65 41 ten
1546 1478 209 44 thousand,
1765 1488 100 34 com¬

342 1537 164 34 manded
520 1537 51 42 by
587 1535 176 44 Generals
778 1537 105 42 Price
898 1536 78 43 and
990 1535 148 44 Maxey.
1183 1535 118 44 These
1323 1534 282 45 developments
1627 1534 77 45 and
1718 1533 78 46 this
1811 1533 55 46 in¬

341 1592 211 35 formation
572 1592 205 35 convinced
797 1592 78 35 him
896 1592 94 35 that
1010 1591 46 36 he
1076 1590 112 37 could
1208 1591 73 36 not
1301 1590 99 42 hope
1419 1591 45 41 to
1488 1589 124 43 defeat
1632 1589 66 43 the
1712 1598 150 34 enemy;

340 1648 74 34 but
436 1657 43 25 as
499 1647 107 35 there
625 1657 79 25 was
725 1656 51 26 no
798 1657 86 31 way
904 1646 45 42 to
971 1656 132 32 escape
1123 1646 91 42 with
1235 1645 66 43 the
1314 1645 106 43 train
1434 1646 132 42 except
1578 1644 173 44 through
1764 1643 102 45 their

341 1703 102 43 lines,
468 1702 77 44 and
567 1713 44 33 as
631 1703 67 43 the
718 1702 106 44 train
846 1702 78 44 and
944 1702 52 44 its
1017 1703 177 43 contents
1215 1710 94 36 were
1328 1699 278 47 indispensable
1626 1701 45 45 to
1692 1699 66 47 the
1773 1708 91 38 very

341 1758 185 34 existence
547 1758 43 34 of
607 1768 71 24 our
698 1758 118 34 forces
838 1759 45 33 at
904 1756 175 42 Camden,
1097 1756 82 42 who
1201 1766 93 32 were
1314 1755 92 43 then
1428 1757 71 41 out
1514 1754 43 44 of
1572 1750 229 48 provisions,
1818 1753 47 45 he

341 1813 149 35 deemed
505 1813 34 35 it
551 1814 45 34 to
612 1813 46 35 be
672 1813 58 35 his
746 1813 97 41 duty
856 1814 46 40 to
918 1811 131 43 defend
1063 1811 65 43 the
1141 1811 106 43 train
1261 1813 44 41 to
1320 1810 67 44 the
1400 1811 79 43 last
1492 1808 215 46 extremity,
1718 1808 147 46 hoping

340 1869 93 34 that
448 1879 71 24 our
532 1868 118 35 forces
666 1870 45 33 at
725 1867 175 42 Camden,
925 1877 50 32 on
990 1867 172 42 learning
1177 1865 43 44 of
1228 1866 66 43 the
1308 1867 261 42 engagement,
1585 1864 125 45 would
1726 1863 138 46 attack

340 1925 68 34 the
420 1934 132 32 enemy
564 1923 40 43 in
618 1923 59 43 his
690 1934 96 32 rear,
803 1923 94 43 thus
909 1922 180 44 relieving
1101 1921 60 45 his
1174 1921 205 45 command
1394 1920 78 46 and
1486 1919 140 47 saving
1638 1919 67 47 the
1717 1918 118 48 train.

420 1979 104 35 With
544 1979 79 35 this
646 1978 307 41 determination,
970 1977 45 42 he
1036 1977 139 42 fought
1195 1976 65 43 the
1274 1974 164 45 enemy's
1453 1975 119 44 entire
1586 1974 99 45 force
1698 1974 98 45 from
1812 1972 51 47 10

340 2043 37 26 A.
394 2044 42 26 m.
453 2034 98 36 until
565 2034 23 36 2
605 2044 36 26 p.
658 2043 56 33 m.,
730 2033 194 43 repulsing
937 2032 105 44 three
1056 2031 205 45 successive
1276 2030 170 46 assaults
1462 2028 78 48 and
1553 2028 185 48 inflicting
1758 2037 107 39 upon

340 2091 66 34 the
420 2101 130 31 enemy
566 2100 125 32 severe
704 2089 90 43 loss.

422 2145 21 17 "
453 2145 45 34 In
512 2145 59 34 his
585 2147 132 40 report
732 2143 153 44 Colonel
898 2142 184 45 Williams
1098 2151 108 36 says:

408 2202 8 12 '
424 2200 64 26 The
500 2199 126 27 conflict
638 2199 115 30 during
764 2199 89 30 these
865 2198 72 31 four
948 2197 98 32 hours
1058 2202 65 27 wa,a
1136 2196 54 33 the
1203 2195 87 34 most
1308 2194 114 35 terrific
1435 2193 64 36 and
1511 2193 113 36 deadly
1636 2193 33 36 in
1680 2193 44 36 its
1737 2192 127 37 charac¬

340 2234 51 26 ter
402 2234 37 26 of
451 2240 65 25 any
528 2234 80 31 that
617 2233 61 32 haa
689 2239 72 26 ever
772 2232 94 33 fallen
879 2231 99 34 under
990 2236 52 29 my
1055 2228 228 37 observation.'

423 2277 83 35 "At
526 2278 24 34 2
573 2287 36 25 p.
632 2286 43 26 m.
698 2277 132 40 nearly
853 2274 169 43 one-half
1038 2274 43 43 of
1098 2283 71 34 our
1188 2272 100 45 force
1315 2270 171 47 engaged
1513 2270 79 47 had
1619 2269 93 48 been
1732 2269 133 48 placed

340 2334 95 34 hors
455 2333 45 35 de
521 2332 167 42 combat,
713 2331 78 43 and
812 2331 66 43 the
898 2328 212 46 remainder
1130 2336 92 38 were
1244 2327 71 47 out
1336 2324 42 50 of
1396 2325 267 49 ammunition.
1706 2324 57 50 No
1779 2335 87 39 sup¬

340 2389 92 44 plies
455 2389 181 44 arriving,
659 2387 67 46 the
747 2385 152 48 Colonel
919 2394 77 39 was
1024 2381 231 52 reluctantly
1282 2379 206 54 compelled
1515 2381 44 52 to
1589 2379 183 54 abandon
1798 2379 68 54 the

339 2444 106 34 train
466 2446 44 32 to
532 2443 67 35 the
620 2452 132 31 enemy
774 2440 77 43 and
873 2449 92 34 save
987 2448 43 35 as
1051 2436 111 47 much
1185 2434 43 49 of
1242 2434 66 49 the
1330 2433 203 50 command
1556 2444 43 39 as
1627 2433 164 50 possible
1812 2433 53 50 by

341 2500 139 42 taking
500 2502 45 40 to
566 2498 67 44 the
661 2506 164 36 swamps
855 2494 77 48 and
959 2490 230 52 canebrakes
1218 2488 77 54 and
1322 2488 159 54 making
1501 2488 59 54 for
1581 2487 164 55 Camden
1764 2488 53 54 by
1839 2498 26 44 a

339 2555 206 33 circuitous
560 2554 122 39 route,
699 2550 159 43 thereby
872 2546 226 47 preventing
1112 2543 151 50 pursuit
1275 2542 54 51 by
1343 2542 168 51 cavalry.
1553 2541 47 52 In
1612 2543 80 50 this
1706 2552 160 41 manner

340 2612 107 32 most
462 2609 43 35 of
513 2609 67 35 the
594 2604 205 40 command
813 2604 93 40 that
920 2611 78 33 was
1013 2602 72 42 not
1101 2597 169 47 disabled
1285 2597 39 47 in
1337 2597 66 47 the
1417 2597 85 47 field
1521 2597 158 47 reached
1700 2596 165 48 Camden

340 2665 141 42 during
494 2664 67 43 the
574 2662 113 45 night
703 2660 43 47 of
761 2659 66 48 the
841 2656 110 51 18th.
994 2654 79 53 For
1094 2664 26 43 a
1140 2662 104 45 more
1259 2651 143 56 specific
1418 2651 76 56 and
1510 2651 210 56 statistical
1734 2652 131 55 report

340 2720 46 35 of
400 2720 79 35 this
495 2718 142 41 action,
654 2716 39 43 in
708 2714 118 45 which
847 2712 67 47 the
932 2711 80 48 loss
1033 2710 44 49 to
1099 2707 66 52 the
1187 2706 65 53 1st
1272 2705 157 54 Colored
1451 2705 110 54 alone
1581 2716 79 43 was
1682 2705 76 54 187
1779 2715 87 44 men

340 2776 81 35 and
449 2775 157 40 officers,
634 2770 68 45 the
730 2766 139 49 official
895 2765 132 50 report
1056 2761 43 54 of
1121 2759 151 56 Colonel
1299 2759 36 56 J.
1358 2759 49 56 M.
1431 2760 183 55 Williams
1633 2760 34 55 is
1687 2758 179 57 herewith

338 2828 235 39 submitted:

1203 2858 159 28 'Camden,
1378 2858 177 29 Arkansas,
1570 2858 86 31 April
1669 2858 128 31 24,1807.

409 2902 227 31 •Captain:—I
653 2901 84 32 have
755 2899 55 34 the
827 2898 105 35 honor
948 2895 38 38 to
1004 2892 121 41 submit
1141 2891 55 42 the
1212 2890 160 43 following
1383 2893 109 40 report
1505 2891 34 42 of
1554 2897 20 36 a
1585 2890 149 43 foraging
1745 2889 122 44 expedi¬

339 2942 75 26 tion
427 2940 100 28 under
541 2943 52 25 my
607 2932 186 36 command:
1015 2957 100 11 ...
1201 2956 21 12 _
1246 2957 6 11 .
1782 2954 17 14 _

409 2976 7 11 '
424 2974 38 25 In
476 2970 165 29 obedience
653 2968 37 31 to
703 2963 111 36 verbal
826 2961 108 38 orders
947 2957 137 42 received
1100 2958 83 41 from
1200 2955 308 44 Brigadier-General
1525 2955 136 44 Thayer,
1679 2955 15 44 I
1706 2955 55 44 left
1778 2954 89 45 Cam*
