2214 3309
752 277 106 43 The
886 280 240 45 Phalanx
1151 296 49 30 in
1227 285 236 45 Virginia.

1764 293 97 43 459

345 402 165 57 hopes,
548 405 92 54 but
674 408 150 56 hopes
849 412 118 52 that
993 426 117 38 were
1134 417 56 47 to
1226 417 57 47 be
1319 417 283 56 dissipated;
1633 434 121 39 soon
1779 425 85 48 the

347 466 225 62 bristling
597 473 257 56 bayonets,
876 478 97 51 and
992 479 258 58 glistening
1276 484 188 53 musket
1491 486 180 51 barrels
1708 489 53 48 of
1779 490 83 47 the

346 535 148 58 Army
515 538 53 55 of
587 538 84 55 the
690 539 166 54 James
883 543 214 55 gleamed
1123 546 50 52 in
1189 548 125 50 their
1331 548 154 55 front;
1504 552 117 51 then
1637 553 84 50 the
1738 568 125 41 pres¬

345 616 108 30 sure
480 604 179 54 ceased,
690 607 97 51 and
816 607 272 51 Sheridan's
1115 612 140 55 bugle
1282 616 213 51 sounded
1521 618 84 49 the
1632 619 138 48 order
1803 623 57 44 to

345 673 188 51 mount,
564 672 97 52 and
687 672 75 52 his
787 676 224 54 troopers
1039 677 179 53 dashed
1245 680 282 50 themselves
1555 684 197 54 against
1778 687 83 51 the

345 737 208 56 enemy's
570 738 83 55 left
670 740 147 53 flank.
865 741 144 54 Then,
1031 755 89 40 one
1138 745 199 56 bearing
1355 759 32 42 a
1404 748 141 53 white
1562 749 183 56 flag—a
1761 752 100 56 flag

346 802 54 45 of
421 806 145 52 truce,
595 806 117 52 rode
730 809 55 49 to
805 808 82 50 the
906 808 130 50 front
1056 809 55 49 of
1121 810 83 48 the
1222 812 297 46 confederate
1536 815 129 43 lines.
1721 814 136 58 Capt.

344 868 47 46 J.
413 870 53 44 D.
488 870 132 44 Cook
647 873 54 42 of
731 872 198 45 General
955 874 149 46 Mile's
1131 878 121 42 staff
1270 881 124 39 went
1420 879 206 44 forward
1652 883 56 41 to
1735 886 124 39 meet

345 936 112 44 him.
495 937 49 44 It
562 952 99 31 was
680 939 190 45 Colonel
888 941 181 56 Taylor
1089 943 54 54 of
1155 943 197 54 General
1371 945 129 52 Lee's
1520 947 136 53 staff;
1668 948 58 52 he
1743 948 116 52 bore

347 1017 32 29 a
404 1007 116 40 note
544 1005 125 43 from
696 1006 102 54 Lee,
830 1008 172 56 asking
1029 1023 31 41 a
1087 1011 280 54 suspension
1386 1011 53 54 of
1459 1012 270 54 hostilities,
1760 1016 97 50 and

346 1083 65 30 an
436 1071 240 44 interview
703 1073 116 43 with
848 1072 196 45 General
1063 1074 168 45 Grant.
1285 1076 115 44 Now
1418 1078 66 42 let
1503 1092 55 29 us
1575 1092 65 42 go
1660 1080 122 54 back
1799 1083 57 51 to

345 1137 82 43 the
445 1138 140 56 night
604 1139 54 55 of
677 1140 83 54 the
780 1140 101 54 6th,
904 1141 96 53 and
1030 1144 129 50 trace
1184 1143 83 51 the
1284 1143 149 56 flying
1451 1145 214 54 columns
1682 1147 56 52 to
1757 1146 99 53 this

346 1204 152 54 point.
553 1204 199 54 Badeau
770 1219 137 42 says:

428 1293 138 35 "That
586 1294 113 43 night
720 1305 92 32 once
826 1306 106 31 more
955 1296 63 41 the
1032 1296 118 41 rebels
1164 1298 213 39 evacuated
1397 1298 100 39 their
1510 1299 136 43 works,
1663 1300 79 42 this
1762 1301 95 41 time

347 1347 39 35 in
405 1347 107 35 front
531 1348 46 35 of
593 1348 143 44 Meade,
754 1350 78 42 and
846 1350 105 42 when
965 1351 180 43 morning
1160 1352 156 42 dawned
1331 1362 92 32 were
1443 1353 60 41 far
1517 1364 52 30 on
1583 1355 99 39 their
1696 1366 96 32 way,
1810 1366 45 32 as

347 1403 90 42 they
452 1403 133 43 fondly
599 1404 183 43 thought,
799 1407 45 40 to
859 1404 242 45 Lynchburg,
1119 1407 78 42 and
1212 1407 72 42 Lee
1299 1408 184 42 defiantly
1497 1409 185 41 informed
1696 1411 59 39 his
1768 1422 88 32 pur¬

346 1468 87 24 suer
446 1459 94 34 that
559 1459 67 35 the
639 1470 220 33 emergency
873 1461 59 42 for
946 1461 65 42 the
1026 1462 198 41 surrender
1244 1463 79 40 had
1337 1466 73 37 not
1423 1466 67 39 yet
1504 1465 162 40 arrived.
1710 1466 78 39 But
1808 1467 47 38 he

347 1513 184 34 reckoned
552 1513 165 36 without
738 1515 58 34 his
817 1515 103 35 host.
964 1515 59 35 He
1037 1526 78 25 was
1139 1518 220 44 stretching,
1383 1518 92 44 with
1497 1519 65 43 the
1583 1520 137 42 terrific
1741 1522 113 40 haste

347 1568 91 34 that
465 1569 172 42 precedes
666 1569 161 43 despair,
850 1573 45 39 to
917 1570 271 44 Appomattox
1216 1572 60 42 for
1296 1574 176 42 supplies.
1516 1574 58 42 He
1594 1575 93 41 need
1715 1576 139 43 haruly

346 1622 99 36 have
465 1623 185 35 hastened
671 1626 45 33 to
731 1625 93 34 that
839 1628 101 41 spot,
959 1626 170 43 destined
1150 1629 44 40 to
1216 1627 47 42 be
1277 1638 43 31 so
1345 1628 96 41 fatal
1461 1631 45 38 to
1528 1629 151 40 himself
1694 1632 78 37 and
1793 1632 59 37 his

344 1688 123 25 cause.
512 1678 156 35 Grant's
690 1680 146 42 legions
851 1690 91 32 were
957 1681 159 44 making
1130 1692 105 33 more
1255 1682 113 43 haste
1381 1684 98 41 than
1500 1684 56 41 he.
1600 1685 79 40 The
1693 1688 159 37 marvel¬

345 1742 70 26 ous
437 1734 208 44 marching,
670 1737 72 41 not
765 1735 90 43 only
871 1735 43 43 of
931 1735 193 44 Sheridan,
1147 1737 73 42 but
1242 1737 42 42 of
1301 1738 65 41 the
1388 1749 84 30 men
1494 1740 43 39 of
1559 1740 65 39 the
1647 1740 103 39 Fifth
1772 1743 79 36 and

345 1787 323 44 Twenty-Fourth
683 1789 129 44 Corps,
823 1800 78 33 was
917 1791 118 43 doing
1049 1802 45 32 as
1108 1792 111 42 much
1235 1803 45 31 as
1295 1803 25 31 a
1333 1792 126 42 battle
1472 1796 45 38 to
1532 1795 113 43 bring
1658 1796 66 42 the
1738 1797 113 41 rebel¬

345 1842 78 36 lion
437 1846 44 32 to
497 1855 26 23 a
537 1845 111 35 close.
690 1844 289 45 Twenty-eight,
996 1847 229 42 thirty-two,
1242 1848 212 42 thirty-five
1468 1850 104 40 miles
1587 1860 25 30 a
1626 1851 78 41 day
1717 1852 39 40 in
1770 1862 79 30 suc¬

345 1899 144 34 cession
510 1900 105 34 these
637 1900 172 44 infantry
825 1901 157 43 soldiers
1004 1902 188 42 marched,
1217 1903 52 41 all
1297 1903 77 42 day
1396 1905 77 40 and
1495 1905 51 40 all
1566 1905 121 43 night.
1732 1907 117 41 From

347 1954 190 44 day-light
557 1956 98 42 until
678 1956 192 43 day-light
892 1957 126 43 again,
1044 1957 98 43 after
1163 1968 106 32 more
1288 1959 99 41 than
1408 1970 25 30 a
1453 1960 99 40 week
1573 1960 43 40 of
1638 1961 112 39 labor
1770 1963 79 37 and

345 2008 145 44 fatigue
511 2011 146 41 almost
677 2012 263 44 unexampled,
964 2013 92 43 they
1076 2013 146 43 pushed
1244 2024 50 32 on
1314 2016 45 40 to
1380 2014 186 43 intercept
1585 2016 99 41 their
1698 2017 151 40 ancient

344 2064 221 44 adversary,
582 2065 106 43 while
702 2067 66 41 the
782 2066 212 42 remainder
1010 2068 42 40 of
1068 2068 66 40 the
1147 2069 120 41 Army
1282 2069 43 41 of
1340 2069 66 41 the
1426 2069 191 41 Potomac
1632 2081 76 29 was
1723 2074 46 36 at
1788 2072 60 38 his

345 2119 108 35 heels.

424 2175 182 44 "Finally
627 2176 82 44 Lee,
734 2177 78 43 still
834 2178 156 42 defiant,
1009 2178 77 42 and
1107 2178 166 43 refusing
1292 2181 45 40 to
1358 2181 106 40 treat
1484 2180 91 41 with
1598 2190 77 32 any
1695 2181 93 41 view
1808 2182 44 40 of

343 2231 208 43 surrender,
574 2242 105 32 came
699 2243 53 33 up
772 2235 46 41 to
846 2233 59 43 his
928 2234 100 42 goal,
1053 2234 73 42 but
1153 2233 119 43 found
1299 2234 66 42 the
1385 2234 178 42 national
1591 2236 157 41 cavalry
1768 2236 80 41 had

344 2286 157 35 reached
515 2287 66 34 the
594 2287 113 44 point
720 2288 127 43 before
861 2288 89 43 him,
968 2288 77 43 and
1067 2288 93 43 that
1180 2288 66 43 the
1260 2288 163 43 supplies
1438 2299 92 32 were
1543 2298 111 33 gone.
1695 2290 83 41 Still
1802 2291 46 40 he

343 2341 231 36 determined
593 2345 46 32 to
660 2343 99 43 push
780 2343 59 43 his
853 2353 86 33 way
961 2343 181 43 through,
1160 2343 79 43 and
1259 2343 92 43 with
1372 2353 50 33 no
1438 2343 191 43 suspicion
1650 2344 91 42 that
1762 2355 82 31 men

343 2406 52 25 on
408 2397 86 35 foot
514 2398 112 35 could
647 2398 100 35 have
761 2398 177 35 marched
960 2398 97 35 from
1078 2397 119 36 Rice's
1220 2397 158 36 Station
1398 2399 46 34 to
1464 2397 60 36 his
1544 2398 106 35 front
1669 2398 38 35 in
1721 2399 123 42 thirty

342 2451 128 44 hours,
487 2453 45 42 he
542 2452 110 43 made
667 2453 58 42 his
741 2452 79 43 last
835 2452 148 43 charge,
996 2452 77 43 and
1089 2451 216 44 discovered
1320 2462 25 33 a
1360 2451 99 44 force
1467 2452 42 43 of
1518 2452 169 43 infantry
1695 2456 148 39 greater

342 2507 98 35 than
460 2508 58 34 his
534 2518 84 25 own
638 2508 128 35 before
786 2507 91 42 him,
899 2506 144 43 besides
1058 2506 168 43 cavalry,
1243 2505 108 44 while
1371 2508 78 41 two
1464 2516 111 33 corps
1590 2507 43 42 of
1648 2507 66 42 the
1727 2508 118 42 Army

342 2561 44 36 of
400 2563 66 35 the
486 2563 193 35 Potomac
699 2572 94 26 were
813 2562 100 36 close
932 2561 40 37 in
993 2560 59 38 his
1072 2569 97 29 rear.
1211 2559 60 39 He
1290 2560 80 38 had
1391 2571 72 27 run
1484 2561 171 41 straight
1674 2561 86 41 into
1779 2563 67 39 the

341 2618 178 35 national
539 2618 104 35 lines.
687 2617 59 36 He
766 2626 79 27 was
867 2614 182 42 enclosed,
1072 2614 132 42 walled
1225 2614 49 42 in,
1292 2624 51 32 on
1364 2625 112 31 every
1498 2614 87 42 side,
1609 2615 90 41 with
1726 2616 119 40 immi¬

340 2676 93 32 nent
452 2673 154 35 instant
627 2671 239 37 destruction
886 2668 219 43 impending
1120 2678 91 33 over
1231 2668 89 43 him.
1364 2668 58 43 He
1436 2669 190 42 instantly
1642 2670 135 41 offered
1798 2673 45 38 to

341 2728 145 35 submit
506 2731 45 32 to
568 2727 135 42 Grant,
721 2726 78 43 and
820 2725 39 44 in
873 2724 67 45 the
955 2732 130 37 agony
1101 2722 42 47 of
1160 2722 134 47 alarm,
1316 2723 73 46 lest
1410 2723 65 46 the
1495 2723 99 46 blow
1608 2723 136 46 should
1766 2725 72 44 fall,

339 2783 48 36 he
407 2783 152 44 applied
585 2784 46 43 to
661 2780 132 47 Meade
814 2778 78 49 and
914 2777 183 50 Sheridan
1119 2777 84 50 also
1224 2776 59 51 for
1304 2786 25 41 a
1349 2777 190 50 cessation
1561 2777 45 50 of
1627 2778 211 49 hostilities.

340 2838 105 35 Thus
459 2839 39 34 in
512 2838 107 35 three
634 2834 205 39 directions
854 2835 45 38 at
914 2841 92 32 once
1019 2831 46 42 he
1072 2840 77 33 was
1165 2830 203 43 appealing
1381 2833 45 40 to
1441 2831 45 42 be
1501 2832 156 41 allowed
1671 2835 45 38 to
1730 2832 108 41 yield.

339 2892 54 36 At
412 2894 67 34 the
499 2902 107 26 same
627 2890 173 38 moment
820 2888 46 40 he
886 2886 79 42 had
986 2894 230 34 messengers
1237 2887 72 41 out
1328 2887 45 41 to
1388 2885 194 43 Sheridan,
1605 2885 141 43 Meade,
1763 2887 76 41 and

338 2948 138 37 Grant.
520 2947 80 39 The
619 2952 230 35 emergency,
873 2941 125 46 whose
1018 2939 183 48 existence
1229 2939 45 48 he
1293 2938 80 49 had
1401 2939 140 48 denied,
1571 2939 78 48 had
1677 2941 162 46 arrived.
