2200 3299
703 310 347 42 Depaiitment
1077 317 64 35 of
1167 315 98 37 the
1290 302 178 50 South.

1742 293 97 43 273

315 444 125 54 tery,
461 443 189 55 arrived
671 445 56 53 at
744 443 83 55 the
845 441 212 57 Station,
1070 438 92 60 and
1184 433 220 65 reported
1423 431 82 67 the
1523 427 322 71 confederates

317 508 49 42 in
385 509 92 42 hot
495 510 205 54 pursuit.
756 507 245 57 Instantly
1028 505 82 59 the
1136 499 259 65 shattered,
1417 495 237 69 scattered
1672 498 174 66 troops

317 575 92 42 fled
428 578 56 39 to
502 576 84 41 the
605 575 148 42 roads
772 574 190 55 leading
978 575 57 54 to
1054 567 234 62 Barber's,
1308 568 81 61 ten
1408 562 131 67 miles
1559 575 151 54 away,
1732 560 114 69 with

318 654 66 29 no
405 654 91 29 one
520 644 57 39 to
605 640 270 43 command.
930 638 131 45 Each
1087 647 115 36 man
1226 632 124 51 took
1375 630 74 53 his
1476 643 106 40 own
1607 630 141 53 route
1771 626 78 57 for

319 706 240 51 Barber's,
579 706 193 56 leaving
790 705 172 57 behind
980 703 240 59 whatever
1243 697 156 65 would
1418 695 248 67 encumber
1683 694 167 68 him,—

320 786 148 39 arms,
481 772 338 53 ammunition,
833 769 271 56 knapsacks
1123 766 96 59 and
1238 765 241 60 cartridge
1504 763 170 62 boxes;
1700 771 151 54 many

324 840 55 42 of
389 840 85 42 the
490 839 152 43 latter
658 837 284 55 containing
959 836 133 56 forty
1107 834 182 58 rounds
1307 831 54 61 of
1373 829 275 63 cartridges.
1685 825 50 67 It
1751 836 100 56 was

323 907 119 55 long
466 906 117 56 past
608 904 242 58 midnight
876 903 133 59 when
1033 899 223 63 Barber's
1281 910 99 52 was
1405 893 211 69 reached,
1637 891 96 71 and
1767 889 85 73 full

325 973 99 53 day
444 971 155 55 before
615 970 84 56 the
718 968 264 58 frightened
1000 968 114 58 mob
1135 964 187 62 arrived
1342 965 56 61 at
1414 961 83 65 the
1523 958 209 68 Station.
1786 955 66 71 At

324 1038 185 43 sunrise
527 1050 65 31 on
610 1036 83 45 the
711 1035 225 55 morning
955 1034 53 56 of
1027 1033 84 57 the
1129 1033 127 57 21st,
1276 1030 83 60 the
1376 1039 130 51 scene
1531 1022 246 68 presented
1797 1022 56 68 at

327 1103 223 44 Barber's
576 1115 99 32 was
703 1101 240 54 sickening
961 1099 96 56 and
1078 1098 103 57 sad.
1235 1096 98 59 The
1350 1091 230 64 wounded
1597 1090 83 65 lay
1697 1100 160 55 every¬

327 1171 163 52 where,
519 1182 133 41 upon
677 1168 84 55 the
795 1166 204 57 ground,
1029 1162 205 61 huddled
1262 1159 187 64 around
1473 1158 85 65 the
1591 1156 180 67 embers
1807 1153 55 70 of

329 1238 141 55 fagot
495 1238 121 55 tires,
645 1233 242 60 groaning
914 1232 97 61 and
1038 1230 216 63 uttering
1279 1226 114 67 cries
1420 1224 54 69 of
1493 1223 211 70 distress.
1756 1219 101 74 The

330 1315 233 45 surgeons
580 1314 117 46 were
715 1301 123 59 busy
855 1297 238 63 relieving,
1114 1308 56 52 as
1189 1295 106 65 best
1312 1291 116 69 they
1444 1288 153 72 could,
1617 1287 84 73 the
1725 1297 134 63 more

331 1368 324 58 dangerously
672 1365 245 61 wounded.
972 1363 100 63 The
1088 1363 233 63 foot-sore
1338 1357 97 69 and
1452 1356 191 70 hungry
1660 1352 199 74 soldiers

334 1436 182 56 sought
559 1436 90 56 out
690 1432 126 60 their
857 1429 218 63 bleeding
1117 1426 96 66 and
1257 1423 180 69 injured
1480 1419 247 73 comrades
1762 1417 98 75 and

335 1502 165 57 placed
518 1502 131 57 them
666 1512 133 47 upon
807 1496 215 63 railroad
1040 1495 130 64 flats,
1183 1490 232 69 standing
1430 1501 132 58 upon
1579 1486 83 73 the
1678 1484 180 75 tracks,

339 1570 95 42 and
454 1568 131 44 when
602 1567 132 45 these
759 1576 117 36 were
900 1561 188 51 loaded,
1117 1571 139 42 ropes
1284 1556 96 57 and
1408 1556 172 57 strong
1597 1551 131 62 vines
1745 1562 117 51 were

337 1633 230 57 procured
595 1632 95 58 and
717 1629 214 61 fastened
956 1631 57 59 to
1048 1627 83 63 the
1164 1626 129 64 flats.
1350 1621 204 69 Putting
1578 1616 283 74 themselves

339 1702 49 41 in
405 1702 82 41 the
505 1700 131 55 place
655 1697 52 58 of
730 1710 31 45 a
777 1688 540 67 locomotive,—several
1336 1687 53 68 of
1401 1686 146 69 which
1565 1683 147 72 stood
1731 1694 133 61 upon

339 1768 84 42 the
455 1766 141 44 track
631 1766 56 44 at
720 1756 473 55 Jacksonville,•-—the
1226 1753 240 58 mangled*
1477 1752 95 59 and
1607 1747 257 64 mutilated

341 1836 149 40 forms
518 1832 55 44 of
592 1831 155 45 about
771 1829 134 47 three
930 1824 214 52 hundred
1172 1821 196 55 soldiers
1393 1831 117 45 were
1535 1814 212 62 dragged
1774 1813 93 63 for¬

342 1899 131 44 ward
500 1898 107 45 mile
633 1897 125 46 after
781 1894 121 49 mile.
955 1891 116 52 Just
1105 1890 49 53 in
1168 1889 87 54 the
1288 1899 119 44 rear,
1435 1884 84 59 the
1544 1881 323 62 confederates

343 1967 117 53 kept
493 1977 65 43 up
584 1976 33 44 a
641 1964 84 56 fire
751 1961 56 59 of
825 1959 260 61 musketry,
1115 1968 56 52 as
1196 1952 190 68 though
1411 1953 58 67 to
1494 1950 173 70 hasten
1695 1959 64 61 on
1784 1945 86 75 the

344 2031 262 54 stampede.
659 2028 51 57 It
743 2040 100 45 was
876 2025 99 60 well
1008 2024 107 61 into
1148 2021 84 64 the
1265 2018 140 67 night
1446 2016 131 69 when
1620 2013 83 72 the
1736 2010 134 75 train

347 2097 196 44 reached
561 2093 273 52 Baldwin's,
853 2091 148 54 where
1027 2090 40 55 it
1094 2100 97 45 was
1217 2083 214 62 thought
1456 2081 83 64 the
1556 2079 171 66 routed
1746 2077 125 68 force

347 2164 156 43 would
532 2174 181 42 occupy
737 2159 84 57 the
847 2155 238 61 extensive
1110 2152 132 64 work
1276 2147 248 69 encircling
1556 2146 83 70 the
1665 2143 204 73 station,

348 2232 92 42 but
465 2230 115 53 they
607 2227 81 56 did
715 2227 91 56 not
832 2226 135 57 stop;
995 2220 125 63 their
1144 2229 108 54 race
1269 2227 98 56 was
1385 2211 253 72 continued
1657 2212 56 71 to
1732 2208 143 75 Jack¬

352 2295 213 45 sonville.
617 2292 67 48 At
703 2288 254 52 Baldwin's
976 2300 63 40 an
1059 2285 146 55 agent
1224 2281 54 59 of
1294 2280 84 60 the
1395 2277 238 63 Christian
1651 2273 226 67 Commis¬

354 2364 107 43 sion
479 2374 124 43 gave
618 2359 86 58 the
728 2354 229 63 wounded
985 2351 114 66 each
1123 2352 98 65 two
1241 2345 225 72 crackers,
1486 2342 207 75 without
1711 2341 162 76 water.

349 2431 121 42 This
505 2439 116 34 over
654 2421 130 52 with,
820 2421 84 52 the
936 2417 131 56 train
1102 2412 188 61 started
1325 2412 75 61 for
1432 2406 334 67 Jacksonville,
1792 2407 86 66 ten

356 2496 131 43 miles
514 2493 195 46 further.
764 2488 100 51 The
888 2495 139 44 camp
1054 2480 55 59 of
1128 2476 188 63 Colonel
1341 2473 239 66 Beecher's
1606 2470 269 69 command,

357 2563 98 43 2nd
482 2559 224 47 Phalanx
731 2553 263 55 Regiment,
1020 2559 100 49 was
1145 2542 211 66 reached,
1378 2540 95 68 and
1499 2540 107 68 here
1623 2537 140 71 coffee
1779 2547 100 61 was

357 2626 256 46 furnished.
684 2621 72 51 At
776 2615 222 57 daylight
1032 2612 83 60 the
1148 2608 130 64 train
1312 2606 196 66 reached
1543 2601 335 71 Jacksonville,

357 2695 151 43 where
524 2692 84 46 the
625 2683 231 55 wounded
874 2692 116 46 were
1008 2675 178 63 carried
1206 2676 55 62 to
1279 2672 83 66 the
1388 2669 219 69 churches
1627 2669 95 69 and
1742 2666 139 72 cared

358 2762 90 41 for.
502 2757 100 46 The
626 2751 159 52 battle
812 2747 96 56 and
934 2745 83 58 the
1042 2741 180 62 retreat
1239 2738 97 65 had
1356 2735 252 68 destroyed
1627 2746 139 57 every
1783 2744 102 59 ves¬

360 2826 100 54 tige
488 2823 54 57 of
563 2816 281 64 distinction
869 2809 148 71 based
1044 2819 132 61 upon
1194 2804 143 76 color.
1390 2801 99 79 The
1512 2803 173 77 troops
1712 2796 175 84 during

361 2892 85 43 the
471 2887 159 48 battle
654 2882 100 53 had
779 2873 175 62 fought
977 2871 238 64 together,
1244 2881 56 54 as
1325 2866 173 69 during
1529 2866 84 69 the
1638 2861 250 74 stampede

361 2957 119 53 they
497 2952 100 58 had
616 2945 207 65 endured
842 2944 64 66 its
923 2942 198 68 horrors
1138 2934 234 76 together.
