2228 3318
736 298 107 44 The
870 302 363 47 Confederate
1260 308 219 48 Service.

1762 320 100 44 491

448 420 67 45 At
533 423 167 58 length
717 430 84 51 the
819 434 164 53 period
1001 435 75 52 for
1093 437 64 50 its
1176 438 329 49 introduction
1517 446 200 45 arrived.
1771 450 93 44 Lee

346 484 51 43 in
431 486 75 44 his
543 493 273 56 attempted
852 498 223 51 invasion
1111 503 52 46 of
1190 504 84 45 the
1299 509 148 41 north
1473 512 140 41 made
1638 525 64 31 no
1728 528 134 31 more

347 553 175 43 careful
548 562 343 50 preparations
917 566 124 46 than
1068 568 80 44 did
1174 568 87 44 Mr.
1291 571 146 44 Davis
1457 576 96 41 and
1580 578 73 43 his
1671 580 189 45 cabinet

346 621 57 40 to
422 632 142 44 carry
581 623 217 59 through
818 628 230 57 Congress
1065 633 83 52 the
1166 634 81 51 bill
1265 638 232 56 enrolling
1514 642 155 52 slaves
1689 646 96 48 and
1802 650 59 44 to

346 687 301 55 emancipate
680 692 147 50 them.
883 695 190 56 Finally
1106 699 83 52 the
1223 701 124 50 hour
1372 716 98 35 was
1498 710 55 41 at
1587 709 144 54 hand,
1763 714 96 49 and

347 752 129 43 amid
495 754 84 43 the
596 758 357 56 mutteringsof
966 762 269 56 dissenters,
1250 768 96 50 and
1363 770 190 48 threats
1564 774 54 44 of
1629 776 230 44 members

345 820 56 42 to
428 820 157 56 resign
611 822 126 54 their
764 828 132 48 seats
922 825 39 51 if
980 829 84 47 the
1089 843 214 33 measure
1322 829 99 48 was"
1446 837 152 43 forced
1628 840 228 57 through,

344 885 84 43 the
462 887 400 46 administration
906 893 156 55 began
1096 898 57 50 to
1188 899 166 49 realize
1388 913 132 35 more
1554 906 205 55 sensibly
1793 908 67 53 its

345 952 254 45 weakness.
654 954 246 57 However,
921 958 40 53 it
980 962 147 49 stood
1154 962 65 56 by
1236 965 83 53 the
1338 968 221 55 carefully
1579 971 162 52 drawn
1759 972 97 51 bill.

445 1017 61 45 Of
519 1032 167 33 course
703 1023 83 43 the
796 1036 147 44 negro
963 1028 165 55 people
1147 1030 155 53 about
1318 1032 84 51 the
1420 1034 97 54 city
1528 1036 53 52 of
1593 1036 263 52 Richmond

344 1085 148 44 heard
521 1086 52 44 of
594 1088 83 43 the
704 1091 306 54 proposition
1028 1095 57 50 to
1106 1107 104 38 arm
1231 1098 95 47 and
1354 1100 296 55 emancipate
1675 1104 131 51 them
1824 1105 38 50 if

343 1152 115 57 they
476 1154 158 55 would
652 1155 301 58 voluntarily
971 1159 123 56 fight
1120 1161 75 54 for
1211 1163 124 52 their
1353 1165 79 50 old
1452 1170 218 45 masters.
1725 1169 132 56 They

346 1219 237 44 discussed
619 1221 65 44 its
720 1223 165 44 merits
920 1223 115 45 with
1071 1240 32 29 a
1137 1229 220 55 sagacity
1392 1231 133 53 wiser
1557 1234 124 50 than
1714 1236 143 48 those

343 1286 106 44 who
468 1287 240 56 proposed
735 1290 84 53 the
837 1291 194 54 scheme,
1054 1293 96 52 and
1177 1294 40 51 it
1243 1295 40 50 is
1302 1296 98 49 safe
1417 1300 56 45 to
1493 1310 88 43 say
1598 1300 116 53 that
1739 1302 116 55 they

344 1353 269 54 concluded,
634 1355 49 52 in
700 1355 85 52 the
810 1357 241 57 language
1070 1359 54 55 of
1144 1372 89 42 one
1250 1361 105 53 who
1375 1364 148 53 spoke
1542 1378 63 39 on
1631 1367 83 50 the
1730 1371 124 46 mat¬

342 1422 87 51 ter,
454 1420 79 53 "It
552 1433 80 40 am
651 1424 90 49 too
760 1423 112 53 late,
895 1424 56 52 de
960 1424 214 52 Yankees
1194 1439 79 37 am
1292 1428 237 56 coming/'
1582 1431 147 53 There
1739 1446 116 38 were

342 1486 140 44 those
501 1500 183 44 among
703 1489 144 55 them,
867 1490 229 54 however,
1116 1492 173 52 known
1309 1507 55 37 as
1382 1495 82 49 the
1481 1496 91 48 free
1590 1498 135 53 class,
1746 1500 107 51 who

343 1553 146 44 stood
525 1566 107 31 ever
659 1556 148 55 ready
833 1559 56 52 to
924 1557 190 54 imitate
1148 1559 82 52 the
1257 1560 177 53 whites,
1473 1562 230 57 believing
1737 1566 116 53 that

342 1632 165 30 course
540 1623 57 40 to
633 1621 58 43 be
726 1634 63 30 an
825 1622 215 45 evidence
1067 1624 54 43 of
1148 1625 125 42 their
1307 1628 288 56 superiority
1622 1642 115 42 over
1769 1632 85 52 the

342 1686 169 43 slaves.
566 1686 130 57 They
716 1701 117 42 were
850 1702 114 43 very
986 1691 202 54 anxious
1206 1694 56 51 to
1282 1693 152 52 enlist.

441 1751 72 44 On
532 1751 249 58 February
792 1754 88 55 8th
900 1754 205 55 Senator
1122 1757 186 54 Brown,
1323 1759 53 52 of
1388 1758 293 59 Mississippi,
1701 1763 152 54 intro¬

342 1818 145 44 duced
515 1832 32 30 a
572 1820 265 44 resolution
865 1822 162 53 which,
1057 1823 38 52 if
1116 1823 39 52 it
1180 1824 98 51 had
1308 1825 111 50 been
1447 1827 226 55 adopted,
1693 1830 156 52 would

340 1884 123 43 have
488 1885 123 43 freed
632 1886 214 53 200,000
865 1901 197 42 negroes
1082 1889 96 54 and
1205 1892 90 53 put
1320 1892 132 53 them
1469 1892 105 53 into
1592 1894 83 51 the
1694 1908 153 42 army;

340 1950 89 44 but
456 1965 64 29 on
545 1952 84 43 the
647 1955 116 40 next
790 1953 98 55 day
905 1954 42 54 it
964 1968 98 40 was
1080 1956 147 52 voted
1255 1956 138 52 down
1411 1958 49 50 in
1478 1963 147 45 secret
1652 1961 195 47 session.

339 2015 139 58 Upon
512 2020 99 53 this
646 2033 114 42 very
797 2018 248 59 February
1081 2022 101 55 9th,
1222 2023 130 54 when
1387 2022 205 55 Senator
1634 2025 215 52 Brown's

339 2086 263 43 resolution
637 2100 99 30 was
770 2087 115 52 lost,
923 2086 86 53 Mr.
1046 2087 261 56 Benjamin,
1338 2088 245 57 Secretary
1611 2092 53 53 of
1693 2092 152 54 State,

340 2152 253 44 addressed
614 2166 31 30 a
661 2154 133 55 large
813 2153 157 56 public
989 2154 205 55 meeting
1213 2157 55 52 at
1286 2154 277 55 Richmond.
1617 2156 72 53 He
1709 2160 140 49 made

339 2230 33 30 a
398 2231 112 42 very
536 2220 377 54 extraordinary
940 2219 177 55 speech,
1147 2220 181 54 setting
1352 2221 131 53 forth
1508 2223 84 51 the
1617 2224 156 55 policy
1800 2225 54 54 of

339 2282 247 47 President
605 2286 147 44 Davis
773 2287 96 43 and
888 2285 73 45 his
982 2284 201 46 cabinet.
1238 2285 277 45 Emissaries
1528 2288 52 42 of
1591 2287 86 44 Mr.
1701 2289 147 44 Davis

338 2350 97 44 had
457 2351 104 56 just
587 2351 224 56 returned
837 2351 125 56 from
980 2351 82 56 the
1088 2350 147 57 Peace
1253 2349 271 58 Conference
1542 2355 56 52 at
1624 2353 225 54 Fortress

338 2415 213 57 Monroe,
588 2419 150 53 where
772 2417 117 55 they
915 2418 98 54 met
1046 2416 397 56 representatives
1478 2417 52 55 of
1558 2419 83 53 the
1674 2419 173 53 United

339 2482 163 45 States
520 2486 331 54 government,
873 2482 97 58 and
988 2480 188 60 learned
1194 2481 115 59 that
1327 2482 83 58 the
1427 2484 271 56 conditions
1716 2498 132 42 upon

337 2550 150 43 which
511 2551 85 43 the
622 2550 241 44 Southern
891 2546 163 48 States
1080 2546 137 48 could
1244 2558 183 36 resume
1460 2548 124 46 their
1617 2551 231 43 relations

337 2629 117 31 were
479 2617 142 43 those
647 2615 149 45 which
822 2614 116 53 they
963 2624 117 43 were
1106 2611 253 56 compelled
1384 2614 57 53 to
1469 2616 163 52 accept
1666 2615 178 56 finally.

338 2681 184 58 During
539 2682 88 57 Mr.
647 2678 291 61 Benjamin's
957 2677 164 62 speech
1136 2677 60 62 he
1213 2676 127 63 said:

420 2794 100 35 "We
534 2794 101 35 have
656 2790 171 43 680,000
847 2787 133 46 blacks
994 2786 159 47 capable
1168 2786 42 47 of
1226 2786 160 47 bearing
1399 2797 114 36 arms,
1530 2788 78 45 and
1622 2788 85 45 who
1723 2790 124 43 ought

338 2860 87 25 now
438 2852 46 33 to
498 2850 49 35 be
560 2848 39 37 in
614 2847 67 38 the
702 2845 97 40 field.
842 2843 74 42 Let
928 2851 46 34 us
988 2851 86 34 now
1088 2849 71 36 say
1173 2842 45 43 to
1233 2851 111 34 every
1357 2851 118 34 negro
1489 2842 84 43 who
1588 2842 132 43 wishes
1734 2845 45 40 to
1793 2855 52 31 go

337 2904 87 36 into
446 2905 68 35 the
534 2902 120 38 ranks
676 2911 52 29 on
748 2897 199 43 condition
970 2895 43 45 of
1028 2894 113 46 being
1162 2894 82 46 free,
1267 2904 50 36 go
1341 2896 75 44 and
1438 2896 215 44 fight—you
1676 2907 65 33 are
1761 2898 82 42 free.

338 2959 68 45 My
420 2970 86 34 own
520 2965 161 39 negroes
694 2955 101 49 have
807 2953 93 51 been
914 2953 45 51 to
974 2960 60 44 me
1048 2949 78 55 and
1140 2948 95 56 said,
1255 2948 171 56 'Master,
1443 2952 60 52 set
1516 2960 45 44 us
1574 2951 73 53 free
1661 2952 78 52 and
1753 2952 94 52 we'll
