2200 3300
345 326 95 43 516
641 326 220 43 History
888 338 64 31 of
978 339 96 30 the
1100 328 165 42 Black
1290 328 252 42 Phalanx.

344 458 148 42 ferred
511 456 192 54 $7,890.
757 457 56 53 In
832 457 245 53 December
1086 459 82 51 the
1177 458 187 52 Saxton
1381 457 141 53 Bank
1541 456 56 54 at
1615 452 233 58 Beaufort

345 524 286 42 transferred
652 522 259 53 $170,000.
965 524 129 51 Thus
1103 524 83 51 the
1196 537 104 38 sum
1311 524 51 51 of
1376 521 261 54 $177,890,
1658 520 191 55 belong¬

346 591 83 54 ing
454 592 55 53 to
537 589 195 56 soldiers
758 589 50 56 in
832 592 97 53 two
957 590 328 55 departments
1312 589 126 56 only,
1466 601 100 44 was
1593 586 163 59 placed
1794 588 53 57 to

346 656 124 42 their
496 656 159 51 credit,
686 655 180 55 subject
900 658 55 52 to
990 655 123 55 their
1140 655 151 55 order,
1320 655 48 55 in
1393 654 83 56 the
1501 668 101 42 new
1627 653 223 57 national

347 722 145 51 bank,
521 721 147 52 called
702 721 106 52 into
834 721 231 52 existence
1091 721 64 54 by
1180 721 91 54 like
1297 722 219 53 motives.
1571 720 114 55 This
1719 719 131 56 bank

347 789 99 42 had
480 789 230 42 branches
737 790 56 41 at
825 788 133 43 these
984 788 168 54 places.
1208 787 113 55 Had
1349 788 181 54 similar
1556 787 155 55 banks
1736 786 115 56 been

349 855 287 42 established
662 855 49 42 in
736 854 83 43 the
846 854 138 43 other
1018 854 329 53 departments
1375 867 65 40 an
1465 865 254 42 enormous
1745 865 105 42 sum

349 922 156 42 would
530 922 124 42 have
680 922 115 42 been
821 921 234 43 collected.
1110 921 99 43 The
1235 920 295 44 Freedmen's
1556 919 144 52 bank,
1728 918 123 53 how¬

350 1001 120 40 ever,
489 988 124 53 took
630 988 83 53 the
730 988 131 54 place
879 987 54 55 of
951 988 133 54 these
1102 988 212 54 military
1334 987 170 55 banks,
1526 986 95 56 and
1647 985 97 57 had
1769 984 82 58 the

351 1056 264 41 confidence
633 1055 53 42 of
705 1055 83 42 the
805 1054 196 43 soldiers
1022 1054 103 43 who
1145 1053 254 44 continued
1425 1056 56 41 to
1501 1051 187 55 deposit
1713 1051 48 55 in
1785 1050 65 56 its

351 1122 197 43 various
565 1122 230 43 branches
805 1121 305 55 throughout
1127 1121 83 55 the
1219 1120 161 56 south.
1433 1118 147 58 When
1597 1118 114 58 that
1720 1116 132 60 insti¬

351 1189 165 42 tution
535 1188 236 55 collapsed
798 1188 49 55 in
875 1187 141 56 1874,
1039 1187 53 56 of
1111 1187 82 56 the
1212 1199 146 44 many
1376 1185 204 58 millions
1599 1184 54 59 of
1672 1183 178 60 dollars

354 1255 245 56 deposited
634 1255 48 56 in
716 1255 54 56 it,
807 1254 40 57 it
881 1255 40 56 is
948 1253 253 58 estimated
1236 1253 115 58 that
1385 1250 269 61 two-thirds
1690 1249 52 62 of
1769 1249 82 62 the

354 1325 206 40 amount
580 1335 94 30 was
693 1322 82 43 the
791 1321 196 54 savings
1006 1320 55 55 of
1071 1320 82 55 the
1170 1319 235 56 Phalanx.
1460 1316 146 59 There
1622 1316 41 59 is
1679 1327 105 48 now
1802 1314 49 61 in

353 1389 84 42 the
453 1389 163 42 vaults
637 1388 53 43 of
709 1388 82 43 the
810 1387 219 44 national
1047 1387 311 54 government
1376 1396 131 45 more
1523 1383 121 58 than
1665 1393 28 48 a
1714 1393 138 48 quar¬

354 1458 75 40 ter
448 1455 53 43 of
522 1468 31 30 a
570 1455 179 43 million
768 1453 54 45 of
843 1453 178 45 dollars
1047 1452 255 55 belonging
1318 1453 56 54 to
1392 1450 82 57 the
1493 1448 232 59 Phalanx,
1744 1445 107 62 held

357 1535 56 29 as
430 1520 262 44 unclaimed
718 1520 188 54 bounty
926 1519 95 55 and
1040 1531 212 43 pay—an
1271 1517 154 57 ample
1443 1528 104 46 sum
1566 1515 119 59 from
1706 1512 146 62 which

356 1590 56 40 to
431 1589 123 41 erect
573 1600 31 30 a
622 1586 204 44 suitable
844 1588 278 42 monument
1138 1586 56 44 to
1214 1584 368 46 commemorate
1600 1580 81 50 the
1698 1578 155 52 heroic

359 1653 228 43 devotion
607 1653 96 43 and
721 1651 230 55 patriotic
967 1652 238 54 endeavor
1223 1650 52 56 of
1294 1650 140 56 those
1443 1649 105 57 who
1566 1647 74 59 fell
1656 1646 49 60 in
1723 1644 130 62 Free¬

359 1719 155 43 dom's
532 1731 152 31 cause.
738 1716 113 46 This
870 1729 170 42 money
1051 1716 243 55 doubtless
1313 1715 195 56 belongs
1525 1716 56 55 to
1600 1713 139 58 those
1748 1710 104 61 who

361 1799 63 29 on
440 1785 83 43 the
540 1783 302 45 battle-fields
862 1783 95 45 and
975 1783 49 45 in
1041 1781 236 55 hospitals
1296 1780 104 56 died
1419 1780 73 56 for
1508 1779 82 57 the
1609 1776 245 60 country's

359 1852 169 41 honor.
582 1850 147 43 These
765 1862 79 31 are
879 1860 129 33 some
1043 1848 53 45 of
1131 1848 82 45 the
1247 1847 180 46 lessons
1460 1845 180 56 taught
1675 1844 64 57 by
1771 1843 84 58 the

360 1916 190 57 history
568 1916 54 57 of
639 1916 84 57 the
738 1914 148 59 Black
902 1914 236 59 Phalanx.
