2210 3307
863 277 107 42 The
996 278 166 43 Black
1187 279 154 45 Flag.

1767 282 97 43 361

335 379 67 36 lull
422 381 40 36 in
483 383 68 35 the
569 388 255 40 engagement
848 386 76 43 (for
944 386 19 43 I
984 387 79 42 had
1085 389 91 40 been
1197 390 159 44 hearing
1375 391 118 44 sharp
1514 392 113 44 firing
1640 393 39 43 in
1693 393 136 43 front),
1845 394 20 42 I

334 437 155 43 greatly
516 439 134 41 feared*
672 441 92 39 that
793 441 158 39 Forrest
979 453 79 27 was
1086 444 170 36 defeated
1277 448 78 32 and
1376 448 93 34 that
1488 449 67 33 the
1575 449 177 35 Federals
1775 461 91 23 were

334 492 167 43 pushing
523 493 79 42 him
627 495 106 42 back,
758 504 44 33 so
825 496 18 41 I
866 499 137 38 moved
1025 500 152 43 rapidly
1199 503 110 40 down
1330 503 65 40 the
1410 504 97 39 road
1522 505 59 38 till
1595 505 18 38 I
1627 506 158 37 reached
1800 507 67 36 the

336 556 98 35 open
450 547 86 44 field
550 559 93 32 near
656 550 67 41 the
738 551 155 44 bridge.'

417 602 125 36 "This
563 605 112 34 could
696 609 74 32 not
790 607 100 35 have
911 609 93 35 been
1024 611 66 34 the
1110 612 133 44 Ripley
1265 613 313 45 Guntownroad,
1595 625 44 33 as
1660 616 93 42 that
1766 616 100 42 road

335 669 79 24 was
436 659 99 35 filled
557 662 92 34 with
671 661 159 37 Federal
851 668 150 41 troops,
1025 678 158 33 wagons
1204 668 77 43 and
1304 669 170 43 artillery
1494 670 100 42 from
1613 670 64 42 Dr.
1693 671 173 43 Agnew's

336 715 119 35 house
469 719 45 32 to
529 718 67 33 the
610 727 106 26 cross
731 721 130 43 roads,
880 732 25 32 a
920 722 171 42 distance
1106 724 43 40 of
1164 726 78 38 two
1257 725 116 39 miles.
1418 724 8 40 '
1437 725 158 43 Having
1614 726 132 43 placed
1760 737 107 32 some

338 771 310 46 sharpshooters,
665 776 125 41 whose
805 777 79 40 sole
899 779 197 38 attention
1112 790 78 27 was
1204 782 44 35 to
1264 780 46 37 be
1325 780 162 37 directed
1501 783 45 34 to
1561 781 66 36 the
1648 781 156 44 bridge,'
1820 782 47 43 he

337 829 210 43 continues,
574 831 7 41 '
592 831 18 41 I
631 834 186 38 extended
839 845 65 31 my
926 835 73 41 line
1019 835 132 42 nearly
1172 835 83 42 half
1272 846 25 31 a
1317 836 95 42 mile,
1431 835 77 43 and
1522 836 125 43 began
1662 847 51 32 an
1729 837 138 42 attack

339 884 52 43 by
406 886 212 44 scattering
633 888 112 42 shots
761 892 45 38 at
819 890 67 40 the
901 900 104 30 same
1019 890 103 40 time.
1166 889 198 44 Sounding
1384 900 65 33 my
1469 890 113 44 bugle
1595 891 98 43 from
1708 892 159 42 various

338 941 133 43 points
493 943 119 43 along
633 944 66 42 the
718 945 84 43 line,
820 946 144 42 almost
986 945 257 43 immediately
1265 956 25 32 a
1310 946 305 43 reconnoitering
1629 947 98 42 force
1743 947 43 42 of
1800 948 67 41 the

339 1007 132 34 enemy
486 1000 191 42 appeared
693 1002 45 40 at
752 1000 66 42 the
831 1001 144 43 bridge,
993 1001 77 43 and
1083 1001 113 43 being
1210 1002 92 42 fired
1323 1012 104 32 upon
1448 1002 190 42 returned.
1681 1000 92 44 This
1788 1013 78 31 was

340 1053 182 43 followed,
539 1056 177 43 perhaps,
733 1056 52 43 by
800 1067 25 32 a
840 1057 196 43 regiment,
1061 1057 78 43 and
1158 1057 93 43 then
1272 1067 25 33 a
1318 1057 118 43 whole
1455 1057 159 43 brigade
1634 1068 106 32 came
1755 1058 112 42 down

340 1110 45 32 to
407 1109 66 34 the
493 1110 117 35 creek.
654 1110 76 44 My,
754 1121 95 34 men,
874 1112 139 43 taking
1033 1112 105 43 good
1161 1112 87 43 aim,
1272 1112 90 43 fired
1385 1121 103 35 upon
1509 1113 105 43 them
1635 1113 124 43 coolly
1789 1113 78 43 and

340 1165 149 42 steady.
539 1165 106 42 Soon
672 1166 19 41 I
719 1176 79 31 saw
826 1178 170 33 wagons,
1027 1167 181 44 artillery,
1237 1170 84 41 etc.,
1350 1167 166 44 pushing
1542 1168 59 43 for
1627 1168 67 43 the
1722 1169 143 42 bridge.

341 1219 118 36 These
473 1231 92 24 were
580 1221 93 35 shot
694 1225 46 34 at
759 1223 52 42 by
832 1234 65 31 my
920 1223 307 43 sharpshooters,
1270 1222 19 44 1
1310 1233 85 33 now
1409 1223 125 43 began
1548 1225 44 41 to
1608 1226 179 40 contract
1801 1234 66 32 my

341 1274 73 35 line
428 1276 77 35 and
519 1277 133 34 collect
666 1288 65 31 my
746 1278 196 43 regiment,
960 1279 61 42 for
1040 1279 66 42 the
1127 1278 176 43 Federals
1324 1288 105 33 came
1449 1278 166 44 pouring
1634 1279 39 43 in
1688 1279 180 43 immense

342 1331 177 35 numbers
535 1342 130 24 across
679 1333 67 34 the
760 1333 116 35 creek.
919 1333 106 35 Your
1047 1334 170 41 artillery
1238 1343 77 32 was
1338 1334 117 42 doing
1474 1334 105 42 good
1601 1334 116 42 work.
1761 1334 106 42 Even

342 1385 66 35 the
422 1386 138 35 bullets
574 1388 98 33 from
687 1388 66 34 the
773 1389 113 33 small
907 1399 104 24 arms
1033 1389 43 34 of
1092 1389 66 34 the
1179 1388 262 35 Confederates
1462 1389 159 34 reached
1642 1400 64 31 my
1729 1399 96 32 men.
1847 1389 20 42 I

344 1442 183 42 operated
542 1451 105 34 upon
661 1443 66 42 the
741 1443 105 42 flank
861 1444 44 41 of
919 1444 67 41 the
999 1454 131 31 enemy
1145 1444 98 41 until
1258 1443 98 42 after
1370 1443 122 42 dark.'

424 1496 110 35 "The
556 1508 157 32 wagons
734 1498 232 43 blockading
986 1498 66 43 the
1073 1498 131 43 bridge
1225 1509 91 32 were
1344 1507 98 34 soon
1469 1499 178 42 removed
1675 1500 51 42 by
1755 1500 115 43 being

344 1551 151 35 thrown
516 1552 85 34 into
624 1553 67 33 the
712 1556 143 31 stream
879 1554 76 33 and
979 1563 26 24 a
1026 1553 143 35 section
1191 1553 97 35 from
1311 1554 91 34 each
1424 1554 157 42 battery
1609 1565 78 31 was
1716 1555 151 41 worked

345 1616 129 25 across
489 1607 51 42 by
561 1607 116 43 hand,
696 1608 209 44 supported
928 1608 50 44 by
1000 1609 65 43 the
1085 1611 136 41 escort,
1246 1609 76 43 and
1344 1609 171 43 brought
1535 1614 45 38 to
1602 1610 92 42 bear
1715 1620 105 35 upon
1842 1621 26 34 a

343 1671 116 33 negro
475 1662 159 42 brigade
648 1663 90 41 with
761 1663 132 41 fearful
914 1664 96 42 loss;
1033 1665 65 41 the
1120 1665 111 41 other
1251 1667 78 39 two
1351 1665 164 41 sections
1537 1676 91 30 were
1650 1666 149 43 quickly
1821 1669 45 40 to

343 1717 66 33 the
428 1717 116 43 front,
560 1718 125 42 ahead
701 1718 43 42 of
761 1729 77 32 any
861 1722 164 40 support
1046 1720 58 42 for
1126 1720 66 42 the
1212 1723 182 40 moment,
1411 1722 77 41 and
1510 1722 118 41 drove
1648 1722 67 41 the
1735 1733 132 31 enemy

343 1771 97 35 from
455 1773 65 34 the
534 1773 105 43 ridge
653 1774 99 42 back
774 1774 43 42 of
835 1775 202 41 Holland's
1058 1775 119 41 house
1198 1786 131 30 across
1349 1777 78 43 Dry
1449 1778 117 42 creek.
1608 1778 80 42 The
1708 1779 158 41 cavalry

344 1826 39 34 in
396 1828 65 34 the
475 1829 204 33 meantime
695 1829 78 34 had
787 1830 142 43 halted,
947 1831 244 43 reorganized
1212 1832 78 42 and
1311 1843 97 31 soon
1425 1833 129 43 joined
1569 1834 38 42 in
1621 1834 67 42 the
1702 1835 162 42 pursuit.

344 1882 77 33 The
435 1883 98 34 road
547 1894 78 24 was
640 1895 161 33 narrow,
820 1885 90 43 with
934 1886 111 42 dense
1065 1887 132 41 woods
1218 1897 51 31 on
1283 1888 91 40 each
1390 1889 88 42 side,
1496 1900 43 31 so
1555 1890 93 41 that
1661 1890 34 41 it
1709 1899 77 32 was
1800 1890 67 41 im

344 1937 164 43 possible
528 1936 44 44 to
594 1949 66 31 use
681 1950 105 30 more
806 1941 99 39 than
927 1942 86 38 four
1032 1942 118 42 pieces
1173 1945 44 39 at
1239 1953 25 31 a
1283 1944 103 42 time,
1403 1944 73 42 but
1496 1945 92 41 that
1602 1946 159 40 number
1774 1955 93 31 were

343 1992 91 44 kept
454 1995 99 41 close
573 2006 104 33 upon
698 1996 67 43 the
787 1996 100 43 heels
910 1997 43 42 of
968 1997 64 42 the
1052 1998 212 42 retreating
1284 2008 131 33 enemy
1430 1999 78 42 and
1523 2010 26 31 a
1563 2001 223 40 murderous
1801 2001 66 40 fire

343 2051 203 41 prevented
560 2052 105 40 them
681 2051 97 41 from
793 2053 166 42 forming
973 2055 43 40 to
1031 2052 112 43 make
1158 2064 25 31 a
1197 2054 128 41 stand.

423 2108 108 34 "The
553 2109 104 43 ridge
679 2109 205 43 extending
907 2109 222 43 southward
1151 2109 97 43 from
1270 2109 65 43 the
1356 2108 164 44 Hadden
1541 2110 118 42 house
1682 2111 137 41 offered
1840 2121 26 31 a

344 2166 137 41 strong
501 2165 158 42 natural
678 2165 173 43 position
874 2165 60 43 for
955 2165 183 43 defensive
1160 2165 232 43 operations.
1435 2164 110 44 Upon
1568 2165 78 43 this
1674 2166 106 43 ridge
1800 2166 67 43 the

344 2218 175 38 Federals
540 2222 79 34 had
638 2223 232 34 established
893 2233 25 24 a
938 2222 73 35 line
1033 2222 43 35 of
1094 2221 133 42 battle,
1250 2221 73 42 but
1344 2231 25 32 a
1389 2221 66 42 few
1476 2221 78 42 well
1576 2221 163 42 directed
1754 2222 112 41 shots

345 2275 97 36 from
456 2277 66 34 the
537 2278 169 42 artillery
722 2278 196 42 stationed
933 2288 92 32 near
1039 2277 66 43 the
1119 2276 170 44 Holland
1304 2276 118 44 house
1437 2276 76 44 and
1536 2287 25 33 a
1575 2277 139 43 charge
1726 2277 53 43 by
1795 2287 72 33 our

346 2332 156 44 cavalry
517 2344 130 32 across
661 2333 79 43 Dry
755 2334 104 42 creek
880 2333 145 43 readily
1045 2336 72 40 put
1139 2333 104 43 them
1264 2335 44 41 to
1329 2332 124 44 flight.
1495 2332 33 44 A
1549 2333 145 43 section
1716 2332 42 44 of
1774 2333 92 43 each

343 2386 157 45 battery
515 2399 77 32 was
622 2388 154 43 ordered
793 2391 45 40 at
853 2399 25 32 a
891 2389 131 42 gallop
1037 2390 44 41 to
1096 2388 78 43 this
1190 2388 116 43 ridge,
1321 2387 120 44 which
1456 2397 78 34 was
1548 2388 157 43 reached
1720 2388 37 43 in
1773 2388 93 43 time

344 2445 44 33 to
405 2454 96 34 open
515 2445 91 43 with
623 2455 24 33 a
661 2445 65 43 few
740 2444 145 44 rounds
902 2444 41 44 of
956 2443 305 45 double-shotted
1284 2443 191 45 cannister
1490 2453 103 35 upon
1608 2443 99 45 their
1723 2444 144 44 demor

346 2499 116 36 alized
476 2500 118 35 ranks
609 2511 44 24 as
668 2500 92 41 they
773 2500 146 41 hastily
942 2498 191 43 retreated
1159 2498 170 43 through
1351 2498 66 43 the
1439 2509 96 32 open
1557 2499 104 42 fields
1683 2509 48 32 on
1747 2499 119 42 either

345 2554 78 35 side
443 2556 44 34 of
503 2556 157 44 Phillips
681 2555 156 45 branch.
882 2554 78 46 Our
979 2563 231 37 cannoneers
1233 2564 91 36 were
1350 2555 151 45 greatly
1529 2554 125 46 blown
1682 2554 78 46 and
1786 2554 80 46 well

343 2610 90 43 nigh
448 2611 211 42 exhausted
679 2611 99 42 from
799 2610 186 43 excessive
1005 2609 93 44 heat
1119 2607 78 46 and
1217 2609 230 44 continuous
1469 2610 111 43 labor
1596 2613 45 40 at
1654 2610 99 43 their
1766 2619 99 34 guns

343 2665 59 34 for
414 2666 66 35 full
495 2668 72 33 five
580 2667 131 34 hours.
754 2664 66 37 "We
834 2664 151 37 noticed
1001 2674 25 27 a
1040 2663 159 38 number
1214 2661 108 40 drink
1344 2664 91 37 with
1458 2668 196 40 apparant
1674 2665 111 43 relish
1799 2664 67 44 the

342 2720 111 36 black
468 2723 152 42 powder
634 2724 119 41 water
767 2720 96 45 from
879 2720 67 45 the
960 2728 145 37 sponge
1118 2718 196 47 buckets."

442 2787 98 45 The
558 2801 166 42 enemy
740 2785 215 58 followed
972 2785 84 58 the
1081 2783 166 60 fleeing
1272 2786 200 57 column,
1496 2788 255 55 capturing
1768 2786 97 57 and

341 2855 259 56 wounding
616 2867 150 44 many
785 2855 55 56 at
857 2852 83 59 the
957 2853 131 58 town
1108 2850 54 61 of
1173 2849 176 62 Eipley.
1403 2852 122 59 Next
1544 2856 224 56 morning
1783 2854 83 58 the

342 2919 223 46 Federals
600 2920 142 45 made
777 2932 32 33 a
851 2917 161 48 stand.
1073 2914 156 55 Again
1263 2917 82 52 the
1379 2917 221 52 Phalanx
1635 2923 115 46 bore
1783 2923 83 46 the

662 2985 50 36 18
