2200 3300
341 310 96 42 232

635 310 221 43 History
883 321 64 32 of
973 320 96 33 the
1095 307 166 46 Black
1285 305 239 48 Phalanx

406 441 32 26 'i
454 441 115 26 visited
585 442 55 26 the
657 448 88 20 scene
761 442 37 26 of
809 441 66 27 this
891 439 209 32 engagement
1117 437 56 34 the
1189 435 150 36 morning
1354 433 83 38 after
1452 432 45 39 its
1514 436 191 35 occurrence,
1725 428 65 43 and
1806 427 54 44 for

339 474 55 26 the
406 475 70 26 first
487 475 77 26 time
576 475 108 26 beheld
696 476 55 25 the
762 474 136 27 horrible
914 473 158 28 evidences
1091 470 35 31 of
1139 470 56 31 the
1212 468 165 33 demoniac
1393 466 94 35 spirit
1503 465 36 36 of
1552 464 90 37 these
1658 462 83 39 rebel
1759 461 99 40 fiends

339 508 32 25 in
383 508 83 25 their
476 508 176 25 treatment
664 508 36 25 of
709 514 59 19 our
780 506 80 27 dead
873 506 64 27 and
949 503 161 30 wounded.
1147 502 69 31 Men
1235 507 76 26 were
1328 499 97 34 found
1438 496 75 37 with
1525 496 83 37 their
1621 495 108 38 brains
1741 495 116 41 beatep

340 542 59 24 out
410 541 76 25 with
498 541 96 29 clubs,
609 540 65 30 and
685 541 55 29 the
752 539 117 31 bloody
882 544 148 26 weapons
1046 536 55 34 left
1117 534 42 36 by
1178 533 83 37 their
1273 532 81 38 sides
1367 531 64 39 and
1442 530 82 40 their
1536 529 111 41 bodies
1660 529 88 41 most
1758 525 101 45 horri¬

339 573 53 32 bly
406 574 189 31 mutilated.'

421 650 70 35 "It
507 661 77 24 was
600 649 225 36 afterwards
841 644 236 41 ascertained
1091 644 93 41 that
1197 642 66 43 the
1277 641 99 44 force
1388 640 84 45 who
1495 637 185 48 attacked
1693 636 80 49 this
1787 635 74 50 for¬

340 706 120 42 aging
478 709 119 39 party
617 703 191 45 consisted
829 700 184 48 partially
1033 699 46 49 of
1098 697 152 51 citizens
1270 695 46 53 of
1336 695 67 53 the
1427 691 304 57 neighborhood,
1761 691 97 57 who,

340 760 106 35 while
465 760 177 43 enjoying
661 760 67 43 the
749 756 217 47 protection
988 753 43 50 of
1053 763 72 40 our
1146 751 148 52 armies,
1316 749 80 54 had
1416 747 178 56 collected
1614 746 180 57 together
1813 747 46 56 to

341 815 118 34 assist
471 816 67 33 the
550 815 99 34 rebel
663 814 118 35 forces
796 812 39 37 in
849 810 78 39 this
942 808 148 41 attack.
1133 805 152 44 Colonel
1298 804 185 45 Williams
1504 802 164 47 directed
1688 801 93 48 that
1794 801 68 48 the

340 869 130 43 region
486 870 43 42 of
544 873 162 39 country
724 867 131 45 within
871 876 26 36 a
909 864 131 48 radius
1056 862 43 50 of
1114 862 72 50 five
1206 860 105 52 miles
1331 860 99 52 from
1450 858 66 54 the
1530 867 106 45 scene
1650 856 44 56 of
1708 856 153 56 conflict

341 924 137 34 should
492 924 45 34 be
552 922 239 42 devastated,
810 920 78 44 and
903 919 32 45 is
950 918 43 46 of
1009 916 157 48 opinion
1179 916 93 48 that
1291 914 80 50 this
1391 912 210 52 effectually
1615 910 206 54 prevented
1835 921 26 43 a

339 978 75 34 like
428 989 215 24 occurrence
656 978 39 35 in
710 978 66 35 the
792 985 104 28 same
910 970 300 45 neighborhood.

383 1033 23 16 "
416 1032 284 43 Subsequently,
717 1031 106 44 while
838 1040 51 35 on
904 1029 78 46 this
996 1026 228 49 expedition,
1234 1024 66 51 the
1313 1023 204 52 command
1530 1021 185 54 captured
1730 1031 26 44 a
1768 1021 95 54 pris¬

341 1097 93 24 oner
446 1087 40 34 in
501 1097 103 24 arms
618 1087 83 34 who
717 1086 77 35 had
817 1095 104 32 upon
943 1083 58 44 his
1023 1091 137 36 person
1181 1080 66 47 the
1266 1079 172 48 evidence
1459 1078 44 49 of
1518 1077 146 50 having
1682 1077 92 50 been
1795 1086 67 41 pa¬

340 1141 105 35 roled
466 1142 52 41 by
538 1142 66 41 the
624 1140 271 43 commanding
918 1139 124 44 officer
1063 1139 46 44 at
1130 1135 97 48 Fort
1247 1134 122 49 Scott,
1386 1133 168 50 Kansas,
1593 1134 47 49 he
1677 1142 78 41 was
1770 1131 92 52 shot

342 1206 52 24 on
407 1196 66 34 the
487 1198 102 40 spot.

423 1250 23 17 "
455 1250 78 34 The
546 1250 184 43 regiment
743 1248 190 45 remained
947 1248 40 45 in
1003 1256 111 37 camp
1129 1247 46 46 at
1188 1245 145 48 Baxter
1346 1243 158 50 Springs
1517 1242 100 51 until
1629 1242 68 51 the
1709 1242 99 51 27th
1823 1240 43 53 of

342 1306 20 33 J
372 1315 79 32 une,
469 1304 114 43 1863,
600 1305 104 42 when
717 1304 33 43 it
765 1304 130 43 struck
910 1305 105 42 tents
1031 1301 77 46 and
1124 1298 175 49 marched
1314 1299 59 48 for
1387 1299 99 48 Fort
1500 1297 143 50 Gibson
1656 1297 40 50 in
1710 1306 153 41 connec¬

341 1359 87 35 tion
449 1359 90 35 with
561 1369 26 25 a
600 1359 105 42 large
727 1359 137 42 supply
886 1358 105 43 train
1013 1357 98 44 from
1135 1355 100 46 Fort
1255 1353 112 48 Scott
1387 1364 44 37 en
1451 1356 115 45 route
1584 1355 45 46 to
1643 1352 67 49 the
1723 1352 139 49 former

342 1414 118 43 place.

423 1468 150 35 Colonel
594 1468 183 35 "Williams
798 1468 78 35 had
898 1467 164 36 received
1083 1465 250 38 information
1353 1464 93 39 that
1466 1462 168 41 satisfied
1664 1460 79 43 him
1769 1461 93 42 that

341 1523 68 35 the
422 1524 105 34 train
541 1523 124 35 would
680 1523 45 35 be
741 1523 182 35 attacked
945 1523 38 35 in
1004 1522 67 36 the
1091 1519 289 44 neighborhood
1401 1518 44 45 of
1460 1517 117 46 Cabin
1592 1516 122 47 Creek,
1731 1516 131 47 Chero¬

342 1578 67 34 kee
429 1578 155 34 Nation.
628 1578 57 34 He
706 1577 303 35 communicated
1030 1576 79 36 this
1130 1574 249 38 information
1399 1575 47 37 to
1466 1570 396 42 Lieutenant-Colonel

343 1633 122 43 Dodd,
482 1633 43 43 of
540 1634 66 42 the
620 1633 78 43 2nd
713 1633 187 43 Colorado
918 1631 189 45 Infantry,
1124 1631 83 45 who
1223 1640 78 36 was
1315 1629 38 47 in
1368 1627 204 49 command
1587 1627 43 49 of
1645 1627 66 49 the
1724 1629 137 47 escort,

345 1688 76 35 and
442 1688 243 35 volunteered
706 1690 44 33 to
772 1697 111 26 move
904 1687 59 36 his
985 1686 184 43 regiment
1189 1685 37 44 in
1250 1684 90 45 such
1361 1694 158 35 manner
1533 1693 45 36 as
1592 1682 125 47 would
1732 1681 45 48 be
1791 1691 72 38 ser¬

343 1743 165 34 viceable
521 1742 39 35 in
573 1753 86 24 case
674 1742 63 35 the
752 1742 176 43 expected
946 1741 135 44 attack
1104 1740 137 45 should
1262 1740 47 45 be
1329 1739 122 46 made.
1494 1738 79 47 The
1586 1739 126 46 escort
1724 1746 139 39 proper

343 1800 46 32 to
409 1798 66 34 the
494 1798 105 34 train
620 1797 188 35 consisted
832 1797 44 35 of
892 1797 58 35 six
965 1796 216 43 companies
1197 1795 43 44 of
1255 1795 66 44 the
1335 1794 78 45 2nd
1428 1793 189 46 Colorado
1631 1792 189 47 Infantry,
1837 1802 26 37 a

344 1852 243 34 detachment
602 1852 43 34 of
659 1852 105 34 three
778 1851 216 43 companies
1011 1851 43 43 of
1062 1851 158 43 cavalry
1234 1850 98 44 from
1347 1850 66 44 the
1427 1849 71 45 6th
1514 1848 77 46 and
1606 1847 71 47 9th
1692 1846 169 48 Kansas,

345 1907 78 34 and
438 1917 71 25 one
521 1907 144 35 section
687 1906 44 36 of
745 1906 66 36 the
832 1906 78 36 2nd
931 1906 157 36 Kansas
1110 1905 176 42 Battery.
1329 1904 92 43 This
1441 1903 100 44 force
1560 1913 79 34 was
1654 1903 141 44 joined,
1811 1912 52 35 on

344 1962 67 34 the
425 1962 95 34 28t>h
541 1961 45 35 of
601 1961 108 42 June,
725 1961 53 42 by
798 1961 105 42 three
924 1960 171 43 hundred
1117 1970 84 33 men
1222 1961 99 42 from
1341 1959 67 44 the
1421 1959 139 44 Indian
1574 1957 174 46 Brigade,
1764 1967 100 36 com¬

345 2016 163 34 manded
528 2016 53 41 by
602 2015 124 42 Major
747 2015 202 42 Foreman,
973 2015 158 42 making
1152 2014 217 44 altogether
1389 2024 28 34 a
1434 2014 100 44 force
1554 2013 46 45 of
1614 2012 125 46 about
1758 2012 106 46 eight

344 2071 171 34 hundred
529 2070 164 35 effective
708 2079 95 26 men.

427 2125 88 34 "On
537 2125 170 40 arriving
728 2127 45 38 at
795 2123 116 42 Cabin
933 2123 122 42 Creek,
1071 2123 91 43 July
1183 2123 76 43 1st,
1276 2123 115 43 1863,
1407 2123 67 43 the
1493 2123 119 43 rebels
1626 2132 92 34 were
1731 2124 78 42 met
1823 2121 40 45 in

345 2179 256 35 force—under
621 2179 203 35 command
845 2179 44 35 of
906 2178 87 36 Gen.
1019 2179 155 42 Cooper.
1216 2178 112 43 Some
1349 2178 244 43 skirmishing
1613 2178 177 43 occurred
1811 2187 51 34 on

345 2235 93 34 that
452 2234 88 42 day,
556 2234 103 42 when
673 2234 33 42 it
720 2243 77 33 was
820 2233 236 43 ascertained
1079 2234 92 42 that
1191 2234 66 42 the
1270 2244 131 32 enemy
1416 2233 177 43 occupied
1607 2243 26 33 a
1647 2236 138 40 strong
1797 2243 67 33 po¬

345 2289 116 34 sition
485 2298 50 25 on
555 2288 67 35 the
640 2288 117 35 south
779 2288 104 35 bank
906 2288 44 35 of
964 2288 67 35 the
1050 2289 115 41 creek,
1182 2288 79 42 and
1275 2298 105 33 upon
1393 2288 93 43 trial
1499 2290 35 41 it
1546 2298 81 33 was
1639 2287 119 44 found
1771 2288 94 43 that

346 2344 66 33 the
426 2346 141 31 stream
582 2352 78 25 was
674 2345 71 32 not
758 2342 171 35 fordable
944 2343 59 34 for
1018 2343 181 43 infantry,
1216 2353 51 33 on
1283 2345 164 41 account
1461 2343 43 43 of
1520 2353 26 33 a
1559 2345 126 41 recent
1699 2343 162 43 shower.

346 2398 73 33 but
432 2398 32 33 it
477 2407 79 24 was
570 2397 188 41 supposed
772 2397 93 41 that
879 2398 66 40 the
960 2399 149 39 swollen
1124 2401 151 37 current
1289 2399 124 39 would
1427 2399 99 39 have
1540 2399 223 42 sufficiently
1779 2398 85 43 sub¬

347 2452 104 33 sided
465 2451 52 41 by
530 2451 66 41 the
609 2453 92 39 next
715 2452 177 42 morning
906 2455 44 39 to
966 2454 111 40 allow
1090 2454 67 40 the
1170 2454 170 41 infantry
1360 2456 45 39 to
1426 2463 117 32 cross.
1586 2454 80 41 The
1678 2455 186 41 regiment

346 2507 91 33 then
451 2505 98 35 took
564 2515 26 25 a
603 2508 137 40 strong
753 2507 168 42 position
938 2518 51 31 on
1004 2509 66 40 the
1085 2509 115 40 north
1217 2509 78 40 side
1309 2508 44 41 of
1367 2508 67 41 the
1454 2511 143 38 stream
1613 2509 78 40 and
1705 2510 159 44 camped

346 2561 62 33 for
432 2560 67 34 the
517 2560 121 41 night.
679 2560 107 41 After
805 2572 27 29 a
850 2564 263 37 consultation
1134 2564 45 37 of
1195 2565 155 40 officers,
1372 2564 34 41 it
1426 2573 79 32 was
1526 2563 138 43 agreed
1685 2564 93 42 that
1798 2566 68 40 the

347 2615 104 34 train
473 2614 136 35 should
629 2615 46 34 be
696 2616 143 42 parked
860 2617 39 41 in
919 2618 66 40 the
1006 2628 95 33 open
1123 2618 138 43 prairie
1283 2617 76 44 and
1381 2618 171 43 guarded
1572 2618 53 43 by
1645 2619 107 42 three
1764 2631 100 30 com¬

347 2669 131 43 panies
493 2669 44 43 of
550 2669 67 43 the
630 2670 78 42 2nd
723 2670 188 42 Colorado
928 2673 76 39 and
1020 2683 25 29 a
1059 2673 242 39 detachment
1315 2673 44 39 of
1375 2683 71 29 one
1459 2673 169 39 hundred
1645 2685 86 27 men
1746 2676 43 36 of
1798 2676 68 36 the

348 2724 67 34 1st
435 2725 198 41 Colorado,
664 2726 76 40 and
761 2726 92 40 that
872 2727 66 39 the
957 2727 159 39 balance
1137 2727 43 39 of
1200 2728 66 38 the
1286 2730 149 40 troops,
1458 2727 77 43 Col.
1559 2728 185 42 Williams
1764 2741 102 29 com¬

348 2780 194 41 manding,
560 2778 135 43 should
710 2790 143 33 engage
867 2781 66 42 the
946 2791 131 32 enemy
1092 2781 77 42 and
1184 2781 104 42 drive
1300 2782 78 41 him
1392 2782 98 41 from
1505 2783 60 40 his
1578 2785 183 42 position.

430 2834 290 43 "Accordingly,
749 2835 66 42 the
841 2837 92 40 next
958 2836 189 42 morning,
1175 2835 94 43 July
1295 2836 88 42 2nd,
1413 2836 116 43 1863,
1557 2839 68 40 the
1658 2840 206 39 command

349 2889 148 42 moved,
513 2889 116 42 which
651 2889 189 42 consisted
862 2889 43 42 of
919 2890 67 41 the
1006 2889 65 42 1st
1091 2889 157 42 Kansas
1269 2889 203 42 Volunteer
1492 2892 157 39 Colored
1671 2894 192 44 Infantry,

349 2944 107 34 three
476 2942 214 43 companies
712 2942 43 43 of
770 2943 65 42 the
855 2943 77 42 2nd
954 2943 188 42 Colorado
1163 2943 188 44 Infantry,
1366 2946 250 41 commanded
1636 2947 53 42 by
1703 2948 67 41 the
1782 2949 82 44 gal-
