2200 3300
847 296 107 43 The
980 296 125 43 War
1132 308 64 31 of
1224 296 144 44 1775.

1803 299 63 44 55

436 428 73 44 To
529 430 148 55 speak
696 430 54 55 of
770 431 83 54 the
871 430 249 56 gallantry
1139 430 54 56 of
1211 430 84 56 the
1320 443 147 43 negro
1488 430 197 56 soldiers
1702 432 168 54 recalls

333 495 85 43 the
452 496 301 42 recollection
789 496 54 43 of
872 509 132 30 some
1040 496 53 43 of
1121 496 124 43 their
1280 493 174 58 daring
1489 497 138 54 deeds
1672 497 55 54 at
1769 497 99 54 Red

333 561 158 55 Bank,
511 562 151 54 where
679 562 109 54 four
812 563 216 53 hundred
1055 576 107 40 men
1188 565 99 51 met
1314 563 97 53 and
1437 563 229 54 repulsed,
1687 564 124 53 after
1837 578 33 39 a

332 630 209 53 terrible,
579 630 299 55 sanguinary
931 630 227 55 struggle,
1204 629 157 56 fifteen
1404 629 214 56 hundred
1663 629 204 56 Hessian

333 698 177 54 troops
544 696 74 56 led
636 697 66 55 by
722 695 156 57 Count
897 695 186 57 Donop.

417 787 23 17 "
450 787 80 35 The
549 787 114 44 glory
684 787 44 44 of
743 786 66 45 the
832 786 144 45 defence
999 785 43 46 of
1058 784 80 47 Red
1160 784 122 47 Bank,
1299 785 118 46 which
1432 785 72 46 has
1517 785 94 46 been
1624 786 245 45 pronounced

334 850 74 26 one
429 843 45 34 of
488 843 68 34 the
576 845 108 32 most
703 842 126 35 heroic
852 841 151 36 actions
1027 840 42 37 of
1085 840 66 37 the
1171 851 90 32 war,
1286 840 158 43 belongs
1465 841 40 42 in
1525 841 138 42 reality
1684 843 45 40 to
1756 840 113 43 black

333 908 106 34 men;
454 900 68 42 yet
536 899 84 43 who
635 909 87 33 now
736 898 112 44 hears
863 898 106 44 them
984 897 145 45 spoken
1145 896 43 46 of
1203 896 40 46 in
1265 896 225 46 connection
1511 896 92 46 with
1617 896 58 46 it?
1716 896 155 46 Among

333 953 69 35 the
414 954 121 35 traits
548 954 120 35 which
682 954 279 43 distinguished
976 953 66 44 the
1064 952 112 45 black
1198 951 186 46 regiment
1406 962 78 35 was
1507 952 183 45 devotion
1703 954 45 43 to
1770 952 101 45 their

335 1010 157 35 officers.
534 1010 48 35 In
594 1011 69 34 the
677 1011 139 34 attack
831 1011 112 34 made
958 1020 105 33 upon
1077 1009 68 44 the
1158 1008 200 45 American
1373 1008 103 45 lines,
1493 1019 92 34 near
1598 1007 145 46 Croton
1757 1008 111 45 river,

336 1075 52 24 on
401 1066 67 34 the
483 1065 98 35 13th
603 1066 44 34 of
662 1066 103 43 May,
783 1066 115 43 1781,
923 1065 75 44 Col.
1021 1065 147 44 Greene,
1186 1065 66 44 the
1274 1064 245 45 commander
1534 1064 44 45 of
1593 1064 65 45 the
1671 1064 197 45 regiment,

334 1130 81 25 was
429 1123 67 33 cut
511 1122 111 34 down
638 1122 78 34 and
731 1122 185 41 mortally
931 1121 203 43 wounded;
1150 1121 74 43 but
1244 1121 67 43 the
1333 1120 131 44 sabres
1487 1119 44 45 of
1545 1119 66 45 the
1625 1129 131 35 enemy
1778 1119 91 45 only

334 1177 162 34 reached
523 1177 80 34 him
630 1177 173 42 through
832 1177 67 42 the
925 1177 132 42 bodies
1081 1176 43 43 of
1139 1176 59 43 his
1219 1176 153 43 faithful
1400 1175 142 44 blacks,
1572 1174 84 45 who
1683 1173 186 46 gathered

336 1233 154 33 around
504 1232 78 34 him
597 1234 45 33 to
658 1234 154 40 protect
825 1232 90 42 him,
933 1231 81 43 and
1027 1241 114 33 every
1155 1241 71 33 one
1241 1230 48 44 of
1301 1230 121 44 whom
1441 1240 77 34 was
1530 1228 150 46 killed."

438 1309 116 43 Now
570 1310 84 42 the
663 1323 148 42 negro
830 1310 158 55 began
997 1312 56 53 to
1063 1309 117 56 take
1188 1309 83 56 the
1281 1308 120 57 field;
1413 1310 90 55 not
1514 1307 236 58 scattered
1760 1306 111 59 here

338 1376 98 44 and
462 1377 134 43 there
621 1376 308 55 throughout
955 1376 83 55 the
1066 1388 151 43 army,
1238 1374 150 57 filling
1412 1386 65 45 up
1503 1373 83 58 the
1620 1372 247 59 shattered

337 1443 150 46 ranks
507 1443 54 46 of
580 1442 142 47 white
739 1442 271 55 regiments,
1031 1442 90 55 but
1147 1441 49 56 in
1224 1440 360 57 organizations
1612 1439 254 58 composed

339 1509 201 54 entirely
568 1508 54 55 of
650 1521 107 42 men
786 1507 53 56 of
858 1507 125 56 their
1010 1520 106 43 own
1141 1519 120 44 race,
1293 1506 224 57 officered,
1545 1505 227 58 however,
1802 1505 66 58 by

339 1575 144 41 white
510 1575 194 51 officers,
734 1587 108 39 men
869 1573 53 53 of
941 1573 117 55 high
1085 1572 146 56 social
1259 1572 95 56 and
1382 1571 212 57 military
1621 1571 247 57 character

343 1641 97 42 and
485 1641 244 54 standing.
784 1639 98 56 The
926 1652 179 43 success
1150 1638 53 57 of
1230 1638 83 57 the
1355 1650 213 45 measure
1610 1636 48 59 in
1701 1635 167 60 Rhode

342 1705 179 54 Island,
543 1705 305 54 emboldened
865 1705 84 54 the
966 1704 139 55 effort
1131 1703 49 56 in
1205 1702 391 57 Massachusetts,
1618 1702 148 57 where
1783 1703 84 56 the

344 1773 264 41 advocates
620 1771 53 43 of
685 1773 222 52 separate
924 1783 146 42 negro
1083 1769 360 56 organizations
1461 1769 97 56 had
1577 1769 114 56 been
1708 1768 158 57 labor

342 1837 86 55 ing
469 1837 242 55 zealously
752 1836 75 56 for
859 1836 65 56 its
968 1835 434 57 accomplishment.
1472 1833 186 59 Officers
1694 1834 54 58 of
1783 1834 85 58 the

344 1916 141 41 army
502 1903 49 54 in
576 1903 83 54 the
684 1902 122 55 field,
834 1902 249 55 expressed
1106 1901 124 56 their
1256 1901 147 56 desire
1436 1902 55 55 to
1527 1901 57 56 be
1619 1899 162 58 placed
1816 1900 49 57 in

343 1968 257 44 command
620 1968 53 44 of
692 1980 148 43 negro
858 1969 185 54 troops,
1056 1967 49 56 in
1124 1969 222 54 separate
1364 1966 96 57 and
1479 1963 196 60 distinct
1694 1978 171 45 organ

343 2035 221 42 izations.
619 2034 157 54 Every
794 2033 150 55 effort,
966 2033 227 55 however,
1214 2045 64 43 up
1304 2035 56 53 to
1378 2032 98 58 tfyis
1493 2032 116 58 time
1626 2034 55 56 to
1700 2032 166 58 induce

342 2100 382 43 Massachusetts
749 2102 57 41 to
835 2101 195 42 consent
1055 2101 56 42 to
1138 2099 82 44 the
1254 2098 303 55 proposition
1583 2098 98 55 had
1707 2097 156 56 failed.

342 2167 167 43 Rhode
526 2166 163 44 Island
709 2166 139 44 alone
875 2168 104 42 sent
1004 2166 83 44 her
1112 2178 146 42 negro
1285 2164 255 56 regiments
1565 2166 56 54 to
1639 2164 84 56 the
1740 2164 121 56 field,

342 2234 159 42 whose
526 2233 247 56 gallantry
800 2232 171 57 during
995 2232 83 57 the
1103 2244 98 45 war
1226 2243 132 46 more
1374 2230 124 59 than
1515 2232 98 57 met
1631 2230 83 59 the
1734 2232 129 57 most

344 2300 231 56 sanguine
601 2298 328 58 expectations
948 2297 52 59 of
1020 2297 124 59 their
1169 2298 222 58 warmest
1417 2296 186 60 friends,
1627 2296 95 60 and
1749 2296 116 60 fully

342 2367 196 42 merited
557 2366 83 43 the
656 2367 132 42 trust
807 2364 96 45 and
922 2364 263 45 confidence
1204 2363 53 46 of
1267 2363 84 46 the
1370 2360 137 49 State
1527 2362 97 47 and
1643 2364 217 52 country.

341 2432 66 44 As
433 2433 83 43 the
542 2431 214 56 struggle
781 2430 268 57 proceeded,
1078 2429 404 58 re-enforcements
1500 2441 116 46 were
1633 2441 131 46 more
1781 2428 83 59 fre

343 2499 197 55 quently
557 2499 49 55 in
625 2497 226 57 demand;
872 2497 89 57 but
978 2495 197 59 recruits
1192 2507 117 47 were
1328 2507 167 47 scarce,
1518 2494 96 60 and
1631 2494 83 60 the
1733 2507 131 47 ques

340 2566 108 42 tion
484 2565 53 43 of
567 2565 189 54 arming
789 2575 199 44 negroes
1014 2562 189 57 became
1230 2560 145 59 again
1401 2559 276 60 prominent
1698 2560 49 59 in
1780 2560 85 59 the

342 2631 205 44 colonies
567 2630 96 45 and
680 2630 83 45 the
782 2642 152 41 army.

441 2697 57 42 In
531 2697 145 55 April,
715 2696 145 56 1778,
881 2695 213 57 Thomas
1128 2691 177 61 Kench,
1342 2692 114 60 then
1490 2692 191 60 serving
1712 2691 50 61 in
1796 2705 66 47 an

342 2764 215 54 artillery
573 2763 245 56 regiment,
841 2759 252 60 addressed
1119 2758 164 61 letters
1308 2760 56 59 to
1382 2758 83 61 the
1481 2758 381 61 Massachusetts

341 2830 298 56 Legislature
656 2829 174 57 urging
845 2828 85 58 the
947 2826 270 60 enlistment
1237 2824 51 62 of
1309 2838 209 48 negroes.
1572 2823 74 63 He
1661 2826 171 60 wrote:

423 2907 64 35 "A
514 2907 305 35 re-enforcement
845 2915 72 27 can
939 2903 151 43 quickly
1116 2902 47 44 be
1181 2902 125 44 raised
1328 2902 43 44 of
1385 2904 78 42 two
1492 2912 45 34 or
1556 2901 106 45 three
1688 2900 173 46 hundred

340 2975 98 25 men.
481 2963 86 37 Will
579 2973 100 32 your
699 2961 145 44 honors
865 2961 119 44 grant
1003 2958 67 47 the
1089 2958 148 47 liberty,
1255 2957 77 48 and
1351 2957 87 48 give
1450 2967 60 38 me
1522 2957 66 48 the
1602 2956 203 49 command
1820 2956 45 49 of
