2200 3300
341 317 100 43 430

641 315 222 43 History
890 327 63 31 of
979 327 96 31 the
1101 315 164 43 Black
1287 313 255 45 Phalanx.

344 450 117 45 right,
478 460 106 35 some
595 449 299 46 three-quarters
915 447 44 48 of
974 458 26 37 a
1018 447 97 48 mile,
1136 446 85 49 into
1244 456 52 39 an
1316 455 97 40 open
1433 440 191 55 cornfield,
1641 436 90 59 and,
1747 435 102 60 after

345 506 154 43 halting
513 516 27 33 a
553 505 66 44 few
634 505 202 44 moments,
852 501 139 48 turned
1012 501 110 48 down
1144 511 26 38 a
1189 500 99 49 road
1308 497 172 52 through
1493 497 68 52 the
1575 492 132 57 woods
1721 493 45 56 to
1780 490 68 59 the

344 560 69 35 left
433 560 91 35 with
545 559 89 36 Gen.
650 558 97 37 "Wm.
770 557 148 42 Birney,
933 556 85 43 who
1041 554 156 45 ordered
1218 554 75 45 Col.
1317 553 109 46 Shaw
1448 554 45 45 to
1514 550 126 49 throw
1662 548 73 51 out
1755 545 94 54 skir¬

346 616 158 34 mishers
526 613 78 37 and
625 614 172 36 advance
818 612 91 38 with
930 610 59 40 his
1009 609 158 43 brigade
1187 609 110 43 down
1318 619 26 33 a
1362 606 99 46 road
1481 603 121 49 which
1623 603 47 49 he
1690 600 159 52 pointed

348 673 82 41 out,
446 670 79 44 find
538 669 67 45 the
618 679 131 35 enemy
764 667 77 47 and
856 665 139 49 attack
1008 664 234 50 vigorously,
1260 663 77 51 and
1349 663 93 51 then
1455 661 94 53 rode
1570 667 124 47 away.
1737 655 112 59 Find¬

347 727 67 42 ing
433 726 66 43 the
519 724 99 45 road
639 723 160 46 turning
819 725 44 44 to
886 721 67 48 the
972 720 78 49 left,
1075 719 75 50 Col.
1174 718 111 51 Shaw
1306 721 84 48 sent
1411 717 105 52 word
1537 718 46 51 to
1606 714 90 55 Gen.
1710 713 136 56 Birney

347 781 93 34 that
460 781 66 34 the
549 778 222 44 designated
791 777 99 45 road
911 775 124 47 would
1056 775 192 47 probably
1261 775 113 47 bring
1392 775 79 47 him
1492 773 100 49 back
1614 783 50 39 on
1679 783 72 39 our
1765 783 84 39 own

348 836 84 34 line.
476 835 79 35 The
575 833 111 37 order
706 843 106 27 came
831 832 100 38 back
950 831 99 39 from
1071 830 88 40 Gen.
1178 830 137 41 Birney
1336 832 45 39 to
1402 840 52 32 go
1476 829 134 43 ahead.
1653 829 78 43 The
1750 828 98 44 road

350 890 77 35 still
443 890 159 41 bearing
614 891 46 40 to
674 888 67 43 the
752 887 78 44 left,
846 885 106 46 word
973 896 78 35 was
1074 885 117 46 again
1212 887 85 44 sent
1317 885 93 46 that
1430 894 53 37 we
1497 883 136 48 should
1648 884 117 47 strike
1778 894 72 37 our

352 956 84 23 own
447 944 75 35 line
534 943 33 36 if
583 954 52 25 we
654 941 205 38 continued
877 943 47 36 to
947 940 170 39 advance
1136 940 41 39 in
1195 940 68 39 the
1276 939 184 40 direction
1474 949 53 30 we
1541 949 91 30 were
1645 939 129 43 going.
1814 938 34 44 A

352 999 136 36 second
509 999 94 36 time
622 998 68 37 the
710 1007 145 28 answer
874 1007 106 28 came
999 998 46 37 to
1066 1006 112 29 move
1200 1006 61 29 on.
1304 994 34 41 A
1357 993 104 42 third
1484 1004 209 33 messenger
1705 993 147 44 having

351 1055 173 42 brought
536 1054 99 43 from
657 1052 88 45 Gen.
762 1052 139 45 Birney
915 1052 66 45 the
995 1060 105 37 same
1118 1051 117 46 reply,
1252 1049 75 48 Col.
1344 1049 111 48 Shaw
1470 1049 150 48 decided
1633 1052 45 45 to
1694 1049 155 48 disobey

352 1110 67 35 the
440 1107 111 38 order
572 1109 77 36 and
669 1109 74 36 call
761 1108 40 37 in
821 1108 67 37 the
915 1107 246 38 skirmishers.
1205 1105 132 40 Before
1364 1105 33 40 it
1417 1105 111 40 could
1548 1105 47 40 be
1622 1106 97 39 done
1739 1104 114 44 firing

353 1166 237 33 commenced
613 1164 77 35 and
710 1163 204 36 continued
934 1162 144 42 briskly
1099 1162 60 42 for
1180 1161 144 43 several
1345 1160 174 44 minutes,
1535 1161 125 43 before
1680 1160 66 44 the
1767 1169 84 35 men

353 1220 219 42 recognized
592 1220 91 42 each
706 1219 120 43 other,
850 1218 77 44 and
955 1218 32 44 it
1007 1227 78 35 was
1108 1216 215 46 discovered
1345 1216 91 46 that
1457 1225 53 37 we
1530 1215 77 47 had
1628 1215 91 47 been
1739 1215 114 47 firing

354 1275 86 34 into
468 1286 73 23 our
561 1285 85 24 own
673 1273 145 36 Second
844 1270 280 45 Brigade—Col.
1149 1270 193 45 Osborn's.
1386 1270 91 45 This
1496 1270 72 45 sad
1589 1270 121 45 affair,
1734 1269 116 46 which

356 1330 125 34 would
494 1332 74 32 not
580 1330 100 34 have
700 1328 176 36 occurred
890 1327 78 37 had
983 1326 64 38 Col
1075 1325 144 39 Shaw's
1240 1325 157 39 caution
1418 1325 91 39 been
1523 1324 147 42 heeded,
1687 1324 164 42 resulted

355 1385 41 34 in
416 1385 67 34 the
501 1385 132 41 killing
661 1383 43 43 of
725 1384 66 42 the
816 1383 212 43 lieutenant
1054 1380 270 46 commanding
1351 1379 66 47 the
1444 1379 211 47 picket-line
1682 1379 76 47 and
1785 1379 67 47 the

356 1440 206 41 wounding
583 1439 42 42 of
649 1449 116 32 many
786 1448 85 33 men
893 1447 49 34 on
963 1436 98 45 both
1082 1435 108 46 sides.
1234 1435 105 46 After
1359 1435 78 46 this
1457 1434 118 47 fiasco
1602 1434 65 47 the
1694 1433 160 48 brigade

357 1495 139 34 moved
511 1496 71 33 out
595 1494 86 35 into
695 1493 67 36 the
774 1492 188 41 cornfield,
979 1491 118 42 where
1110 1491 33 42 it
1156 1490 78 43 had
1248 1489 130 44 halted
1392 1489 131 44 earlier
1536 1489 38 44 in
1589 1489 65 44 the
1669 1488 88 45 day,
1774 1487 77 46 and

357 1549 238 35 bivouacked
609 1549 59 35 for
682 1548 66 36 the
761 1547 123 42 night.
927 1546 78 43 The
1018 1546 184 43 regiment
1215 1545 76 44 had
1308 1545 91 44 been
1420 1554 104 35 more
1545 1554 44 35 or
1602 1544 72 45 less
1688 1543 164 46 exposed

359 1605 52 34 all
426 1605 77 41 day
516 1606 45 40 to
577 1603 180 43 shell-fire,
774 1602 72 44 but
866 1602 79 44 lost
965 1601 97 45 from
1083 1600 33 46 it
1137 1600 90 46 only
1241 1600 85 46 four
1347 1609 45 37 or
1412 1600 72 46 five
1505 1609 83 37 men
1603 1598 193 48 wounded,
1811 1598 42 48 in

359 1660 178 34 addition
557 1661 45 33 to
624 1658 66 36 the
710 1659 65 35 ten
797 1667 44 27 or
861 1656 132 38 twelve
1013 1665 85 29 men
1118 1655 183 39 wounded
1321 1654 40 40 in
1387 1654 66 40 the
1480 1653 175 41 skirmish
1677 1653 89 41 with
1788 1652 67 42 Os¬

358 1714 132 35 born's
505 1713 168 43 brigade.

441 1768 148 41 "Early
611 1778 51 31 on
682 1767 65 42 the
768 1765 177 44 morning
965 1765 43 44 of
1031 1765 65 44 the
1124 1764 107 45 16th,
1254 1764 66 45 the
1347 1764 185 45 regiment
1552 1763 175 46 marched
1753 1763 99 46 back

358 1826 46 33 to
424 1824 54 35 its
498 1822 217 43 knapsacks
736 1821 77 44 and
840 1820 130 45 halted
998 1819 59 46 for
1086 1819 205 46 breakfast.
1335 1819 131 46 About
1487 1818 51 47 10
1560 1818 142 47 o'clock
1722 1819 33 46 it
1775 1828 81 37 was

360 1878 157 35 ordered
539 1880 71 33 out
630 1879 45 34 to
697 1878 163 40 support
880 1877 77 41 two
979 1874 194 44 batteries,
1192 1874 75 44 and
1283 1873 189 45 remained
1488 1883 49 35 on
1552 1874 78 44 this
1646 1874 95 44 duty
1755 1872 101 46 until

360 1934 24 33 3
399 1943 37 24 p.
452 1943 56 32 m.,
524 1932 192 46 changing
729 1930 170 48 position
915 1929 220 49 frequently.
1165 1928 45 50 In
1224 1928 66 50 the
1305 1929 202 49 meantime
1521 1927 88 51 Gen.
1626 1929 127 49 Terry,
1762 1927 91 51 with

358 1988 68 34 the
439 1987 105 35 First
557 1987 172 35 Division
743 1985 44 37 of
809 1985 66 37 the
896 1984 123 38 Tenth
1040 1983 128 43 Corps,
1184 1983 78 43 had
1282 1983 164 43 charged
1467 1983 67 43 the
1552 1983 99 43 rebel
1663 1983 83 43 line,
1762 1993 96 33 near

360 2042 164 34 Fuzzel's
552 2042 108 41 mills,
685 2040 77 43 and
789 2039 184 44 captured
999 2038 44 45 it,
1065 2038 177 45 together
1263 2038 90 45 with
1374 2037 105 46 three
1501 2038 124 45 colors
1646 2038 78 45 and
1751 2048 107 35 some

359 2098 106 33 three
485 2096 171 35 hundred
675 2095 203 43 prisoners.
922 2093 78 45 But
1027 2093 66 45 the
1118 2103 132 35 enemy
1277 2093 142 45 rallied,
1443 2092 77 46 and
1548 2093 90 45 with
1664 2094 195 44 reinforce¬

360 2154 136 39 ments,
526 2162 98 31 soon
658 2149 203 44 compelled
897 2148 87 45 Gen.
1014 2148 117 45 Terry
1158 2149 45 44 to
1237 2147 201 46 relinquish
1467 2149 66 44 the
1559 2150 184 43 captured
1770 2150 83 43 line.

360 2207 132 33 About
507 2206 97 34 dark
619 2204 88 36 Gen.
724 2204 95 36 Wm.
837 2204 136 41 Birney
987 2213 105 32 came
1113 2213 61 32 up,
1192 2202 77 43 and
1290 2203 139 43 taking
1449 2204 66 42 the
1534 2204 66 42 left
1620 2206 99 43 wing
1733 2206 44 43 of
1791 2206 68 43 the

362 2260 268 34 Seventh—the
643 2260 105 42 right
762 2259 108 43 wing,
889 2258 117 44 under
1020 2257 75 45 Col.
1113 2257 120 45 Shaw,
1245 2268 77 34 was
1336 2258 39 44 in
1390 2262 165 40 support
1569 2261 43 41 of
1622 2272 25 30 a
1659 2261 202 43 battery—

362 2315 77 34 and
454 2317 76 32 two
545 2314 217 42 companies
777 2314 43 42 of
829 2314 65 42 the
908 2313 130 43 Ninth,
1054 2313 131 43 placed
1200 2312 104 44 them
1319 2314 118 42 under
1450 2316 204 40 command
1669 2317 43 39 of
1720 2316 141 40 Lieut.-

362 2369 76 34 Col.
461 2369 166 40 Haskell,
652 2369 77 40 and
758 2367 155 42 ordered
941 2368 79 41 him
1048 2368 90 41 with
1166 2368 78 41 this
1272 2369 158 40 handful
1451 2370 44 39 of
1516 2381 85 28 men
1628 2375 45 34 to
1694 2372 91 37 take
1806 2382 53 27 an

361 2424 217 34 earthwork
592 2423 39 35 in
644 2423 59 35 his
716 2423 106 35 front
837 2423 117 35 which
970 2434 25 24 a
1010 2423 162 35 division
1189 2434 24 24 a
1228 2424 111 34 short
1352 2425 92 34 time
1458 2425 124 35 before
1597 2426 76 34 had
1687 2426 110 34 failed
1811 2428 50 32 ta

361 2488 123 31 carry.
520 2477 78 42 The
611 2477 132 42 timely
758 2478 143 41 arrival
917 2479 43 40 of
970 2477 87 42 Gen.
1076 2479 116 41 Terry
1207 2482 72 39 put
1294 2490 50 31 an
1358 2480 72 41 end
1445 2482 44 39 to
1504 2481 78 40 this
1596 2481 91 40 mad
1701 2481 155 40 scheme.

362 2533 79 33 The
454 2533 183 41 regiment
650 2533 80 41 lost
745 2533 137 42 during
895 2534 66 41 the
977 2534 76 41 day
1068 2534 105 42 eight
1188 2545 44 31 or
1246 2537 63 39 ten
1326 2545 84 31 men
1425 2536 194 40 wounded.

444 2587 109 32 "The
566 2587 152 41 general
738 2588 138 40 results
898 2589 44 39 of
956 2589 66 39 the
1043 2588 111 41 day's
1168 2589 164 42 fighting
1346 2589 78 42 had
1438 2589 89 42 been
1544 2590 312 42 unsatisfactory,

362 2642 60 33 for
435 2644 72 31 not
522 2643 90 39 only
626 2641 78 41 had
720 2641 150 42 Terry's
886 2643 135 40 attack
1043 2643 111 40 failed
1175 2643 38 40 in
1234 2643 52 40 its
1308 2643 134 43 object,
1458 2643 73 43 but
1544 2645 66 41 the
1624 2645 170 41 advance
1808 2655 50 31 on

361 2697 68 34 the
447 2696 117 42 right,
587 2696 119 42 along
726 2696 67 42 the
820 2696 151 42 Charles
998 2697 85 42 City
1104 2697 108 42 road,
1235 2698 51 41 by
1306 2698 67 41 the
1398 2700 138 40 troops
1558 2699 45 41 of
1621 2700 67 40 the
1714 2699 145 41 Second

364 2751 117 42 Corps
497 2750 77 43 and
588 2749 157 44 Gregg's
760 2751 157 42 cavalry
933 2751 173 42 division,
1123 2751 75 42 had
1215 2752 90 41 been
1320 2752 149 41 equally
1484 2753 261 40 unsuccessful.
1781 2754 78 39 The

362 2806 101 34 rebel
478 2805 156 35 General
648 2804 210 36 Chambliss
873 2816 77 24 was
967 2816 143 31 among
1123 2806 66 41 the
1202 2806 122 41 killed.

434 2860 162 33 "About
610 2860 97 33 2:30
722 2868 36 25 a.
775 2869 42 24 m.
835 2859 43 34 of
886 2860 65 33 the
966 2859 108 42 17th,
1083 2860 66 41 the
1162 2860 65 41 left
1242 2860 98 41 wing
1354 2859 41 42 of
1405 2860 65 41 the
1484 2861 185 41 regiment
1682 2873 77 29 was
1774 2865 86 37 sent

365 2914 99 35 back
478 2917 45 32 to
539 2925 25 24 a
577 2915 72 34 line
664 2914 43 35 of
722 2914 170 41 rifle-pits
912 2914 92 41 that
1024 2914 78 41 had
1122 2914 91 41 been
1234 2914 149 41 thrown
1405 2923 51 33 up
1471 2925 105 31 some
1589 2918 78 38 two
1688 2918 171 38 hundred

365 2970 120 42 yards
498 2971 45 41 to
557 2969 66 43 the
635 2978 96 34 rear,
751 2968 115 44 where
879 2968 33 44 it
933 2977 78 35 was
1026 2967 130 45 joined
1169 2967 52 45 by
1234 2968 66 44 the
1312 2968 106 44 right
1431 2968 99 44 wing
1542 2969 40 43 in
1595 2970 67 42 the
1683 2972 178 45 morning
