2200 3300
343 306 97 43 452

642 307 222 44 History
890 321 64 30 of
981 321 96 31 the
1103 310 164 42 Black
1293 309 253 43 Phalanx.

346 438 147 44 From
517 439 84 43 the
619 440 155 54 signal
799 443 148 51 tower
973 441 162 55 bright
1161 441 147 55 lights
1334 452 116 44 were
1478 429 290 67 discernable
1795 429 56 67 at

346 506 276 42 Richmond.
661 506 97 42 The
776 507 100 54 city
892 508 235 53 appeared
1145 509 56 52 to
1221 507 56 54 be
1295 519 64 42 on
1376 505 106 56 fire;
1504 515 32 46 a
1553 496 301 65 confederate

346 573 156 54 picket
527 585 98 42 was
652 573 242 54 captured,
932 573 89 54 but
1046 573 58 54 he
1128 572 131 55 knew
1284 570 231 57 nothing;
1543 566 59 61 he
1635 562 99 65 had
1761 563 91 64 got

349 641 170 51 astray
543 638 125 54 from
692 638 74 54 his
793 639 245 53 comrades
1074 638 95 54 and
1205 635 271 57 command.
1576 630 43 62 A
1645 629 209 63 deserter

348 717 131 29 came
511 705 50 41 in
578 704 114 42 with
709 701 288 58 intelligence
1024 703 114 56 that
1160 703 85 56 the
1270 703 97 56 city
1393 712 101 47 was
1520 696 143 63 being
1687 707 166 52 evacu¬

350 771 126 51 ated,
498 770 95 52 and
611 770 105 52 half
729 783 63 39 an
809 770 124 52 hour
949 770 124 52 later
1091 783 32 39 a
1139 782 146 42 negro
1305 768 149 56 drove
1470 765 107 59 into
1597 774 139 50 camp
1756 761 97 63 and

348 849 124 42 gave
496 835 313 56 information
826 836 115 55 that
958 836 83 55 the
1058 848 164 43 enemy
1238 845 99 46 was
1355 833 163 58 flying.

447 901 100 43 The
572 902 188 54 ground
787 901 49 55 in
869 902 132 54 front
1026 914 98 42 was
1149 900 181 56 thickly
1349 900 73 56 set
1439 896 114 60 wTith
1581 894 269 62 torpedoes,

351 968 95 42 and
465 969 82 41 the
564 970 173 51 troops
755 967 146 54 dared
919 969 90 52 not
1026 980 158 41 move.
1266 966 107 55 Day
1391 976 133 45 came
1541 962 98 59 and
1666 960 186 61 Colonel

350 1033 222 56 Draper's
598 1034 140 55 black
763 1032 198 57 brigade
988 1032 53 57 of
1058 1033 83 56 the
1167 1032 121 57 25th
1308 1030 148 59 Corps
1483 1030 124 59 went
1632 1026 218 63 forward.

350 1100 99 42 The
467 1100 122 42 road
607 1112 98 30 was
722 1099 239 43 lumbered
980 1098 113 44 with
1113 1097 64 45 all
1194 1108 198 34 manner
1411 1095 96 47 and
1526 1096 106 46 sort
1652 1093 53 49 of
1716 1094 137 48 milit¬

352 1179 89 42 ary
459 1179 115 42 gear
592 1165 97 56 and
708 1164 262 57 munitions
998 1164 53 57 of
1062 1176 111 45 war.
1228 1162 215 59 Keeping
1461 1161 123 60 clear
1602 1159 53 62 of
1674 1160 82 61 the
1773 1160 78 61 red

350 1233 123 54 flags
492 1232 147 55 which
657 1230 197 57 marked
872 1230 83 57 the
971 1229 269 58 torpedoes,
1261 1228 83 59 the
1360 1230 173 57 troops
1560 1226 178 61 pushed
1766 1239 83 48 on;

350 1299 116 54 they
501 1311 122 42 soon
657 1296 198 57 reached
881 1296 83 57 the
990 1295 204 58 defences
1221 1293 53 60 of
1293 1293 85 60 the
1403 1293 97 60 city
1517 1295 57 58 to
1599 1293 95 60 find
1723 1293 129 60 them

352 1364 318 51 untenanted;
699 1363 83 52 the
807 1374 146 44 negro
981 1360 97 58 had
1104 1360 106 58 told
1236 1357 84 61 the
1344 1359 140 59 truth
1511 1359 95 59 and
1632 1359 82 59 the
1733 1358 121 60 Pha¬

351 1432 117 41 lanx
494 1430 196 54 brigade
714 1428 191 56 entered
931 1427 83 57 the
1039 1426 98 58 city
1162 1426 247 58 welcomed
1419 1425 64 59 by
1513 1425 266 59 thousands
1806 1424 53 60 of

352 1497 165 55 happy
534 1495 244 57 kinsfolks.
831 1494 198 58 Badeau
1048 1505 135 47 says:

434 1574 23 18 "
467 1574 77 33 The
559 1583 71 24 sun
644 1583 78 24 was
737 1583 50 24 an
809 1572 99 35 hour
929 1580 62 34 up,
1009 1571 105 43 when
1136 1569 184 45 suddenly
1340 1568 106 46 there
1466 1578 86 36 rose
1572 1568 39 46 in
1631 1568 66 46 the
1717 1570 136 44 streets

353 1630 67 34 thfe
433 1636 65 34 cry
513 1628 43 42 of
574 1628 206 42 'Yankees!
803 1625 203 45 Yankees!'
1030 1625 77 45 and
1122 1625 66 45 the
1202 1634 104 36 mass
1322 1623 43 47 of
1381 1623 217 47 plunderers
1613 1623 77 47 and
1704 1623 147 47 rioters,

354 1684 162 42 cursing,
534 1682 220 44 screaming,
778 1681 212 45 trampling
1005 1690 50 36 on
1069 1679 92 47 each
1177 1679 121 47 other,
1316 1677 170 49 alarmed
1507 1678 51 48 by
1573 1688 51 38 an
1637 1688 131 38 enemy
1782 1680 71 46 not

354 1741 66 40 yet
434 1739 39 42 in
489 1738 114 43 sight,
619 1738 132 43 inadly
766 1739 132 42 strove
911 1738 44 43 to
970 1735 185 46 extricate
1169 1734 224 47 themselves
1409 1731 77 50 and
1500 1733 112 48 make
1626 1744 50 37 an
1690 1734 163 47 opening

354 1794 61 34 for
435 1794 66 34 the
521 1795 148 40 troops.
714 1791 104 44 Soon
839 1791 125 44 about
990 1790 104 45 forty
1116 1800 85 35 men
1223 1789 43 46 of
1288 1789 66 46 the
1375 1788 149 47 Fourth
1552 1789 299 46 Massachusetts

354 1848 165 42 Cavalry
526 1848 93 42 rode
630 1847 86 43 into
730 1847 67 43 the
810 1846 135 44 crowd,
957 1845 88 45 and,
1055 1845 173 45 trotting
1242 1844 171 46 straight
1425 1846 45 44 to
1484 1844 68 46 the
1565 1845 125 45 public
1704 1855 144 35 square,

354 1903 158 44 planted
532 1902 98 45 their
644 1902 163 45 guidons
823 1911 50 36 on
887 1901 67 46 the
968 1900 160 47 Capitol.
1172 1900 232 47 Lieutenant
1423 1899 54 48 De
1497 1899 167 48 Peyster,
1682 1900 43 47 of
1742 1900 109 47 Weit-

357 1958 85 34 zel's
458 1958 101 41 staff,
577 1967 26 32 a
616 1957 85 42 New
715 1956 144 43 Yorker
873 1956 170 43 eighteen
1057 1965 112 34 years
1185 1955 43 44 of
1244 1965 81 34 age,
1342 1966 79 33 was
1435 1955 65 44 the
1514 1956 85 43 first
1612 1959 45 40 to
1671 1956 98 43 raise
1788 1957 66 42 the

355 2013 178 35 national
555 2012 136 42 colors,
708 2011 78 43 and
806 2011 102 43 then,
924 2010 39 44 in
983 2011 67 43 the
1064 2010 179 44 morning
1261 2011 101 43 light
1382 2011 43 43 of
1441 2012 66 42 the
1528 2012 50 42 3d
1600 2012 43 42 of
1657 2012 115 44 April,
1788 2012 66 44 the

355 2069 80 41 flag
450 2068 42 42 of
507 2068 66 42 the
586 2067 139 43 United
740 2066 130 44 States
885 2075 92 35 once
991 2076 105 34 more
1109 2066 145 44 floated
1270 2077 91 33 over
1374 2066 221 44 Eichmond.

438 2123 21 17 "
469 2123 78 33 The
560 2121 204 35 command
779 2120 43 36 of
839 2120 150 36 Weitzel
1004 2120 238 36 followed—a
1254 2120 95 44 long
1361 2122 86 42 blue
1460 2122 203 42 line—with
1678 2123 174 43 gun-bar¬

355 2178 73 34 rels
442 2177 201 43 gleaming,
661 2176 77 44 and
759 2176 124 44 bands
904 2175 159 45 playing
1085 2175 110 45 'Hail
1210 2175 215 45 Columbia'
1448 2178 78 42 and
1550 2175 121 45 'John
1686 2178 168 42 Brown's

356 2232 92 35 Soul
470 2231 98 36 Goes
587 2231 200 41 Marching
807 2229 103 43 On.'.
932 2230 79 42 One
1023 2231 187 41 regiment
1229 2241 79 31 was
1328 2231 145 41 black.*
1514 2232 80 40 The
1606 2233 247 43 magistrates

355 2287 178 41 formally
549 2285 242 43 surrendered
805 2285 66 43 the
885 2285 78 43 city
977 2287 45 41 to
1037 2285 151 43 Weitzel
1203 2286 45 42 at
1261 2285 66 43 the
1342 2284 161 44 Capitol,
1519 2287 118 41 which
1654 2289 135 39 stands
1804 2299 49 29 on

357 2353 26 24 a
402 2342 65 35 hill
487 2341 40 36 in
546 2341 67 36 the
633 2342 124 35 centre
779 2339 43 38 of
838 2340 66 37 the
924 2342 115 39 town,
1064 2339 77 42 and
1163 2339 202 42 overlooks
1387 2340 66 41 the
1473 2342 119 39 whole
1612 2346 164 39 country
1796 2343 59 42 for

356 2397 116 33 miles.
515 2396 78 34 The
606 2395 177 35 national
805 2394 244 36 commander
1064 2396 45 34 at
1124 2403 91 27 once
1229 2395 58 35 set
1301 2393 125 37 about
1445 2397 194 43 restoring
1654 2398 110 42 order
1778 2398 76 42 and

355 2450 284 43 extinguishing
671 2450 67 43 the
771 2449 143 44 flames.
958 2448 150 45 Guards
1135 2457 92 36 were
1253 2447 241 46 established,
1524 2450 227 46 plundering
1777 2463 78 33 was

356 2505 174 43 stopped,
553 2505 66 43 the
632 2514 158 34 negroes
805 2513 92 35 were
912 2502 202 46 organized
1135 2501 84 47 into
1235 2511 25 37 a
1273 2501 65 47 fire
1352 2510 122 38 corps,
1492 2504 78 44 and
1591 2505 52 43 by
1658 2507 112 43 night
1790 2508 65 42 the

354 2561 101 33 force
470 2559 41 35 of
527 2559 66 35 the
613 2558 284 42 conflagration
912 2566 78 34 was
1011 2555 179 45 subdued,
1214 2555 65 45 the
1292 2555 146 45 rioting
1451 2566 79 34 was
1545 2561 46 39 at
1612 2570 50 30 an
1677 2563 84 42 end,
1778 2563 76 42 and

355 2616 67 33 the
441 2613 209 43 conquered
672 2614 78 42 city
772 2622 78 34 was
871 2610 151 46 rescued
1042 2610 52 46 by
1114 2609 66 47 the
1200 2609 130 47 efforts
1352 2609 44 47 of
1416 2609 53 47 its
1490 2615 159 41 captors
1669 2616 100 40 from
1789 2618 66 38 the

355 2670 92 34 evils
461 2668 116 36 which
592 2668 52 36 its
661 2678 83 26 own
760 2665 229 39 authorities
1003 2664 78 40 had
1095 2663 166 41 allowed,
1273 2662 76 42 and
1364 2662 51 42 its
1431 2673 83 31 own
1530 2669 231 41 population
1776 2672 78 38 had

354 2722 281 46 perpetrated."

454 2788 89 42 Lee
562 2787 95 43 and
675 2786 73 44 his
766 2784 255 51 famishing
1036 2783 115 52 host
1168 2794 114 41 were
1306 2781 166 55 fleeing
1496 2786 216 50 towards
1731 2791 124 45 Dan¬

354 2854 120 52 ville,
503 2852 139 54 hotly
668 2849 202 57 pursued
898 2849 63 57 by
979 2848 82 58 the
1078 2846 192 60 Federal
1291 2846 159 60 Army.
1505 2848 200 61 Resting
1721 2858 134 51 there

420 2963 16 15 *
449 2963 54 26 See
514 2960 110 32 report
637 2959 35 33 of
685 2958 70 34 29th
768 2956 163 36 Regiment
943 2953 200 39 Connecticut
1156 2953 130 39 Colored
1300 2954 185 38 Volunteers
1497 2955 33 37 in
1543 2961 169 31 appendix.
