2200 3300
712 306 345 43 Department
1086 318 62 31 of
1175 317 95 32 the
1298 303 175 46 South.

1757 297 98 43 277

421 438 42 18 "'
474 438 50 36 Of
538 450 134 24 course
697 441 68 34 the
791 441 78 34 ball
897 451 78 24 was
1002 439 189 42 instantly
1217 438 143 43 broken
1381 447 63 34 up,
1466 435 149 46 though
1638 434 91 47 with
1752 443 106 38 some

339 495 260 43 murmurings
614 495 78 43 and
707 506 105 32 some
824 495 178 43 longings
1017 495 43 43 of
1076 494 179 44 appetite,
1271 503 51 35 on
1336 492 65 46 the
1414 493 93 45 part
1521 490 42 48 of
1573 499 115 39 some,
1704 487 152 51 toward

340 549 67 34 the
420 550 146 34 wasted
581 561 149 33 supper.

423 604 42 18 "'
475 604 129 45 Later,
620 605 20 44 I
655 608 98 41 went
768 617 50 32 on
831 605 126 44 board
970 605 66 44 the
1048 605 109 44 boat.
1199 603 151 46 Among
1362 603 66 46 the
1441 602 92 47 long
1546 601 92 48 lines
1653 600 43 49 of
1705 597 153 52 wound¬

341 660 58 43 ed,
421 660 113 43 black
556 661 78 42 and
654 661 113 42 white
786 660 273 44 intermingled,
1081 660 106 44 there
1206 669 78 35 was
1304 658 65 46 the
1390 656 202 48 wonderful
1614 656 104 48 quiet
1738 654 118 50 which

343 716 153 41 usually
509 711 165 47 prevails
689 726 51 32 on
755 716 90 42 such
861 716 206 42 occasions.
1109 714 79 44 Not
1208 725 25 33 a
1253 714 70 44 sob
1336 723 73 35 nor
1423 723 26 35 a
1461 722 135 36 groan,
1613 712 132 46 except
1757 710 100 48 from

344 770 113 34 those
470 770 240 44 undergoing
721 771 183 43 removal.
946 770 40 44 It
1005 770 33 44 is
1057 772 74 42 not
1151 768 237 46 self-control,
1410 768 72 46 but
1502 766 131 48 chiefly
1652 765 67 49 the
1739 764 118 50 shock

345 827 44 32 to
410 825 67 34 the
497 828 145 39 system
662 826 192 42 produced
872 825 54 43 by
947 836 124 32 severe
1090 824 166 44 wounds,
1279 823 195 45 especially
1495 821 171 47 gunshot
1685 820 173 48 wounds,,

346 880 75 34 and
445 880 117 34 which
583 881 152 41 usually
755 880 112 43 keeps
887 881 66 42 the
974 880 150 44 patient
1144 879 117 45 stiller
1281 880 45 44 at
1345 878 85 46 first
1456 877 98 47 than
1582 879 45 45 at
1654 885 77 39 any
1757 875 101 49 later

346 935 103 34 time.

428 989 83 34 '"A
525 1000 191 33 company
729 990 97 43 from
843 1001 64 32 my
921 990 184 43 regiment
1118 986 136 47 waited
1276 999 50 34 on
1339 987 66 46 the
1424 986 128 47 wharf,
1567 987 38 46 in
1620 986 99 47 their
1733 995 125 38 accus¬

346 1044 131 35 tomed
493 1044 123 42 dusky
631 1045 141 42 silence,
790 1045 78 42 and
881 1045 18 42 I
914 1045 137 42 longed
1064 1047 45 40 to
1125 1044 70 43 ask
1208 1044 103 43 them
1326 1043 104 44 what
1443 1043 91 44 they
1547 1041 172 46 thought
1733 1040 43 47 of
1786 1050 74 37 our

346 1098 159 35 Florida
520 1098 328 44 disappointment
862 1099 110 43 now?
1013 1098 45 44 In
1079 1098 92 44 view
1191 1098 43 44 of
1249 1098 104 44 what
1372 1098 90 44 they
1484 1107 88 35 saw,
1589 1096 63 46 did
1673 1096 91 46 they
1779 1095 78 47 still

346 1153 91 34 wish
459 1164 53 23 we
533 1153 77 34 had
630 1153 92 34 been
743 1154 130 33 there?
914 1153 19 34 I
954 1153 143 34 confess
1118 1153 91 34 that
1229 1153 38 34 in
1287 1162 171 33 presence
1478 1151 43 44 of
1537 1151 51 44 all
1608 1150 92 45 that
1712 1151 145 44 human

347 1207 187 43 suffering,
551 1207 18 43 I
584 1207 112 43 could
711 1210 73 40 not
797 1208 91 42 wish
902 1207 43 43 it.
989 1207 78 43 But
1080 1207 18 43 I
1113 1207 122 43 would
1258 1209 70 41 not
1347 1207 98 43 have
1459 1205 201 45 suggested
1675 1215 77 35 any
1766 1205 91 45 such

346 1262 172 43 thought
532 1264 45 41 to
592 1262 117 43 them.

428 1316 70 34 "'I
518 1316 119 35 found
659 1327 72 24 our
750 1316 264 35 kind-hearted
1034 1317 127 42 ladies,
1184 1316 89 43 Mrs.
1296 1315 233 44 Chamberlin
1551 1315 77 44 and
1647 1314 90 45 Mrs.
1758 1314 100 45 Dew-

346 1370 123 45 hurst,
488 1382 50 33 on
552 1371 125 44 board
692 1372 66 43 the
773 1374 173 41 steamer,
962 1372 73 43 but
1054 1371 104 44 there
1178 1381 78 34 was
1276 1371 162 44 nothing
1451 1371 19 44 f
1480 1381 30 34 jr
1524 1370 103 45 them
1641 1371 44 44 to
1702 1370 61 45 do,
1780 1370 78 45 and

347 1436 53 25 we
421 1426 144 35 walked
586 1426 99 35 back
705 1428 46 33 to
772 1436 111 33 camp
904 1426 36 43 in
970 1426 65 43 the
1061 1426 156 43 radiant
1244 1425 231 44 moonlight;
1504 1424 89 45 Mrs.
1623 1423 235 46 Chamberlin

347 1490 107 25 more
473 1481 99 34 than
592 1491 86 24 ever
700 1480 268 43 strengthened
989 1481 38 42 in
1054 1480 66 43 her
1145 1479 177 44 blushing
1348 1479 181 44 woman's
1556 1478 240 45 philosophy,
1821 1478 37 45 'I

349 1535 111 35 don't
474 1545 86 25 care
574 1535 84 35 who
673 1535 92 35 wins
778 1535 66 35 the
858 1535 148 41 laurels,
1022 1534 182 43 provided
1218 1544 52 33 we
1284 1534 146 43 don't!'

1383 1610 42 17 "'
1434 1611 214 34 February
1662 1612 115 33 29th.

432 1667 41 17 "'
483 1666 79 35 But
582 1666 59 35 for
663 1676 25 25 a
707 1666 66 35 few
793 1665 131 36 trivial
944 1675 104 26 cases
1070 1665 42 36 of
1127 1665 198 42 varioloid,
1348 1675 52 32 we
1414 1665 135 42 should
1563 1665 182 42 certainly
1759 1666 100 41 have

349 1720 94 35 been
457 1721 38 34 in
510 1721 92 34 that
617 1720 216 35 disastrous
847 1720 107 42 fight.
999 1719 62 43 We
1081 1730 91 32 were
1192 1720 227 42 confidently
1439 1720 176 42 expected
1635 1720 59 42 for
1715 1720 144 42 several

351 1776 100 41 days
471 1777 46 40 at
536 1774 266 43 Jacksonville,
826 1774 77 43 and
923 1773 66 44 the
1009 1774 266 43 commanding
1295 1775 150 42 general
1459 1775 85 42 told
1558 1774 194 43 Hallowell
1765 1775 94 42 that

350 1839 65 33 we,
430 1829 113 44 being
556 1829 65 44 the
642 1828 124 45 oldest
786 1828 149 45 colored
957 1828 192 45 regiment,
1172 1829 122 44 would
1315 1829 98 44 have
1432 1829 66 44 the
1517 1829 104 44 right
1636 1828 44 45 of
1693 1829 66 44 the
1772 1829 84 44 line.

351 1883 92 35 This
457 1893 78 25 was
549 1883 182 41 certainly
745 1885 45 39 to
805 1883 90 41 mi$s
911 1883 141 42 danger
1067 1883 76 42 and
1157 1883 110 46 glory
1281 1893 91 36 very
1386 1882 194 47 closely.'"

450 1959 66 43 At
534 1959 243 55 daybreak
797 1972 62 42 on
877 1959 80 55 the
976 1959 86 55 8th
1089 1959 54 55 of
1161 1959 176 55 March,
1360 1959 141 55 1864,
1521 1960 82 54 the
1622 1960 87 54 7th
1725 1959 135 58 Regi-

351 2027 145 51 ment,
524 2025 180 55 having
729 2025 82 55 left
837 2024 143 56 Camp
1007 2024 224 56 Stanton,
1259 2024 266 56 Maryland,
1563 2040 63 40 on
1651 2027 83 53 the
1766 2026 91 54 4th

352 2091 96 43 and
475 2091 250 55 proceeded
753 2092 56 54 to
836 2090 329 56 Portsmouth,
1194 2090 102 56 Ya.,
1325 2092 250 54 embarked
1604 2102 63 44 on
1701 2093 155 53 board

351 2158 82 42 the
450 2160 202 40 steamer
672 2155 288 45 "Webster"
980 2155 73 45 for
1077 2156 82 44 the
1185 2155 312 56 Department
1513 2157 53 54 of
1585 2158 82 53 the
1685 2157 170 54 South.

350 2223 222 55 Arriving
589 2225 55 53 at
661 2221 172 57 Hilton
851 2221 150 57 Head,
1022 2222 81 56 the
1120 2222 228 56 regiment
1365 2225 122 53 went
1504 2222 104 56 into
1627 2237 138 42 camp
1781 2225 77 54 for

352 2304 33 29 a
417 2290 82 43 few
533 2289 134 55 days,
703 2288 114 56 then
851 2288 41 56 it
924 2288 251 56 embarked
1201 2288 73 56 for
1299 2288 332 56 Jacksonville,
1659 2289 120 55 Ma.,
1801 2293 56 51 at

351 2356 146 43 which
523 2355 131 56 place
678 2353 41 58 it
752 2354 233 57 remained
1020 2353 74 58 for
1128 2367 130 44 some
1290 2355 127 56 time,
1454 2355 174 56 taking
1660 2359 114 52 part
1807 2356 51 55 in

351 2422 179 44 several
547 2422 293 44 movements
857 2420 104 46 into
978 2420 82 46 the
1078 2420 320 56 surrounding
1415 2423 203 53 country
1637 2422 96 54 and
1751 2435 108 41 par¬

351 2488 255 57 ticipating
620 2488 48 57 in
688 2501 31 44 a
743 2488 194 57 number
964 2486 52 59 of
1038 2486 129 59 quite
1191 2486 140 59 lively
1349 2486 299 59 skirmishes..
1686 2486 72 59 On
1774 2488 85 57 the

350 2556 120 43 27th
491 2555 54 44 of
564 2553 121 46 June
704 2568 31 31 a
752 2553 318 46 considerable
1095 2552 195 55 portion
1317 2552 54 55 of
1389 2553 82 54 the
1495 2552 246 56 Regiment
1758 2567 101 41 was

349 2621 196 44 ordered
570 2625 56 40 to
654 2620 170 45 Hilton
850 2620 151 52 Head,
1021 2618 147 54 where
1193 2618 40 54 it
1260 2618 184 54 arrived
1472 2632 63 40 on
1553 2618 114 56 July
1686 2619 102 55 1st;
1816 2620 42 54 it

350 2690 122 42 went
489 2687 121 45 from
628 2687 130 45 there
775 2689 56 43 to
851 2685 161 47 James
1030 2684 176 52 Island,
1226 2683 146 53 where
1397 2684 114 52 with
1531 2685 137 51 other
1683 2688 176 53 troops

348 2767 33 30 a
399 2754 137 44 short
555 2754 310 54 engagement
882 2752 114 56 with
1013 2752 82 56 the
1113 2751 316 57 confederates
1445 2764 99 44 was
1560 2750 113 58 had.
1710 2750 146 58 After¬

347 2819 156 45 wards
520 2818 83 46 the
620 2817 228 56 regiment
866 2817 219 56 returned
1103 2820 60 53 to*
1178 2816 330 57 Jacksonville,
1528 2815 120 58 Fla.,
1659 2817 201 56 remain¬

346 2886 84 54 ing
446 2885 47 55 in
512 2885 115 55 that
644 2882 196 58 vicinity
865 2883 211 57 engaged
1103 2883 48 57 in
1177 2882 189 58 raiding
1389 2883 82 57 the
1490 2883 219 57 adjacent
1725 2883 133 57 terri¬

346 2954 115 52 tory
495 2949 123 57 until
651 2949 83 57 the
766 2948 92 58 4th
893 2948 52 58 of
965 2948 200 58 August,
1201 2949 131 57 when
1364 2949 83 57 the
1489 2949 228 57 regiment
1758 2962 102 44 was
