2200 3300
870 299 106 44 The
1003 300 164 43 Black
1191 298 152 45 Flag.

1769 288 94 43 325

345 433 103 36 Belle
467 433 85 45 Isle,
574 436 127 42 states
721 434 94 44 that
834 434 61 44 for
915 435 98 43 days
1033 436 47 42 at
1098 445 27 33 a
1144 432 92 46 time
1254 431 59 47 his
1334 428 156 50 wounds
1510 437 93 41 were
1614 427 75 51 not
1702 424 163 54 dressed,

348 490 80 34 and
441 489 93 43 they
548 490 80 42 had
643 492 72 40 not
729 490 92 42 been
836 490 151 42 dressed
1000 489 60 43 for
1074 489 84 43 four
1172 488 96 44 days
1282 486 103 46 when
1399 485 46 47 he
1467 492 75 40 was
1556 482 118 50 taken
1688 480 99 52 from
1800 480 69 52 the

347 545 175 43 hospital
537 545 80 43 and
629 545 146 43 carried
790 556 50 32 on
855 545 66 43 the
935 544 249 44 flag-of-truce
1197 543 98 45 boat
1308 541 59 47 for
1381 539 175 49 Fortress
1570 536 169 52 Monroe.

431 600 78 35 "In
523 601 180 34 reference
719 602 42 33 to
775 600 68 35 the
855 600 198 35 condition
1067 601 45 34 to
1126 598 116 37 which
1257 606 70 29 our
1340 605 85 30 men
1440 604 91 31 were
1542 592 159 43 reduced
1715 592 54 43 by
1781 590 87 45 cold

350 656 81 35 and
450 656 158 43 hunger,
630 666 100 33 your
750 655 218 44 committee
989 654 123 45 would
1132 653 73 46 call
1225 651 195 48 attention
1439 653 45 46 to
1511 649 66 50 the
1595 648 193 51 following
1808 657 60 42 ex-

348 713 176 33 extracts
538 711 99 35 from
652 711 66 35 the
732 711 222 40 testimony.
997 709 78 42 One
1089 708 149 43 witness
1250 706 174 45 testifies:

434 767 42 17 "'
486 766 20 34 I
519 765 80 35 had
612 776 53 24 no
679 766 179 34 blankets
872 766 99 34 until
986 775 71 25 our
1071 763 254 37 Government
1336 764 86 36 sent
1435 771 44 29 us
1494 769 113 31 some.

435 811 42 17 "'
488 810 337 41 Question.—How
847 810 63 41 did
931 819 79 32 you
1025 810 96 41 sleep
1135 809 124 42 before
1271 817 78 34 you
1362 805 163 46 received
1539 805 112 46 those
1663 802 204 49 blanKets?

435 854 324 35 "'Answer.—We
775 853 88 36 used
879 856 45 33 to
945 856 66 39 get
1030 853 177 42 together
1222 852 83 43 just
1325 861 43 34 as
1388 851 99 44 close
1507 859 44 36 as
1572 859 51 36 we
1643 847 122 48 could,
1789 846 79 49 and

352 900 100 42 sleep
474 898 302 45 spoon-fashion,
800 908 44 35 so
865 898 93 45 that
978 896 104 47 when
1103 906 71 37 one
1193 896 138 47 turned
1350 905 92 38 over
1460 904 52 39 we
1533 893 51 50 all
1603 892 79 51 had
1702 894 45 49 to
1774 894 93 49 turn

353 943 118 35 over.'

436 998 23 17 "
469 998 172 35 Another
654 998 152 35 witness
820 998 176 35 testifies:

438 1053 43 18 "'
491 1053 344 40 Question.—Were
848 1063 79 32 you
941 1054 150 41 hungry
1106 1053 50 42 all
1169 1052 65 43 the
1246 1051 116 44 time?

438 1097 23 17 "
472 1097 388 42 'Answer.—Hungry
864 1098 8 41 I
894 1097 19 42 1
927 1098 111 41 could
1052 1100 65 39 eat
1131 1096 187 43 anything
1330 1095 92 44 that
1434 1103 105 36 came
1551 1092 124 47 before
1689 1100 56 39 us;
1762 1100 105 39 some

354 1141 48 35 of
416 1141 68 35 the
497 1141 98 42 boys
610 1141 122 42 would
749 1144 67 40 get
829 1142 118 42 boxes
961 1142 96 42 from
1072 1141 66 43 the
1152 1140 120 44 North
1287 1139 89 45 with
1396 1140 105 44 meat
1515 1136 42 48 of
1572 1136 170 48 different
1754 1134 113 50 kinds

356 1185 40 34 in
410 1185 123 42 them;
550 1185 89 42 and,
663 1185 98 42 after
782 1185 92 42 they
895 1185 78 42 had
993 1185 129 43 picked
1143 1184 65 44 the
1228 1186 103 42 meat
1345 1182 60 46 off,
1421 1182 91 46 they
1526 1180 123 48 would
1663 1180 125 48 throw
1801 1179 66 49 the

357 1228 118 35 bones
491 1239 110 31 away
615 1229 85 41 into
715 1228 66 42 the
796 1229 222 42 spit-boxes,
1034 1229 77 42 and
1131 1238 52 33 we
1203 1227 122 44 would
1344 1225 84 46 pick
1447 1225 66 46 the
1526 1225 117 46 bones
1658 1226 70 45 out
1742 1223 44 48 of
1800 1223 67 48 the

354 1272 215 44 epit-boxes
584 1272 78 44 and
676 1282 111 34 gnaw
801 1273 105 43 them
922 1283 91 33 over
1027 1272 140 44 again.'

436 1328 20 17 "
466 1328 46 34 In
527 1327 176 35 addition
722 1330 46 33 to
782 1327 79 36 this
875 1327 223 36 insufficient
1112 1327 134 42 supply
1261 1326 43 43 of
1317 1325 101 44 food,
1434 1323 170 46 clothing
1624 1323 78 46 and
1716 1322 148 47 shelter,

354 1393 75 25 our
443 1383 169 43 soldiers,
629 1383 106 43 while
748 1383 203 44 prisoners,
968 1383 98 44 have
1079 1382 90 45 been
1184 1380 185 47 subjected
1383 1383 43 44 to
1440 1379 66 48 the
1519 1381 105 46 most
1637 1378 98 49 cruel
1748 1379 119 48 treat¬

356 1441 106 33 ment
475 1439 102 35 from
588 1438 113 36 those
715 1438 132 44 placed
862 1448 92 34 over
966 1438 115 44 them.
1124 1436 102 46 They
1247 1436 96 46 have
1355 1435 91 47 been
1468 1433 142 49 abused
1631 1433 77 49 and
1723 1433 145 49 shame¬

353 1495 94 41 fully
461 1494 153 42 treated
629 1503 53 33 on
697 1494 144 42 almost
854 1503 111 33 every
980 1491 263 45 opportunity.
1284 1490 116 46 Many
1421 1489 97 47 have
1537 1488 92 48 been
1643 1488 224 48 mercilessly

354 1550 95 35 shot
475 1549 81 36 and
581 1548 113 37 killed
723 1549 102 36 when
852 1549 92 40 they
972 1547 111 42 failed
1109 1549 44 40 to
1180 1545 148 44 comply
1355 1545 89 44 with
1466 1544 51 45 all
1537 1544 66 45 the
1623 1543 183 46 demands
1828 1543 45 46 of

355 1608 102 37 their
472 1607 150 44 jailors,
638 1605 216 46 sometimes
875 1603 58 48 for
954 1602 189 49 violating
1162 1601 96 50 rules
1277 1600 43 51 of
1336 1600 115 51 which
1472 1599 91 52 they
1583 1598 78 53 had
1682 1600 74 51 not
1775 1599 93 52 been

354 1663 198 37 informed.
595 1659 179 41 Crowded
794 1659 39 41 in
855 1660 111 41 great
986 1656 175 45 numbers
1181 1656 37 45 in
1240 1655 197 46 buildings,
1453 1655 90 46 they
1557 1654 99 47 have
1668 1653 92 48 been
1775 1653 92 48 fired

356 1723 46 32 at
424 1719 78 36 and
522 1716 113 39 killed
655 1715 53 42 by
728 1713 67 44 the
816 1713 175 44 sentinels
1012 1711 148 46 outside
1181 1711 101 46 when
1302 1711 92 46 they
1414 1709 190 48 appeared
1631 1711 45 46 at
1695 1709 67 48 the
1782 1709 86 48 win¬

358 1775 106 35 dows
483 1774 61 36 for
564 1773 67 37 the
649 1778 167 36 purpose
837 1768 43 46 of
895 1767 201 47 obtaining
1116 1777 25 37 a
1160 1766 97 48 little
1277 1765 96 49 fresh
1401 1765 69 49 air.
1511 1764 79 50 One
1616 1775 103 39 man,
1742 1764 125 50 whose

356 1829 181 35 comrade
550 1828 40 38 in
603 1827 67 39 the
683 1826 148 43 service,
847 1825 40 44 in
900 1824 123 45 battle
1044 1822 75 47 and
1139 1821 39 48 in
1198 1821 199 48 captivity,
1412 1820 80 49 had
1504 1819 92 50 been
1611 1829 44 40 so
1670 1820 198 49 fortunate

355 1895 47 24 as
423 1887 44 32 to
488 1884 47 35 be
557 1893 144 34 among
722 1882 111 45 those
852 1879 163 48 released
1029 1878 96 49 from
1138 1876 145 51 further
1295 1878 201 49 torments,
1512 1885 78 42 was
1605 1875 91 52 shot
1710 1874 98 53 dead
1822 1884 46 43 as

354 1939 48 35 he
422 1949 79 25 was
521 1938 152 43 waving
694 1937 88 44 with
806 1935 58 46 his
884 1934 104 47 hand
1009 1944 25 37 a
1053 1933 79 48 last
1152 1932 108 49 adieu
1281 1934 44 47 to
1347 1931 59 50 his
1426 1930 135 51 friend;
1586 1930 76 51 and
1684 1930 111 51 other
1815 1929 54 52 in¬

352 1997 156 33 stances
523 1992 44 38 of
581 1990 150 46 equally
745 1989 248 47 unprovoked
1009 1989 149 47 murder
1172 1997 64 39 are
1250 1986 182 50 disclosed
1446 1985 52 51 by
1511 1986 67 50 the
1589 1985 223 51 testimony.

437 2049 23 18 "
469 2049 79 34 The
568 2047 195 40 condition
786 2046 44 41 of
845 2056 72 31 our
936 2043 174 44 returned
1132 2042 156 45 soldiers
1303 2052 44 35 as
1360 2041 157 46 regards
1531 2040 178 47 personal
1723 2040 146 47 cleanli¬

355 2114 97 32 ness,
468 2103 73 43 has
554 2102 92 44 been
659 2102 110 44 filthy
786 2102 142 44 almost
943 2095 146 51 beyond
1107 2098 238 48 description.
1381 2096 112 50 Their
1506 2095 144 51 clothes
1663 2095 100 51 have
1776 2095 92 51 been

353 2169 47 24 so
416 2159 104 41 dirty
535 2158 76 42 and
626 2168 43 32 so
684 2156 157 44 covered
857 2156 88 44 with
960 2155 154 45 vermin,
1130 2153 92 47 that
1241 2152 114 48 those
1374 2152 83 48 who
1472 2150 165 50 received
1649 2150 106 50 them
1769 2150 100 50 have

354 2213 94 35 been
468 2212 202 44 compelled
690 2215 44 41 to
757 2212 156 44 destroy
934 2210 98 46 their
1052 2208 171 48 clothing
1245 2207 77 49 and
1342 2206 178 50 re-clothe
1539 2206 105 50 them
1671 2205 91 51 with
1789 2215 80 41 new

354 2269 81 35 and
456 2268 103 36 clean
579 2268 174 36 raiment.
796 2265 112 39 Their
927 2266 130 38 bodies
1079 2264 78 40 and
1178 2263 117 41 heads
1316 2262 99 42 have
1433 2261 93 43 been
1546 2271 44 33 so
1604 2260 159 44 infested
1778 2260 91 44 with

356 2323 145 35 vermin
515 2323 102 42 that,
632 2322 41 43 in
686 2332 104 33 some
802 2321 200 44 instances,
1019 2319 177 46 repeated
1211 2317 191 48 washings
1422 2316 98 49 have
1533 2315 112 50 failed
1659 2317 45 48 to
1717 2325 154 40 remove

354 2378 125 42 them;
502 2377 77 43 and
599 2377 111 43 those
731 2377 83 43 who
835 2376 99 44 have
947 2374 163 46 received
1124 2374 103 46 them
1242 2372 40 48 in
1296 2372 139 48 charge
1448 2370 98 50 have
1560 2370 92 50 been
1666 2370 204 50 compelled

355 2436 46 32 to
422 2435 67 33 cut
510 2432 51 36 all
580 2432 66 36 the
665 2431 85 37 hair
769 2431 99 37 from
888 2431 97 37 their
1005 2429 130 42 heads,
1158 2428 78 43 and
1257 2427 113 44 make
1385 2425 254 46 applications
1652 2427 45 44 to
1714 2425 157 46 destroy

355 2488 68 34 the
442 2487 155 35 vermin.
639 2486 111 36 Some
768 2486 100 36 have
887 2486 91 36 been
998 2483 166 39 received
1186 2482 90 40 with
1297 2491 54 31 no
1370 2480 174 42 clothing
1561 2480 74 42 but
1654 2480 118 42 shirts
1793 2480 79 42 and

356 2543 164 34 drawers
536 2541 76 36 and
627 2552 25 25 a
664 2541 99 45 piece
778 2541 42 45 of
835 2541 157 45 blanket
1013 2550 46 36 or
1080 2538 112 48 other
1213 2536 152 50 outside
1385 2535 188 51 covering,
1589 2534 157 52 entirely
1761 2535 112 51 desti¬

354 2599 88 34 tute
463 2596 43 37 of
521 2599 121 40 coats,
664 2596 102 43 hats,
790 2596 111 43 shoes
923 2605 44 34 or
989 2594 214 45 stockings;
1228 2591 77 48 and
1325 2591 66 48 the
1410 2590 132 49 bodies
1564 2590 42 49 of
1621 2590 113 49 those
1747 2590 127 49 better

354 2651 172 44 supplied
540 2651 90 44 with
643 2651 172 44 clothing
826 2651 100 44 have
939 2650 91 45 been
1043 2648 152 47 equally
1209 2646 105 49 dirty
1328 2645 77 50 and
1419 2645 112 50 filthy
1544 2645 90 50 with
1648 2645 68 50 the
1729 2645 141 50 others,

353 2717 121 32 many
494 2706 83 43 who
599 2707 98 42 have
716 2706 92 43 been
829 2705 78 44 sick
929 2704 78 45 and
1026 2704 41 45 in
1087 2703 67 46 the
1174 2700 171 49 hospital
1365 2699 145 50 having
1530 2700 78 49 had
1622 2710 51 39 no
1689 2702 185 47 opportu.

353 2763 87 41 nity
454 2764 45 40 to
514 2761 103 43 wash
631 2761 98 43 their
741 2761 131 43 bodies
885 2760 60 44 for
958 2758 118 46 weeks
1091 2756 78 48 and
1182 2755 157 49 months
1353 2754 125 50 before
1497 2754 92 50 they
1603 2765 92 39 were
1708 2755 166 49 released

352 2818 101 35 from
468 2817 201 43 captivity.

436 2871 137 36 "Your
586 2871 215 36 committee
816 2881 65 26 are
895 2868 140 39 unable
1047 2869 45 38 to
1108 2874 145 33 convey
1268 2875 77 32 any
1360 2864 189 43 adequate
1562 2864 87 43 idea
1664 2864 43 43 of
1721 2864 67 43 the
1802 2864 72 43 sad

352 2928 83 37 and
463 2927 216 45 deplorable
705 2926 199 46 condition
931 2923 44 49 of
996 2922 68 50 the
1090 2930 85 42 men
1202 2920 92 52 they
1321 2929 78 43 saw
1425 2919 40 53 in
1485 2920 66 52 the
1571 2919 191 53 hospitals
1782 2920 92 52 they

674 2981 52 36 16
