2199 3298
808 301 107 42 The
941 297 126 46 War
1093 306 64 37 of
1185 292 144 51 1775.

1766 279 65 41 25

295 440 171 45 Tories
484 436 259 59 prevented
769 436 66 59 its
861 444 196 51 success.
1111 421 462 74 Notwithstanding,
1593 414 243 81 hundreds

299 510 58 43 of
376 507 195 46 colored
596 518 122 39 men,
739 503 133 54 slave
898 500 96 57 and
1020 498 106 59 free,
1147 496 56 61 at
1218 494 85 63 the
1320 490 171 67 South,
1511 488 91 69 not
1621 484 114 73 only
1751 481 85 76 fol¬

300 576 154 43 lowed
470 575 87 44 the
577 585 142 40 army
744 571 90 54 but
858 568 51 57 in
934 576 144 49 every
1100 560 316 65 engagement
1441 554 124 71 took
1591 565 65 60 an
1683 548 157 77 active

304 645 118 56 part
441 655 67 46 on
533 640 87 61 the
644 638 101 63 side
771 636 55 65 of
844 635 85 66 the
953 630 220 71 colonist.
1228 626 132 75 They
1384 634 118 67 were
1525 622 92 79 not
1632 614 208 87 enrolled

307 712 101 42 and
426 706 245 48 mustered
688 705 108 49 into
821 702 86 52 the
932 712 153 42 army,
1105 696 42 58 it
1170 694 43 60 is
1237 696 123 58 true,
1378 690 92 64 but
1485 687 117 67 they
1620 681 222 73 rendered

306 776 283 57 important
609 771 173 62 service
797 771 58 62 to
873 768 84 65 the
976 776 153 57 cause.

413 844 102 42 The
533 843 134 43 caste
685 836 233 57 prejudice
935 846 107 47 now
1068 843 56 50 so
1151 829 175 64 strong
1349 824 51 69 in
1423 822 85 71 the
1524 819 207 74 country
1747 826 101 67 was

311 913 121 42 then
449 910 51 45 in
517 909 67 46 its
602 907 206 49 infancy.
861 900 42 56 A
928 898 143 58 white
1096 907 115 49 man
1237 894 58 62 at
1318 890 118 66 that
1459 886 118 70 time
1592 883 125 73 lived
1732 879 118 77 with

317 992 34 30 a
368 976 193 46 colored
587 983 194 39 woman
806 967 208 55 without
1038 965 101 57 fear
1158 960 53 62 of
1228 956 244 66 incurring
1492 953 86 69 the
1596 947 255 75 ostracism

317 1046 57 42 of
385 1044 75 44 his
471 1038 274 58 neighbors,
767 1035 98 61 and
882 1032 117 64 with
1015 1031 84 65 the
1117 1039 131 57 same
1265 1021 240 75 impunity
1521 1019 59 77 he
1595 1014 124 82 lived
1736 1012 119 84 with

317 1125 70 30 an
404 1108 177 47 Indian
609 1105 189 55 Squaw.
853 1100 64 60 So
935 1108 224 52 common
1175 1104 100 56 was
1299 1089 100 71 this
1425 1083 218 77 practice,
1663 1081 117 79 that
1803 1078 52 82 in

321 1179 145 43 order
482 1177 59 45 to
561 1172 185 50 correct
778 1170 43 52 it
853 1167 118 55 laws
1003 1174 118 48 were
1154 1156 172 66 passed
1359 1150 275 72 forbidding
1649 1148 55 74 it.
1756 1144 102 78 The

321 1242 272 46 treatment
613 1238 55 50 of
677 1238 86 50 the
790 1235 156 53 slaves
971 1241 100 47 was
1096 1229 91 59 not
1212 1223 133 65 what
1370 1220 41 68 it
1437 1229 132 59 came
1585 1217 56 71 to
1659 1214 58 74 be
1735 1207 126 81 after

323 1313 87 43 the
435 1322 115 38 war,
579 1318 94 42 nor
697 1302 101 58 had
823 1300 85 60 the
933 1296 141 64 spirit
1099 1293 56 67 of
1174 1288 289 72 resentment
1489 1284 115 76 been
1629 1278 156 82 stifled
1809 1276 52 84 in

326 1380 136 42 them
481 1387 58 35 as
556 1374 43 48 it
615 1383 102 39 was
735 1364 304 58 subquently.
1092 1353 389 69 Manifestations
1508 1348 53 74 of
1578 1346 126 76 their
1729 1355 134 67 cour¬

331 1457 92 43 age
459 1441 100 59 and
585 1436 258 64 manliness
869 1443 117 57 were
1012 1429 90 71 not
1127 1422 217 78 wanting
1367 1419 133 81 when
1523 1412 216 88 injustice
1763 1420 101 80 was

333 1507 277 55 attempted
626 1508 59 54 to
704 1504 59 58 be
788 1496 240 66 practiced
1048 1492 196 70 against
1262 1489 145 73 them,
1428 1478 338 84 consequently
1781 1475 87 87 the

332 1578 145 55 spirit
496 1573 99 60 and
614 1581 210 52 courage
840 1564 117 69 with
989 1560 150 73 which
1172 1558 117 75 they
1313 1554 124 79 went
1453 1551 107 82 into
1576 1548 85 85 the
1678 1541 189 92 conflict

335 1657 120 30 were
474 1641 134 56 quite
626 1636 142 61 equal
784 1638 58 59 to
859 1632 118 65 that
987 1629 55 68 of
1050 1628 84 69 the
1151 1623 178 74 whites,
1340 1620 106 77 who
1464 1627 115 70 were
1597 1625 106 72 ever
1720 1608 150 89 ready

336 1714 60 40 to
417 1705 216 59 applaud
651 1704 135 60 them
810 1700 76 64 for
911 1695 140 69 deeds
1079 1692 54 72 of
1153 1689 186 75 daring.
1392 1684 49 80 It
1466 1683 41 81 is
1525 1680 115 84 only
1655 1674 216 90 through

338 1779 104 41 this
478 1773 210 47 medium
721 1769 117 51 that
855 1778 67 42 we
946 1763 125 57 have
1095 1752 272 68 discovered
1391 1751 84 69 the
1492 1746 131 74 meed
1642 1744 53 76 of
1713 1740 160 80 praise

341 1846 97 41 due
462 1840 87 49 thQ
571 1837 128 52 little
723 1832 238 57 Phalanx,
980 1825 150 64 which
1154 1820 158 69 linked
1336 1818 66 71 its
1426 1816 191 73 fortune
1641 1808 116 81 with
1788 1806 87 83 the

344 1921 187 33 success
559 1906 54 48 of
639 1903 86 51 the
758 1896 250 58 American
1043 1902 152 52 army,
1216 1886 97 68 and
1339 1884 55 70 of
1413 1882 157 72 whom
1594 1877 83 77 the
1701 1873 177 81 follow¬

346 1978 89 54 ing
466 1969 289 63 interesting
786 1966 123 66 facts
944 1972 90 60 can
1068 1969 107 63 now
1192 1954 58 78 be
1266 1947 235 85 recorded.

452 2041 50 42 It
519 2041 41 42 is
577 2036 102 47 well
697 2034 75 49 for
787 2031 84 52 the
887 2038 148 45 negro
1053 2022 98 61 and
1168 2021 75 62 for
1259 2018 75 65 his
1352 2011 286 72 decendants
1655 2007 49 76 in
1721 2006 160 77 Amer¬

350 2111 91 52 ica,
480 2100 358 63 cosmopolitan
873 2108 55 55 as
961 2093 43 70 it
1037 2090 56 73 is,
1118 2088 117 75 that
1260 2083 74 80 his
1359 2092 108 71 race
1492 2075 181 88 retains
1699 2073 65 90 its
1790 2070 92 93 dis¬

351 2175 204 46 tinctive
599 2161 419 60 characteristicts,
1055 2155 133 66 color
1230 2151 98 70 and
1370 2148 219 73 features,
1635 2136 250 85 otherwise

352 2245 122 52 they
489 2236 159 61 would
666 2235 92 62 not
774 2231 138 66 have,
933 2238 56 59 as
1015 2234 120 63 now,
1157 2233 33 64 a
1214 2218 191 79 history
1429 2214 57 83 to
1512 2207 132 90 hand
1670 2206 140 91 down
1824 2204 61 93 to

357 2306 246 55 posterity
644 2315 57 46 so
744 2292 266 69 gloriously
1043 2284 232 77 patriotic
1310 2280 96 81 and
1439 2272 295 89 interesting.
1795 2268 92 93 His

360 2367 394 61 amalgamation
787 2362 116 66 with
938 2357 139 71 other
1119 2363 131 65 races
1284 2348 40 80 is
1360 2339 323 89 attributable
1714 2339 57 89 to
1805 2334 84 94 the

360 2440 212 46 relation
605 2432 151 54 which
789 2429 42 57 it
856 2428 116 58 bore
996 2425 57 61 to
1079 2420 147 66 them,
1248 2411 238 75 although
1511 2401 380 85 inter-marriage

362 2522 101 31 was
481 2507 94 46 not
600 2497 212 56 allowed.
865 2493 76 60 By
964 2490 85 63 the
1074 2495 223 58 common
1323 2478 197 75 consent
1547 2472 54 81 of
1619 2472 74 81 his
1711 2467 181 86 enslav¬

363 2588 92 38 ers,
474 2574 60 52 he
550 2582 101 44 was
678 2560 197 66 allowed
898 2560 58 66 to
982 2556 92 70 live
1100 2544 340 82 clandestinely
1464 2540 116 86 with
1604 2537 84 89 the
1711 2544 183 82 women

367 2643 57 43 of
451 2640 75 46 his
562 2648 107 38 own
702 2631 156 55 color;
903 2620 273 66 sometimes
1218 2615 123 71 from
1382 2611 209 75 humane
1632 2600 264 86 considera¬

367 2709 150 50 tions,
546 2699 274 60 sometimes
845 2693 125 66 from
997 2701 33 58 a
1054 2680 290 79 standpoint
1370 2676 54 83 of
1451 2673 130 86 gain,
1600 2670 90 89 but
1718 2666 179 93 always

370 2788 60 30 as
465 2786 34 32 a
532 2770 134 48 slave
691 2777 58 41 or
767 2775 33 43 a
824 2757 181 61 subject
1032 2752 55 66 of
1114 2750 131 68 slave
1271 2744 128 74 code.
1452 2735 214 83 Reduced
1683 2734 124 84 from
1824 2729 74 89 his

370 2836 205 48 natural
602 2835 132 49 state
752 2828 55 56 of
824 2824 208 60 freedom
1058 2819 67 65 by
1148 2815 74 69 his
1248 2809 282 75 misfortune
1553 2804 50 80 in
1619 2798 149 86 tribal
1784 2808 113 76 war,

372 2912 61 40 to
457 2905 120 47 that
603 2901 56 51 of
678 2913 33 39 a
736 2897 146 55 slave,
912 2887 97 65 and
1034 2885 117 67 then
1175 2873 314 79 transported
1515 2872 67 80 by
1605 2868 84 84 the
1706 2863 196 89 consent

377 2975 59 44 of
462 2971 75 48 his
571 2969 201 54 captors
806 2959 98 64 and
938 2950 198 73 enemies
1176 2949 58 74 to
1274 2944 136 79 these
1452 2938 178 85 shores,
1667 2931 97 92 and
1798 2927 110 96 sold
