2200 3300
344 306 57 43 B4
641 309 222 44 History
889 322 64 32 of
978 322 97 32 the
1100 310 166 44 Black
1291 307 254 47 Phalanx.

434 439 102 44 The
550 440 190 44 forcible
755 445 198 53 capture
970 442 97 56 and
1093 436 362 62 imprisonment
1482 432 54 66 of
1555 430 156 68 "Ware,
1730 429 123 69 Mar.

344 504 67 42 tin
429 506 96 42 and
542 505 252 55 Strachan,
812 509 84 51 the
919 508 133 52 three
1067 516 198 44 negroes
1281 501 151 59 taken
1447 498 126 62 from
1589 496 84 64 the
1691 494 163 66 Chesa¬

344 571 154 53 peake,
520 572 97 52 and
633 573 105 51 who
756 586 115 38 were
888 570 270 56 recognized
1183 570 66 56 by
1274 567 83 59 the
1381 563 175 63 United
1584 561 164 65 States
1775 573 81 53 au¬

344 636 215 44 thorities
594 651 55 29 as
676 638 188 43 citizens
891 638 53 43 of
962 637 83 44 the
1078 633 220 56 republic,
1324 643 99 46 was
1450 627 215 62 sounded
1693 640 55 49 as
1773 627 83 62 the

344 701 216 55 key-note
594 704 96 52 and
723 703 207 55 rallying
955 714 81 44 cry
1054 700 54 58 of
1126 700 84 58 the
1226 710 121 48 war;
1366 696 83 62 the
1468 696 207 62 outrage
1692 693 160 65 served

344 768 184 54 greatly
550 770 57 52 to
636 782 170 40 arouse
830 769 83 53 the
938 766 177 56 people.
1169 764 99 58 The
1292 762 101 60 fact
1409 761 116 61 that
1550 760 84 62 the
1659 772 193 50 govern¬

344 836 125 39 ment
494 835 180 53 sought
698 836 57 52 to
782 832 230 56 establish
1036 831 83 57 the
1143 829 174 59 liberty
1344 827 54 61 of
1416 827 84 61 the
1525 826 91 62 free
1641 839 211 49 negroes,

344 899 91 41 and
460 899 84 42 the
568 900 181 41 further
773 899 99 42 fact
896 898 116 43 that
1038 897 81 44 she
1144 893 230 56 regarded
1399 893 133 56 them
1559 905 55 44 as
1649 892 202 57 citizens,

344 963 273 55 heightened
634 965 124 53 their
774 961 306 57 indignation
1099 962 55 56 at
1171 960 83 58 the
1272 961 205 57 outrage
1495 958 281 60 committed
1791 959 62 59 by

344 1029 77 41 bhe
437 1029 194 53 British,
653 1030 97 52 and
770 1027 229 56 appealed
1023 1029 57 54 to
1106 1025 124 58 their
1254 1025 190 58 keenest
1469 1024 231 59 patriotic
1718 1025 137 58 sensi¬

344 1094 180 44 bilities.
569 1095 106 43 New
693 1094 132 44 York
841 1106 98 32 was
958 1094 89 44 not
1064 1092 116 54 long
1196 1091 50 55 in
1262 1091 182 55 raising
1460 1091 82 55 her
1558 1092 98 54 two
1675 1091 181 55 battal¬

344 1159 115 53 ions,
481 1160 95 52 and
604 1160 198 54 sending
826 1159 41 55 it
892 1158 205 56 forward
1122 1159 57 55 to
1205 1157 83 57 the
1315 1169 150 45 army,
1493 1157 116 57 then
1635 1158 57 56 at
1717 1156 139 58 Sack-

344 1225 86 42 et's
447 1225 212 42 Harbor.

440 1290 72 42 On
528 1291 83 41 the
630 1290 122 42 18th
779 1290 53 42 of
852 1289 258 52 December,
1134 1288 141 53 1814,
1304 1288 239 55 following
1567 1289 83 54 the
1675 1288 182 57 issuing

344 1356 50 42 of
429 1356 74 42 his
538 1356 376 51 Proclamation,
944 1354 110 53 Gen.
1083 1354 213 53 Jackson
1318 1356 221 51 reviewed
1567 1355 84 52 the
1682 1357 172 53 troops

344 1422 143 41 under
504 1422 73 42 his
596 1421 254 43 command
879 1423 54 41 at
960 1420 105 44 New
1093 1419 208 54 Orleans,
1324 1421 286 55 amounting
1626 1423 55 53 to
1702 1421 152 55 about

344 1488 69 41 six
446 1488 261 52 thousand,
738 1487 97 53 and
862 1487 54 53 of
934 1486 98 54 this
1057 1486 123 54 force
1208 1487 153 53 about
1386 1487 90 53 five
1501 1487 212 53 hundred
1739 1500 114 40 were

344 1567 205 42 negroes,
589 1553 253 56 organized
876 1553 104 56 into
999 1555 97 54 two
1131 1553 283 56 battalions,
1444 1553 312 56 commanded
1790 1553 64 56 by

344 1620 107 55 Maj.
473 1620 205 55 Lacoste
692 1620 100 55 and
818 1619 111 56 Maj.
959 1618 200 57 Savory.
1213 1619 147 56 These
1385 1619 283 56 battalions,
1693 1622 55 53 at
1772 1619 82 56 the

344 1687 119 47 close
489 1687 54 47 of
570 1687 83 47 the
677 1686 178 52 review,
885 1698 113 41 says
1025 1685 201 54 Parton,
1255 1685 49 54 in
1329 1685 73 54 his
1428 1684 99 55 Life
1553 1685 53 54 of
1626 1684 223 55 Jackson,

344 1753 93 42 had
471 1753 114 42 read
610 1755 57 40 to
694 1753 131 42 them
852 1752 64 54 by
943 1751 203 55 Edward
1181 1751 300 55 Livingston,
1504 1764 31 42 a
1568 1751 204 55 member
1806 1750 52 56 of

344 1819 249 43 Jackson's
628 1818 127 53 staff,
775 1818 83 53 the
899 1817 241 55 following
1183 1817 208 55 address,
1436 1817 124 55 from
1600 1817 83 55 the
1725 1815 129 57 Com¬

344 1886 193 41 mander
556 1885 53 42 of
628 1885 82 42 the
727 1883 246 44 American
991 1883 169 44 forces:

420 1973 88 33 "To
536 1982 77 24 the
641 1971 209 35 Embodied
878 1970 353 36 Militia.—Fellow
1255 1970 159 36 Citizens
1439 1970 82 36 and
1538 1970 187 36 Soldiers:
1776 1970 77 36 The

344 2027 152 35 General
515 2027 271 41 commanding
804 2026 40 42 in
863 2025 98 43 chief
976 2026 124 42 would
1120 2027 73 41 not
1214 2025 50 43 do
1280 2024 137 44 justice
1437 2027 45 41 to
1504 2025 67 43 the
1597 2025 113 43 noble
1737 2025 116 43 ardor

344 2083 85 34 that
443 2082 71 35 has
529 2081 196 36 animated
738 2091 79 30 you
831 2080 39 41 in
883 2080 66 41 the
962 2080 99 41 hour
1075 2079 43 42 of
1135 2079 152 42 danger,
1304 2079 46 42 he
1363 2079 126 42 would
1503 2082 73 39 not
1591 2081 49 40 do
1658 2081 136 42 justice
1807 2083 44 40 to

344 2137 52 30 his
410 2147 84 23 own
508 2136 141 41 feeling,
665 2135 32 42 if
712 2135 46 42 he
772 2134 156 43 suffered
941 2134 67 43 the
1027 2134 172 43 example
1218 2143 79 34 you
1317 2133 100 44 have
1436 2134 133 43 shown
1582 2137 45 40 to
1642 2145 92 33 pass
1749 2135 105 43 with-

344 2194 65 32 aut
422 2191 125 42 public
561 2190 136 43 notice.
779 2187 730 46 *****

418 2244 342 41 "Fellow-citizens,
805 2243 43 42 of
875 2252 112 33 every
1022 2242 238 43 description,
1297 2242 205 43 remember
1541 2244 61 41 for
1635 2240 106 45 what
1775 2245 78 40 and

344 2300 150 42 against
508 2299 124 43 whom
645 2308 78 34 you
737 2297 175 45 contend.
955 2296 78 46 For
1047 2297 52 45 all
1111 2297 93 45 that
1217 2306 72 36 can
1302 2296 133 46 render
1448 2297 60 45 life
1529 2298 284 44 desirable—for
1827 2310 26 32 a

344 2356 156 38 country
526 2352 145 42 blessed
697 2352 92 42 with
815 2361 112 33 every
953 2351 73 43 gift
1054 2350 43 44 of
1118 2350 237 44 nature—for
1381 2354 196 41 property,
1606 2354 61 41 for
1693 2354 160 41 life—for

344 2410 103 33 bhose
462 2408 130 35 dearer
610 2406 100 37 than
729 2406 129 41 either,
879 2415 100 32 your
992 2405 111 42 wives
1118 2405 78 42 and
1210 2404 282 43 children—and
1506 2407 59 40 for
1579 2408 151 44 liberty,
1746 2409 108 43 with-

344 2465 64 32 Dut
427 2462 129 41 which,
578 2462 174 41 country,
774 2460 70 43 life,
866 2461 194 42 property,
1084 2469 65 34 are
1168 2468 51 35 no
1240 2459 133 44 longer
1392 2460 125 43 worth
1545 2464 237 43 possessing;
1806 2475 45 32 as

344 2528 83 23 jven
440 2517 66 34 the
519 2515 189 36 embraces
724 2514 42 37 of
781 2513 111 38 wives
907 2514 76 37 and
998 2513 163 38 children
1174 2512 152 39 become
1340 2523 26 28 a
1378 2515 185 41 reproach
1571 2512 45 44 to
1631 2517 67 39 the
1711 2519 140 37 wretch

344 2572 74 34 [vho
433 2569 111 37 could
559 2569 149 42 deprive
721 2568 105 43 them
839 2567 52 44 by
905 2567 58 44 his
977 2567 203 44 cowardice
1195 2567 43 44 of
1253 2567 112 44 those
1377 2567 220 44 invaluable
1609 2571 198 45 blessings.

571 2621 1045 21 ****-»

416 2680 81 33 "To
518 2687 77 26 the
616 2677 91 36 Men
735 2685 50 28 op
813 2675 365 38 Color.—Soldiers!
1220 2675 117 38 From
1363 2676 67 37 the
1458 2677 131 36 shores
1618 2680 44 34 of
1677 2681 139 36 Mobile
1829 2683 20 35 I

344 2733 167 36 jollected
537 2743 78 31 you
641 2734 45 40 to
715 2730 175 44 arms,—I
910 2730 145 44 invited
1081 2740 79 34 you
1185 2731 45 43 to
1259 2730 111 44 share
1396 2731 40 43 in
1462 2732 67 42 the
1555 2735 112 40 perils
1697 2738 78 37 and
1802 2740 45 35 to

344 2789 114 35 livide
471 2788 66 36 the
550 2787 111 42 glory
675 2785 44 44 of
733 2793 98 36 your
844 2784 112 45 white
969 2787 259 42 countrymen.
1270 2784 20 45 I
1309 2786 179 43 expected
1508 2789 112 40 much
1634 2790 100 39 from
1747 2802 99 35 you;

344 2845 49 32 "or
412 2843 19 34 I
451 2851 78 26 was
549 2842 73 35 not
641 2838 235 39 uninformed
893 2839 48 38 of
955 2838 112 39 those
1088 2838 175 42 qualities
1283 2839 118 41 which
1422 2843 106 37 must
1547 2840 135 40 render
1700 2856 81 32 you
1801 2858 47 30 so

344 2895 212 36 formidable
582 2896 45 35 to
649 2903 51 28 an
719 2892 185 43 invading
923 2892 69 43 foe.
1034 2892 20 43 I
1074 2892 105 43 knew
1198 2892 92 43 that
1309 2903 80 32 you
1409 2895 112 40 could
1542 2898 139 37 endure
1701 2900 148 45 hunger

344 2951 68 35 md
438 2950 128 42 thirst,
590 2948 77 44 and
688 2947 51 45 all
764 2947 67 45 the
857 2946 203 46 hardships
1081 2946 44 46 of
1139 2956 90 36 war.
1271 2946 20 46 I
1310 2947 106 45 knew
1434 2949 94 43 that
1547 2961 80 34 you
1647 2953 114 42 loved
1780 2956 69 39 th?
