2200 3300
813 746 600 64 -^DEDI@ATION,^

333 956 97 52 To
605 958 220 52 Bra^ie
860 959 174 51 "Men
1062 959 180 52 WYio
1269 959 466 53 Commanded
1753 960 120 52 \,\ie

724 1048 83 50 ~*A
820 1048 222 51 "Black.
1073 1047 421 54 Blialanx>

422 1245 354 37 SOLDIERS:—As
798 1258 26 25 a
844 1248 114 35 mark
979 1248 44 35 of
1038 1250 139 33 esteem
1199 1247 79 36 and
1304 1250 147 41 respect
1477 1248 60 43 for
1562 1259 101 32 your
1688 1250 187 42 patriotic

338 1301 190 35 devotion
542 1305 45 32 to
602 1303 67 34 the
682 1313 114 24 cause
811 1303 44 34 of
870 1303 147 34 human
1031 1304 177 42 freedom,
1224 1303 20 43 I
1265 1303 119 43 desire
1397 1305 45 41 to
1458 1303 171 43 dedicate
1642 1306 45 40 to
1701 1314 80 32 you
1795 1306 80 40 this

338 1357 135 34 record
489 1357 44 34 of
548 1357 67 35 the
635 1359 160 33 services
817 1358 45 34 of
876 1358 67 35 the
956 1369 118 32 negro
1095 1357 171 44 soldiers,
1283 1359 125 42 whom
1421 1369 80 32 you
1522 1359 61 42 led
1602 1369 44 32 so
1669 1359 105 42 often
1795 1361 79 40 and

340 1412 241 42 successfully
595 1413 41 41 in
656 1413 67 41 the
743 1413 174 43 struggle
936 1414 61 42 for
1016 1413 141 43 liberty
1178 1414 79 42 and
1277 1413 118 43 union
1417 1414 138 43 during
1574 1414 67 43 the
1660 1417 115 40 great
1795 1426 80 31 war

339 1467 47 35 of
401 1467 206 36 1861-'65.

419 1522 109 36 Your
548 1524 155 45 coming
722 1523 101 46 from
836 1524 67 45 the
917 1524 153 45 highest
1084 1524 119 45 ranks
1218 1523 43 46 of
1277 1523 119 46 social
1409 1524 71 45 life,
1502 1524 225 45 undeterred
1741 1526 53 43 by
1807 1527 67 42 the

335 1578 220 44 prevailing
583 1579 112 43 spirit
724 1579 44 43 of
790 1581 107 41 caste
924 1579 197 43 prejudice,
1144 1581 45 41 to
1217 1579 93 43 take
1336 1579 224 43 commands
1581 1580 39 42 in
1641 1581 67 41 the
1728 1582 146 43 largest

337 1643 122 34 negro
481 1644 113 33 army
609 1645 86 32 ever
709 1634 167 43 enrolled
890 1634 165 43 beneath
1070 1634 66 43 the
1156 1634 80 43 flag
1257 1634 43 43 of
1317 1644 76 33 any
1415 1634 166 43 civilized
1601 1639 176 41 country,
1794 1648 79 32 was

336 1689 43 34 in
399 1689 106 35 itself
528 1699 27 26 a
574 1690 121 35 brave
716 1692 76 33 act.
836 1689 80 36 The
943 1689 271 43 organization
1243 1689 78 43 and
1342 1689 239 45 disciplining
1609 1691 44 43 of
1675 1702 92 32 over
1792 1695 79 39 two

337 1744 176 35 hundred
527 1745 200 34 thousand
742 1755 96 32 men,
856 1744 44 43 of
916 1755 26 32 a
961 1754 88 33 race
1069 1744 93 43 that
1176 1744 59 43 for
1249 1754 106 33 more
1375 1745 99 42 than
1495 1748 78 39 two
1594 1747 185 40 centuries
1793 1748 80 39 had

338 1800 197 43 patiently
561 1800 121 43 borne
709 1800 67 43 the
804 1800 166 48 burdenp
999 1799 43 49 of
1058 1810 52 38 an
1131 1800 225 48 Unrequited
1377 1800 189 48 bondage,
1589 1802 59 46 for
1668 1803 66 45 the
1754 1803 120 45 main¬

334 1857 165 33 tenance
514 1856 44 34 of
566 1856 93 34 laws
673 1855 119 35 which
808 1855 78 35 had
901 1855 240 43 guaranteed
1156 1857 44 41 to
1218 1855 103 43 them
1336 1856 146 42 neither
1495 1857 125 43 rights
1640 1868 73 32 nor
1726 1860 148 41 protec¬

335 1911 100 43 tion,
452 1921 80 33 was
545 1911 134 43 indeed
694 1921 25 33 a
733 1911 247 43 magnificent
995 1908 270 46 undertaking.

417 1966 88 35 You
525 1977 94 24 were
641 1966 190 35 outlawed
853 1966 52 42 by
926 1966 66 42 the
1015 1966 145 42 decrees
1183 1966 43 42 of
1242 1966 186 42 Jefferson
1455 1967 129 43 Davis,
1614 1965 184 45 criticised
1818 1968 53 42 by1

334 2032 123 32 many
478 2021 140 43 friends
641 2024 46 40 at
707 2022 122 42 home,
847 2022 79 42 and
948 2022 340 43 contemptuously
1309 2022 165 43 received
1489 2023 52 42 by
1554 2023 159 42 brother
1727 2023 144 42 officers

334 2079 49 33 at
396 2077 292 43 headquarters,
704 2077 40 43 in
757 2078 66 42 the
836 2077 97 43 field,
950 2077 40 43 in
1004 2077 67 43 the
1085 2077 185 43 trenches,
1288 2078 79 42 and
1388 2080 46 40 at
1453 2078 67 42 the
1541 2088 98 32 mess
1653 2078 123 43 table;
1791 2081 78 41 yet,

332 2142 83 34 you
437 2133 66 43 did
524 2135 73 41 not
618 2143 128 33 waver
766 2133 39 43 in
824 2143 101 33 your
946 2133 146 43 fidelity
1113 2135 45 41 to
1175 2131 180 45 principle
1370 2143 45 33 or
1427 2133 39 43 in
1480 2143 100 33 your
1593 2133 125 43 heroic
1732 2134 140 42 leader¬

334 2188 86 45 ship
436 2189 44 44 of
495 2189 114 44 those
622 2188 128 45 whose
763 2188 112 45 valor
889 2199 79 34 was
991 2188 133 45 denied
1146 2188 99 45 until
1259 2189 33 44 it
1307 2198 78 35 was
1400 2198 145 35 proven
1559 2188 39 45 in
1611 2198 167 35 carnage
1792 2189 79 44 and

333 2244 167 42 victory.

415 2299 80 35 The
521 2300 134 34 record
683 2300 44 34 of
748 2300 66 34 the
842 2299 119 35 Black
991 2299 183 46 Phalanx,
1199 2299 139 46 invites
1365 2298 67 47 the
1453 2299 173 46 scrutiny
1646 2299 45 46 of
1712 2300 53 45 all
1785 2299 84 46 who

333 2355 101 35 have
453 2355 95 35 been
570 2355 178 43 disposed
769 2358 45 40 to
836 2357 120 41 taunt
977 2365 80 33 you
1077 2355 62 43 for
1160 2354 240 44 associating
1421 2354 92 44 with
1529 2355 23 43 "
1562 2354 130 44 armed
1712 2354 160 44 barbar¬

331 2410 127 36 ians."
500 2410 59 36 No
581 2420 193 26 massacre
788 2410 43 36 of
846 2410 241 43 vanquished
1109 2410 61 43 foe
1192 2410 124 43 stains
1339 2410 67 43 the
1419 2410 165 43 banners
1599 2410 44 43 of
1658 2409 112 44 those
1786 2410 81 43 who

331 2466 175 35 followed
519 2476 92 33 you,
627 2466 135 43 giving
777 2468 157 41 quarter
948 2466 73 43 but
1036 2465 189 44 receiving
1240 2475 110 34 none.
1393 2465 40 44 It
1459 2475 79 34 was
1565 2475 100 34 your
1691 2465 180 44 teaching

331 2522 94 35 that
440 2522 132 35 served
594 2532 45 25 as
661 2531 26 26 a
707 2521 187 43 complete
914 2521 188 43 restraint
1126 2521 160 43 against
1306 2520 236 44 retaliation,
1559 2520 151 44 though
1731 2522 140 42 states¬

331 2587 86 24 men
432 2577 133 34 hinted
580 2577 93 34 that
693 2576 34 35 it
748 2576 126 35 would
895 2576 47 35 be
957 2576 96 43 just.
1098 2576 107 43 Your
1227 2576 173 43 training
1422 2575 202 44 developed
1645 2575 223 44 patriotism

330 2633 81 34 and
431 2642 178 33 courage,
632 2632 74 43 but
726 2634 73 41 not
820 2641 171 34 revenge.
1036 2631 228 44 Ungrateful
1286 2641 44 34 as
1352 2631 198 44 Republics
1573 2641 65 34 are
1652 2630 84 45 said
1750 2632 45 43 to
1810 2630 56 45 be,

329 2698 95 25 ours
458 2688 74 35 has
554 2687 126 36 aimed
694 2689 46 34 to
755 2686 193 43 recognize
963 2687 114 42 merit
1093 2686 79 43 and
1186 2686 145 43 reward
1346 2686 43 43 it,
1407 2686 78 43 and
1499 2686 112 43 those
1625 2686 84 43 who
1725 2688 45 41 at
1784 2686 85 43 first

329 2743 129 36 hailed
484 2754 81 32 you
592 2743 94 43 with
714 2742 232 44 contumely,
971 2751 66 35 are
1057 2751 87 35 now
1165 2741 93 45 glad
1279 2743 47 43 to
1346 2743 106 43 greet
1471 2751 80 35 you
1572 2752 46 34 as
1638 2741 131 45 heroes
1791 2741 78 45 and

328 2799 157 36 saviors
500 2799 44 36 of
560 2809 26 26 a
599 2808 180 27 common
794 2799 178 40 country.

411 2854 60 36 No
485 2857 87 33 true
586 2854 141 36 soldier
742 2852 138 38 desires
901 2854 46 36 to
968 2852 128 42 forget
1115 2851 68 43 the
1197 2851 100 44 price
1312 2851 44 44 of
1371 2851 59 44 his
1444 2851 199 44 country's
1656 2851 150 44 liberty,
1823 2861 46 34 or

328 2911 96 35 that
438 2909 45 37 of
491 2909 60 37 his
566 2919 97 33 own;
678 2909 34 43 it
725 2908 33 44 is
772 2908 68 44 the
854 2907 240 45 recollection
1110 2906 45 46 of
1163 2906 66 46 the
1243 2907 153 45 terrible
1413 2907 142 45 bloody
1571 2906 218 46 onset—the
1803 2917 66 35 au-
