2200 3300
753 305 107 43 The
887 305 237 43 Phalanx
1148 318 48 31 in
1222 305 236 44 Virginia.

1757 303 100 43 383

351 434 124 46 tion.
521 436 100 44 The
638 438 98 55 day
752 451 99 42 was
869 439 222 55 superbly
1108 439 144 55 clear;
1271 438 82 56 the
1370 438 97 56 soft
1486 435 304 59 atmosphere
1809 437 53 57 of

353 502 85 43 the
463 503 133 56 early
622 505 165 55 spring
811 518 98 42 was
945 505 138 55 made
1118 505 317 55 additionally
1468 504 222 56 pleasant
1724 503 65 57 by
1825 516 31 44 a

355 569 108 43 cool
480 570 180 53 breeze;
679 571 108 52 rain
804 571 97 52 had
927 571 139 52 fallen
1092 571 82 52 the
1198 571 219 55 previous
1435 570 153 56 night,
1610 570 96 56 and
1722 570 134 56 there

354 648 101 30 was
481 649 64 30 no
573 637 114 42 dust
712 639 57 40 to
796 650 139 29 cause
961 637 277 43 discomfort
1263 640 55 40 to
1344 637 82 43 the
1444 636 196 44 soldiers
1659 649 55 31 or
1732 649 123 42 spec¬

354 704 181 42 tators.
589 703 99 43 The
712 705 173 53 troops
919 703 220 55 marched
1174 703 96 55 and
1306 703 234 55 appeared
1574 702 120 56 well;
1730 702 125 56 their

357 768 148 43 soiled
532 769 97 42 and
655 769 222 42 battered
903 769 122 55 flags
1051 769 197 55 bearing
1272 769 302 55 inscriptions
1601 768 52 56 of
1673 768 181 56 battles

357 834 56 42 of
432 834 74 43 six
532 833 177 45 States.
763 835 99 43 The
887 848 138 41 corps
1050 834 100 55 had
1176 835 218 54 achieved
1421 835 177 54 almost
1631 835 82 54 the
1747 834 106 55 first

357 913 181 30 success
558 901 54 42 of
630 901 83 42 the
729 913 99 30 war
853 901 49 42 in
928 900 155 43 North
1109 900 242 54 Carolina;
1379 901 40 53 it
1436 901 97 53 had
1550 900 227 54 hastened
1795 903 57 51 to

356 965 84 43 the
457 966 239 42 Potomac
712 967 50 41 in
778 966 116 42 time
910 968 57 40 to
987 966 79 42 aid
1092 966 49 42 in
1166 967 213 55 rescuing
1402 968 82 54 the
1502 966 199 56 Capitol,
1721 967 132 55 when

357 1031 91 42 Lee
482 1032 139 42 made
654 1028 74 46 his
762 1032 106 42 first
902 1031 238 43 Northern
1165 1032 242 53 invasion;
1435 1033 40 52 it
1500 1045 106 40 won
1631 1032 139 55 glory
1797 1035 55 52 at

357 1095 157 44 South
539 1097 268 52 Mountain,
837 1097 96 52 and
960 1098 139 51 made
1123 1098 82 51 the
1230 1111 185 38 narrow
1442 1098 163 55 bridge
1623 1100 55 53 at
1696 1098 157 55 Antie-

355 1165 122 51 tam,
497 1163 182 53 forever
696 1163 219 53 historic;
935 1163 41 53 it
994 1164 97 52 had
1109 1164 197 52 likewise
1322 1164 195 52 reached
1535 1163 251 55 Kentucky
1803 1164 49 54 in

356 1228 117 43 time
496 1232 57 42 to
581 1229 80 45 aid
687 1229 48 45 in
762 1229 191 56 driving
976 1230 83 55 the
1085 1230 316 55 confederates
1426 1231 122 54 from
1565 1230 113 55 that
1697 1229 151 56 State.

356 1294 115 43 Now
488 1295 41 43 it
556 1295 238 55 appeared
811 1295 115 55 with
944 1296 228 54 recruited
1190 1296 159 54 ranks,
1371 1296 95 54 and
1484 1308 97 42 new
1598 1295 254 55 regiments

357 1362 54 42 of
432 1374 55 30 as
513 1361 131 56 good
671 1361 147 56 blood
846 1374 54 43 as
927 1374 105 43 ever
1057 1374 98 43 was
1181 1361 178 56 poured
1395 1363 88 54 out
1516 1361 49 56 in
1597 1361 83 56 the
1713 1374 140 43 cause

357 1427 53 43 of
430 1428 154 55 right;
607 1427 95 56 and
721 1427 115 56 with
855 1440 31 43 a
911 1439 97 44 new
1027 1426 383 57 element—those
1434 1427 155 56 whom
1614 1426 115 57 they
1753 1427 97 56 had

355 1494 165 56 helped
539 1496 73 54 set
630 1494 90 56 free
737 1493 123 57 from
877 1492 83 58 the
984 1492 244 58 thraldom
1249 1492 53 58 of
1321 1492 389 58 slavery—whom
1736 1492 115 58 they

355 1573 117 29 were
489 1560 155 54 proud
662 1562 56 52 to
737 1559 140 55 claim
896 1571 55 43 as
969 1558 257 56 comrades.

456 1625 140 43 Their
621 1625 205 43 banners
852 1636 115 32 were
994 1623 150 52 silent,
1173 1623 204 52 effective
1401 1623 236 52 witnesses
1656 1623 52 52 of
1728 1623 123 52 their

355 1690 142 43 valor
532 1690 96 43 and
662 1690 124 43 their
820 1690 249 51 sacrifices;
1098 1689 145 52 Bull's
1269 1688 119 53 Run,
1425 1688 146 53 Ball's
1597 1687 135 54 Bluff,
1760 1688 91 53 Ro¬

357 1756 169 52 anoke,
580 1755 242 53 Newburn,
869 1753 184 55 Gaines'
1097 1753 136 55 Mills,
1277 1753 382 55 Mechanicsville,
1704 1753 145 55 Seven

356 1820 153 53 Pines,
531 1820 188 55 Savage
737 1820 208 55 Station,
959 1818 233 57 Glendale,
1204 1818 224 57 Malvern,
1441 1818 406 57 Fredericksburg,

355 1886 417 52 Chancellorsville,
800 1886 259 52 Antietam,
1097 1884 154 54 South
1276 1884 267 54 Mountain,
1580 1884 266 54 Knoxville,

354 1951 278 55 Vicksbnrg,
670 1951 122 55 Port
825 1950 204 56 Hudson
1064 1950 96 56 and
1195 1949 307 57 Gettysburg,
1529 1963 116 43 were
1678 1951 172 55 embla¬

355 2018 147 43 zoned
528 2017 49 44 in
603 2018 164 43 letters
794 2017 54 44 of
866 2016 128 56 gold.
1047 2016 98 56 The
1170 2016 105 56 firm
1302 2015 95 57 and
1414 2015 221 57 soldierly
1655 2016 195 56 bearing

356 2083 54 43 of
429 2083 83 43 the
528 2085 235 50 veterans,
784 2083 82 52 the
891 2095 138 42 eager
1047 2081 96 56 and
1161 2083 254 54 expectant
1432 2085 342 52 countenances
1801 2083 49 54 of

354 2151 84 42 the
463 2164 106 29 men
596 2150 95 43 and
719 2148 179 45 officers
925 2148 52 45 of
996 2148 82 45 the
1103 2160 98 33 new
1218 2147 266 54 regiments,
1504 2147 82 54 the
1603 2160 98 42 gay
1717 2150 134 53 trap¬

355 2216 139 56 pings
522 2216 53 56 of
593 2216 83 56 the
701 2214 210 58 cavalry,
940 2214 82 58 the
1048 2213 247 59 thorough
1330 2214 271 58 equipment
1636 2214 95 58 and
1757 2215 92 57 fine

354 2282 247 43 condition
628 2281 53 44 of
706 2281 83 44 the
824 2279 224 54 artillery,
1084 2278 83 55 the
1202 2278 254 55 clattering
1490 2278 52 55 of
1570 2279 152 54 hoofs,
1765 2280 85 53 the

354 2348 223 56 clanking
595 2347 52 57 of
668 2347 175 57 sabres,
862 2348 84 56 the
963 2344 283 60 drum-beat,
1266 2344 83 60 the
1374 2343 138 61 bugle
1530 2344 102 60 call,
1654 2346 95 58 and
1766 2346 84 58 the

353 2414 149 43 music
536 2413 55 44 of
616 2413 83 44 the
732 2411 155 46 bands
920 2424 115 33 were
1069 2400 65 57 alt
1168 2409 203 55 subjects
1408 2410 53 54 of
1479 2409 210 55 interest.
1750 2411 102 53 The

352 2479 248 44 President
633 2478 163 45 beheld
829 2477 83 46 the
945 2490 143 33 scene.
1150 2476 276 51 Pavement,
1456 2475 257 54 sidewalks,
1741 2477 109 52 win¬

351 2538 132 52 dows
502 2545 96 45 and
616 2544 130 46 roofs
772 2556 115 34 were
913 2542 211 48 crowded
1149 2542 115 48 with
1291 2541 178 55 people.
1519 2541 41 55 A
1578 2542 203 54 division
1799 2544 55 52 of

349 2615 224 41 veterans
599 2610 185 56 passed,
814 2608 213 58 saluting
1051 2608 82 58 the
1159 2607 244 59 President
1438 2607 93 59 and
1566 2608 124 58 their
1724 2623 123 43 com¬

349 2678 200 45 mander
574 2677 115 46 with
715 2676 168 47 cheers.
911 2674 106 49 And
1043 2674 128 52 then,
1190 2673 114 53 with
1322 2673 81 53 full
1420 2674 426 55 ranks—platoons

347 2744 259 55 extending
622 2743 123 56 from
763 2740 221 59 sidewalk
1000 2742 56 57 to
1075 2739 489 60 sidewalk—brigades
1582 2740 147 59 which
1746 2741 98 58 had

346 2825 143 30 never
506 2811 115 44 been
638 2809 49 46 in
704 2807 169 52 battle,
885 2806 75 53 for
975 2806 83 53 the
1075 2805 106 54 first
1197 2805 115 54 time
1330 2805 275 54 shouldered
1625 2819 129 40 arms
1771 2808 75 51 for

346 2878 127 44 their
490 2878 228 53 country;
737 2874 116 57 they
869 2872 105 59 who
993 2884 114 47 even
1131 2871 114 60 then
1263 2883 114 48 were
1394 2871 334 60 disfranchised
1747 2874 96 57 and

347 2957 117 33 were
489 2945 92 45 not
605 2940 247 50 American
878 2937 200 54 citizens,
1106 2939 83 53 yet
1212 2937 115 55 they
1351 2950 114 42 were
1489 2938 149 56 going
1672 2942 89 52 out
1785 2942 58 52 to
