2200 3300
333 347 97 43 382
629 344 225 46 History
880 352 64 38 op
971 353 95 37 the
1091 341 166 49 Black
1281 339 253 51 Phalanx.

334 479 55 43 of
409 478 82 44 the
509 475 236 56 Republic.
799 472 74 59 He
890 471 320 60 immediately
1227 471 155 60 began
1397 466 127 65 their
1540 458 302 73 reorganiza¬

333 546 123 51 tion,
478 557 55 40 as
552 556 32 41 a
601 540 305 57 preliminary
922 540 58 57 to
1000 536 253 61 attacking
1270 534 129 63 Lee's
1416 534 198 63 veteran
1635 537 140 60 army
1793 521 57 76 of

335 611 232 43 northern
584 606 230 56 Virginia.

435 678 66 41 As
526 677 90 42 has
643 673 157 46 before
825 670 116 49 been
967 667 177 52 stated,
1171 666 83 53 the
1279 676 145 43 negro
1450 661 115 58 had,
1585 670 66 49 up
1668 658 57 61 to
1743 653 102 66 this

334 744 132 51 time,
484 742 150 53 taken
651 753 64 42 no
742 749 116 46 very
887 733 154 62 active
1067 734 115 61 part
1206 731 50 64 in
1279 730 83 65 the
1386 727 183 68 battles
1594 721 175 74 fought
1793 720 51 75 in

336 809 231 55 Virginia.
620 807 98 57 The
753 803 106 61 seed
896 800 54 64 of
970 798 230 66 prejudice
1235 808 129 56 sown
1398 795 66 69 by
1499 788 222 76 Generals
1754 785 91 79 Mc¬

339 875 173 42 Dowell
530 873 97 44 and
645 870 247 47 McClellan
921 869 55 48 at
1002 865 83 52 the
1110 861 257 56 beginning
1385 859 52 58 of
1457 855 269 62 hostilities,
1746 852 99 65 had

338 941 191 55 ripened
545 940 107 56 into
671 935 281 61 productive
968 932 129 64 fruit.
1161 928 98 68 The
1274 927 150 69 Army
1441 924 56 72 of
1506 923 83 73 the
1607 920 239 76 Potomac

340 1007 142 54 being
506 1005 132 56 early
662 1002 214 59 engaged
902 1001 50 60 in
979 993 356 68 apprehending
1361 990 96 71 and
1475 987 248 74 returning
1739 999 106 62 run¬

340 1085 141 41 away
516 1072 155 54 slaves
704 1072 57 54 to
795 1067 125 59 their
954 1062 247 64 presumed
1238 1070 194 56 owners,
1459 1055 98 71 had
1583 1052 204 74 imbibed
1814 1064 32 62 a

340 1139 164 51 bitter,
533 1135 298 55 unrelenting
855 1132 172 58 hatred
1052 1131 76 59 for
1160 1128 83 62 the
1277 1137 137 53 poor,
1443 1123 91 67 but
1566 1132 109 58 ever
1698 1118 148 72 loyal,

342 1217 163 42 negro.
568 1203 71 56 To
665 1201 99 58 this
790 1200 254 59 bitterness
1071 1197 82 62 the
1180 1188 371 71 Emancipation
1577 1185 270 74 Proclama¬

340 1271 110 42 tion
485 1282 123 43 gave
643 1282 32 43 a
708 1269 112 56 zest,
848 1264 215 61 through
1096 1263 82 62 the
1204 1259 298 66 pro-slavery
1526 1268 131 57 press
1685 1256 54 69 at
1764 1252 83 73 the

343 1337 172 51 North,
535 1334 148 54 which
709 1331 206 57 taunted
942 1331 81 57 the
1048 1328 197 60 soldiers
1270 1326 116 62 with
1406 1326 26 62 "
1442 1323 213 65 fighting
1678 1324 55 64 to
1755 1319 94 69 free

346 1404 82 42 the
445 1400 245 55 negroes/'
743 1399 115 56 This
876 1397 166 58 feeling
1057 1395 97 60 had
1174 1393 162 62 served
1353 1395 57 60 to
1437 1387 279 68 practically
1732 1386 115 69 keep

341 1470 87 43 the
445 1481 161 42 negro,
629 1479 55 44 as
704 1478 31 45 a
753 1464 184 59 soldier,
960 1465 88 58 out
1076 1461 52 62 of
1150 1460 81 63 the
1249 1460 146 63 Army
1422 1457 53 66 of
1494 1456 83 67 the
1595 1455 249 68 Potomac.

447 1533 197 45 General
661 1531 244 51 Burnside,
917 1542 131 41 upon
1068 1526 247 57 assuming
1329 1525 75 58 his
1421 1522 268 61 command,
1702 1519 145 64 asked

343 1604 78 42 for
440 1601 96 45 and
556 1598 228 48 obtained
803 1595 280 57 permission
1100 1594 123 58 from
1240 1592 83 60 the
1340 1590 115 62 War
1464 1589 311 63 Department
1790 1587 57 65 to

344 1669 127 42 raise
506 1666 96 45 and
637 1665 132 46 unite
804 1676 31 35 a
870 1661 202 50 division
1110 1660 54 51 of
1191 1658 155 54 Negro
1380 1658 173 54 troops
1578 1656 57 56 to
1661 1653 82 59 the
1761 1652 87 60 9th

345 1736 153 52 Army
513 1732 162 56 Corps.
727 1728 279 60 Annapolis,
1026 1726 116 62 Md.,
1159 1737 99 51 was
1276 1722 196 66 selected
1491 1733 55 55 as
1563 1720 84 68 the
1666 1719 183 69 "depot

348 1801 98 43 and
471 1795 336 53 rendezvous,"
837 1794 97 54 and
959 1806 115 42 very
1102 1804 122 44 soon
1251 1789 146 59 Camp
1424 1786 214 62 Stanton
1662 1784 98 64 had
1785 1796 66 52 re¬

346 1867 158 43 ceived
521 1866 65 44 its
614 1864 255 46 allowance
896 1860 53 50 of
969 1858 223 52 Phalanx
1217 1856 256 55 regiments
1498 1852 74 59 for
1587 1851 84 60 the
1689 1849 157 62 Corps.

347 1933 151 54 Early
530 1932 50 55 in
613 1929 146 58 April,
796 1928 83 59 the
912 1938 140 49 camp
1085 1937 99 50 was
1218 1922 195 65 broken,
1442 1919 97 68 and
1572 1918 85 69 the
1688 1916 92 71 line
1804 1914 52 73 of

347 1999 166 42 march
530 1997 149 44 taken
696 1995 74 46 for
787 1993 336 54 Washington.
1177 1989 49 58 It
1251 2000 99 47 was
1375 1984 222 63 rumored
1622 1981 230 66 through¬

349 2067 90 39 out
456 2064 83 42 the
558 2063 97 52 city
670 2062 117 53 that
804 2060 83 55 the
906 2059 88 56 9th
1005 2057 146 58 Corps
1168 2054 156 61 would
1343 2063 114 52 pass
1474 2049 214 66 through
1704 2048 166 67 there,'

349 2130 99 43 and
481 2129 117 44 that
615 2128 157 45 about
791 2126 146 51 6,000
954 2124 224 53 Phalanx
1202 2134 108 43 men
1326 2118 157 59 would
1501 2118 58 59 be
1575 2131 181 46 among
1770 2117 82 60 the

347 2199 190 50 troops.
591 2194 98 55 The
715 2192 188 57 citizens
929 2203 116 46 were
1080 2202 68 47 on
1177 2189 84 60 the
1289 2190 81 59 qui
1401 2188 122 61 vive;
1551 2185 229 64 members
1806 2182 53 67 of

349 2260 233 55 Congress
602 2259 95 56 and
715 2258 83 57 the
815 2256 247 59 President
1079 2268 116 47 were
1212 2267 140 48 eager
1368 2256 58 59 to
1444 2253 189 62 witness
1649 2251 83 64 the
1748 2263 105 52 pas¬

350 2339 118 41 sage
487 2325 53 55 of
558 2325 84 55 the
659 2323 160 57 Corps.

451 2390 66 41 At
543 2390 106 41 nine
677 2389 179 42 o'clock
883 2400 63 31 on
972 2387 82 44 the
1080 2385 223 57 morning
1321 2385 53 57 of
1393 2386 83 56 the
1495 2386 123 56 25th
1637 2385 53 57 of
1709 2384 143 58 April,

350 2457 85 42 the
452 2456 119 43 head
594 2455 54 44 of
666 2455 83 44 the
767 2454 188 45 column
973 2452 187 47 entered
1179 2451 82 48 the
1279 2450 111 53 city,
1412 2452 96 51 and
1528 2454 56 49 at
1602 2452 155 51 eleven
1773 2451 82 52 the

350 2525 177 50 troops
545 2533 115 42 were
676 2519 248 56 marching
949 2520 138 55 down
1110 2516 110 59 New
1244 2516 132 59 York
1392 2515 205 60 Avenue.
1651 2517 206 58 Halting

354 2601 33 29 a
413 2587 138 43 short
579 2584 212 46 distance
816 2585 123 45 from
964 2584 83 46 the
1072 2595 164 35 corner
1262 2581 54 49 of
1337 2580 122 50 14th
1486 2584 161 52 street,
1667 2584 84 52 the
1768 2583 89 53 col¬

353 2666 117 30 umn
504 2650 154 46 closed
693 2662 78 40 up,
810 2650 96 52 and
941 2648 228 55 prepared
1201 2650 58 53 to
1294 2659 99 44 pay
1424 2646 85 57 the
1543 2647 249 56 President
1826 2661 33 42 a

354 2716 251 55 marching
630 2715 169 56 salute,
827 2715 119 56 who,
974 2714 115 57 with
1116 2712 195 59 General
1336 2711 233 60 Burnside
1595 2716 95 55 and
1719 2729 34 42 a
1776 2716 84 55 few

352 2783 189 52 friends,
562 2793 98 42 was
688 2779 227 56 awaiting
939 2779 124 56 their
1090 2778 200 57 coming.
1342 2776 88 59 Mr.
1452 2776 198 59 Lincoln
1669 2782 97 53 and
1787 2782 72 53 his

355 2852 150 54 party
532 2844 219 62 occupied
779 2858 31 48 a
834 2844 205 62 balcony
1066 2856 113 50 over
1202 2843 84 63 the
1302 2843 224 63 entrance
1544 2844 55 62 of
1619 2844 240 62 Willard's

355 2914 164 46 Hotel.
572 2911 98 49 The
696 2923 130 37 scene
850 2922 98 38 was
983 2922 89 38 one
1098 2908 54 52 of
1176 2909 143 54 great
1344 2906 182 57 beauty
1552 2909 97 54 and
1676 2913 185 50 anima-
