2200 3300
338 357 95 43 4:62

639 356 222 42 History
887 367 64 31 of
977 367 96 31 the
1099 355 166 43 Black
1288 353 255 45 Phalanx.

439 487 73 44 On
529 489 82 42 the
630 487 122 44 24th.
771 487 53 44 of
843 487 115 54 May
973 487 83 54 the
1075 487 121 54 25th
1215 484 145 57 Corps
1387 483 159 58 began
1564 474 286 67 embarking

340 556 76 43 for
440 555 156 44 Texas
623 554 67 54 by
714 566 108 42 way
839 553 55 55 of
911 553 174 55 Mobile
1109 551 120 57 Bay.
1283 550 100 58 The
1407 550 189 58 troops,
1617 544 230 64 however,

344 621 218 55 occupied
592 619 157 57 Texas
776 619 89 57 but
893 631 31 45 a
950 618 138 58 short
1111 617 130 59 time,
1269 616 84 60 the
1378 612 299 64 confederate
1702 608 148 68 forces

342 688 135 41 there
493 684 333 55 surrendering
843 696 131 43 upon
998 683 83 56 the
1099 695 130 44 same
1254 684 147 55 terms
1420 691 57 48 as
1494 677 143 62 those
1663 675 54 64 of
1738 673 114 66 Gen¬

345 753 99 42 eral
479 752 102 43 Lee.
631 751 78 44 All
744 750 123 45 fears
903 748 181 55 having
1117 749 114 54 been
1267 744 276 59 dissipated,
1571 743 84 60 the
1679 743 172 60 troops

344 832 118 29 were
487 818 165 54 slowly
678 815 238 57 mustered
946 818 89 54 out
1062 813 53 59 of
1142 814 84 58 the
1258 811 173 61 United
1467 809 163 63 States
1665 806 184 66 service.

348 884 99 42 The
463 897 107 29 men
587 882 222 44 returned
836 883 56 43 to
911 879 124 47 their
1054 879 188 47 wonted
1268 878 132 48 fields
1427 876 54 50 of
1499 875 141 51 labor
1663 876 58 50 to
1748 885 105 43 pro¬

348 950 108 42 vide
472 950 75 42 for
563 949 124 43 their
705 945 374 57 long-neglected
1098 945 210 57 families,
1328 955 132 47 upon
1479 955 32 47 a
1527 953 96 49 new
1635 952 154 50 career
1807 939 52 63 of

350 1029 141 42 peace
516 1015 98 56 and
639 1014 269 57 happiness,
932 1011 162 60 rising,
1123 1010 198 61 Phoenix
1337 1010 104 61 like,
1469 1009 123 62 from
1617 1007 83 64 the
1716 1005 137 66 ashes

350 1082 57 43 of
427 1082 188 52 slavery
640 1083 56 51 to
718 1079 103 55 join
838 1079 84 55 the
951 1077 223 57 Phalanx
1200 1076 54 58 of
1273 1076 222 58 industry
1512 1073 49 61 in
1578 1071 278 63 upbuilding

352 1148 85 42 the
460 1149 246 53 greatness
734 1145 54 57 of
807 1144 123 58 their
962 1145 219 57 country,
1208 1141 148 61 which
1380 1140 117 62 they
1521 1139 97 63 had
1645 1137 137 65 aided
1807 1136 48 66 in

351 1213 177 54 saving
543 1212 123 55 from
685 1210 271 57 desolation
979 1209 96 58 and
1093 1208 119 59 ruin.

457 1277 122 44 Such
604 1278 41 43 is
670 1277 82 44 the
778 1277 190 53 history
997 1275 54 55 of
1078 1274 82 56 the
1193 1285 146 45 negro
1366 1272 49 58 in
1440 1271 82 59 the
1547 1283 122 47 wars
1696 1269 52 61 of
1774 1269 82 61 the

356 1344 173 44 United
557 1344 176 44 States.
788 1342 200 54 Coming
1012 1344 57 52 to
1095 1340 66 56 its
1188 1340 162 56 shores
1375 1338 50 58 in
1448 1337 83 59 the
1549 1335 243 61 condition
1810 1334 53 62 of

359 1412 201 52 slavery,
581 1410 41 54 it
639 1409 213 55 required
872 1420 132 44 more
1021 1407 123 57 than
1161 1408 97 56 two
1286 1403 228 61 centuries
1532 1403 73 61 for
1621 1402 83 62 the
1712 1400 145 64 entire

360 1489 108 30 race
483 1479 57 40 to
550 1475 140 44 reach
706 1475 84 44 the
807 1476 158 43 estate
983 1473 55 46 of
1048 1471 218 48 freedom.
1319 1469 98 50 But
1433 1469 84 50 the
1532 1464 326 58 imperishable

359 1542 190 43 records
585 1541 52 44 of
665 1540 124 45 their
817 1540 137 45 deeds
992 1539 128 46 show
1155 1538 115 47 that
1304 1536 213 49 however
1550 1533 188 52 humble
1764 1532 93 53 and

361 1608 213 54 despised
592 1607 115 55 they
716 1607 123 55 have
850 1606 114 56 been
975 1605 48 57 in
1043 1604 64 58 all
1124 1602 213 60 political
1356 1601 95 61 and
1470 1599 146 63 social
1633 1598 225 64 relations

361 1675 115 55 they
495 1674 123 56 have
635 1684 139 46 never
792 1672 113 58 been
926 1670 215 60 wanting
1157 1669 48 61 in
1223 1666 277 64 patriotism
1529 1667 55 63 at
1610 1663 185 67 periods
1813 1663 52 67 of

363 1740 157 55 public
537 1739 127 56 peril.
719 1737 138 58 Their
877 1736 230 59 devotion
1125 1735 89 60 has
1233 1735 112 60 been
1355 1735 90 60 not
1463 1732 114 63 only
1593 1729 267 66 unappreci¬

366 1806 126 51 ated,
512 1805 90 52 but
619 1805 40 52 it
675 1804 90 53 has
783 1803 139 54 failed
942 1805 56 52 to
1019 1801 171 56 receive
1208 1813 31 44 a
1255 1799 167 58 fitting
1438 1795 423 62 commemoration

361 1872 52 41 in
431 1878 146 47 pages
596 1870 54 55 of
669 1869 222 56 national
920 1869 201 56 history.
1176 1866 47 59 It
1250 1866 88 59 has
1365 1865 114 60 been
1495 1864 82 61 the
1595 1873 202 52 purpose
1815 1860 52 65 of

361 1937 87 41 the
473 1937 156 41 writer
654 1936 55 42 of
734 1935 99 43 this
862 1935 190 43 volume
1076 1935 57 43 to
1160 1932 148 46 relate
1339 1930 157 48 herein
1520 1929 84 49 the
1636 1926 227 56 patriotic

360 2015 162 29 •career
540 2001 53 43 of
612 2001 82 43 the
719 2014 146 41 negro
895 2013 107 42 race
1027 2000 47 55 in
1102 1998 97 57 this
1226 1998 204 57 country
1454 1995 50 60 in
1531 2007 64 48 an
1622 1991 242 64 authentic

362 2068 102 41 and
491 2068 252 41 connected
781 2067 135 42 form.
972 2065 56 44 In
1052 2066 83 43 the
1160 2065 115 44 time
1299 2065 56 44 to
1382 2074 131 35 come
1538 2060 83 49 the
1645 2071 107 38 race
1776 2056 89 53 will

362 2133 121 42 take
508 2145 106 30 care
641 2132 53 43 of
723 2132 137 43 itself.
916 2131 195 54 Slavery
1137 2130 40 55 is
1203 2129 160 56 ended,
1393 2126 95 59 and
1514 2139 106 46 now
1646 2125 113 60 they
1787 2135 78 50 are

363 2198 211 53 striking
592 2198 70 53 off
683 2198 98 53 link
800 2198 64 54 by
882 2198 98 54 link
996 2196 83 56 the
1097 2195 161 57 chains
1278 2195 53 57 of
1350 2194 254 58 ignorance
1622 2189 147 63 Which
1785 2188 81 64 the

361 2263 243 43 servitude
630 2261 55 45 of
704 2273 131 33 some
861 2259 96 47 and
981 2259 84 47 the
1089 2257 222 54 humility
1338 2256 54 55 of
1411 2256 65 55 all
1500 2255 213 56 imposed
1731 2266 128 45 upon

365 2329 146 42 them.
563 2326 48 45 If
629 2327 82 44 the
737 2327 113 54 past
876 2324 40 57 is
941 2324 83 57 the
1050 2325 138 56 story
1215 2322 53 59 of
1288 2335 64 46 an
1371 2321 252 60 oppressed
1641 2332 119 49 race,
1779 2319 81 62 the

365 2394 159 42 future
539 2391 90 45 will
654 2390 157 46 reveal
835 2391 116 45 that
968 2389 54 47 of
1042 2401 90 35 one
1147 2387 190 56 uprisen
1352 2389 57 54 to
1426 2389 141 54 great
1585 2384 276 59 opportuni¬

366 2458 105 53 ties,
490 2456 148 55 which
662 2456 116 55 they
802 2455 91 56 will
917 2454 214 57 improve
1156 2453 121 58 from
1303 2452 279 59 generation
1599 2455 56 56 to
1674 2464 186 47 genera¬

367 2523 122 52 tion,
501 2522 96 53 and
614 2521 155 56 guard
788 2520 113 57 with
918 2520 82 57 the
1018 2532 130 45 same
1164 2518 230 59 vigilance
1410 2518 115 59 that
1542 2519 116 58 they
1674 2517 90 60 will
1779 2517 82 60 the

367 2587 206 44 liberties
592 2585 95 46 and
704 2584 287 47 boundaries
1010 2584 53 47 of
1073 2584 82 47 the
1171 2584 129 47 land.
