2200 3300
343 305 96 42 388

641 304 222 44 History
890 317 64 31 of
981 317 94 31 the
1102 307 164 42 Black
1293 308 251 41 Phalanx.

442 437 99 43 But
558 438 74 42 for
657 436 183 56 having
865 437 115 55 been
1005 437 319 55 misinformed
1351 451 54 41 as
1423 440 57 52 to
1499 434 133 58 Lee's
1649 429 204 63 retreat¬

343 503 84 57 ing
444 518 64 42 on
525 503 480 57 Richmond,—which
1030 502 72 58 led
1129 503 97 57 him
1242 507 57 53 to
1318 504 130 56 draw
1464 502 75 58 his
1557 499 151 61 forces
1725 494 126 66 back

343 570 106 42 into
468 570 73 42 his
559 568 604 53 intrenchments,—Butler
1187 570 155 51 would
1368 569 123 52 have
1517 559 334 62 undoubtedly

344 636 222 42 marched
601 635 356 54 triumphantly
990 634 105 55 into
1140 633 297 62 Petersburg.
1510 632 99 63 The
1644 625 212 70 mistake

344 715 124 42 gave
493 702 82 55 the
602 714 164 43 enemy
783 700 200 57 holding
999 699 82 58 the
1100 700 292 57 approaches
1409 702 56 55 to
1483 698 119 59 that
1620 694 98 63 city
1736 692 121 65 time

343 770 57 39 to
419 768 58 41 be
493 767 295 52 re-enforced,
811 765 96 54 and
934 765 291 55 Petersburg
1248 779 122 41 soon
1393 765 193 55 became
1602 759 101 61 well
1720 757 138 63 forti¬

343 834 91 42 fied
471 834 94 42 and
602 831 295 58 garrisoned.
960 830 336 59 Beaureguard
1340 828 245 61 succeeded
1621 826 49 63 in
1706 837 33 52 a
1772 823 81 66 few

346 900 123 54 days
502 900 117 54 time
653 898 49 56 in
737 896 363 58 concentrating
1133 897 49 57 in
1223 896 133 58 front
1390 896 54 58 of
1470 894 168 60 Butler
1672 890 184 64 25,000

344 967 188 53 troops,
552 965 115 55 thus
694 963 224 57 checking
942 963 83 57 the
1049 961 190 59 latter's
1268 962 212 58 advance
1505 958 191 62 toward
1722 956 136 64 Rich¬

345 1031 148 43 mond
521 1031 96 43 and
645 1029 302 55 Petersburg,
977 1041 64 43 on
1066 1028 83 56 the
1184 1027 147 57 south
1365 1026 99 58 side
1491 1025 53 59 of
1564 1025 83 59 the
1673 1022 181 62 James,

344 1097 191 55 though
555 1095 306 57 skirmishing
878 1097 123 55 went
1021 1107 63 45 on
1104 1096 54 56 at
1176 1093 198 59 various
1392 1091 179 61 points.

448 1160 195 45 General
673 1161 154 44 Grant
853 1160 223 45 intended
1102 1161 56 44 to
1185 1159 124 46 have
1335 1157 165 48 Butler
1528 1157 211 48 advance
1758 1156 97 49 and

346 1231 199 53 capture
571 1228 303 56 Petersburg,
894 1226 133 58 while
1054 1225 197 59 General
1268 1224 179 60 Meade,
1467 1223 116 61 with
1608 1223 82 61 the
1706 1222 148 62 Army

348 1295 54 42 of
438 1295 83 42 the
564 1293 253 53 Potomac,
856 1292 245 54 advanced
1135 1301 132 45 upon
1310 1290 261 56 Richmond
1607 1289 122 57 from
1772 1290 85 56 the

347 1361 149 43 north
514 1359 132 45 bank
665 1360 55 44 of
737 1360 83 44 the
846 1359 164 45 James
1036 1358 137 46 river.
1229 1356 109 48 Gen.
1359 1356 165 48 Butler
1542 1353 138 51 failed
1705 1358 57 46 to
1782 1369 73 35 ac¬

347 1427 232 56 complish
605 1439 132 44 more
762 1426 120 57 than
912 1425 73 58 his
1021 1424 271 59 dispatches
1326 1423 194 60 related,
1557 1422 190 61 though
1780 1422 73 61 his

346 1494 150 42 forces
522 1493 190 43 entered
737 1493 83 43 the
847 1492 96 54 city
980 1491 53 55 of
1062 1490 302 56 Petersburg,
1402 1489 228 57 captured
1666 1488 192 58 Chester

348 1559 212 53 Station,
591 1559 96 53 and
715 1558 253 54 destroyed
994 1558 83 54 the
1102 1556 215 56 railroad
1344 1555 279 57 connection
1649 1556 205 56 between

347 1626 293 55 Petersburg
657 1625 97 56 and
772 1624 277 57 Richmond.
1086 1624 192 57 Failure
1294 1626 57 55 to
1369 1624 205 57 support
1591 1621 73 60 his
1682 1624 175 57 troops

349 1693 93 42 and
472 1695 56 40 to
556 1692 214 43 intrench
796 1691 99 44 lost
921 1690 98 45 him
1047 1691 64 44 all
1137 1691 57 44 he
1228 1689 97 46 had
1361 1688 185 56 gained,
1577 1688 95 56 and
1706 1687 59 57 he
1789 1700 68 44 re¬

347 1759 174 42 turned
539 1761 56 40 to
614 1758 73 43 his
705 1757 372 44 intrenchments
1098 1758 55 43 at
1170 1755 241 46 Bermuda
1436 1754 267 47 Hundreds.

348 1826 99 41 The
473 1825 224 42 Phalanx
728 1823 175 54 (Hinks
931 1822 224 55 division)
1178 1821 106 56 held
1311 1821 104 56 City
1435 1821 148 56 Point
1602 1821 96 56 and
1718 1820 140 57 other

348 1892 215 43 stations
592 1904 64 31 on
680 1890 84 45 the
790 1890 135 51 river,
956 1889 321 54 occasionally
1304 1886 305 57 skirmishing
1634 1887 115 56 with
1773 1887 83 56 the

348 1971 179 42 enemy,
549 1958 120 55 who,
690 1969 107 44 ever
814 1955 198 58 mindful
1031 1955 54 58 of
1103 1955 83 58 the
1212 1955 99 58 fact
1335 1955 117 58 that
1470 1953 107 60 City
1594 1953 146 60 Point
1758 1965 97 48 was

344 2024 87 42 the
456 2024 116 42 base
600 2023 53 43 of
674 2022 205 55 supplies
904 2022 76 55 for
1004 2022 83 55 the
1111 2021 150 56 Army
1289 2020 55 57 of
1361 2020 84 57 the
1470 2020 178 57 James,
1677 2019 178 58 sought

348 2103 141 41 every
506 2088 324 56 opportunity
847 2089 58 55 to
930 2087 105 57 raid
1060 2086 56 58 it,
1145 2087 89 57 but
1261 2087 116 57 they
1405 2086 179 58 always
1602 2086 146 58 found
1773 2086 83 58 the

349 2155 223 43 Phalanx
590 2155 148 54 ready
757 2154 97 55 and
874 2167 63 42 on
954 2154 83 55 the
1055 2153 136 56 alert.

448 2220 133 42 After
605 2220 84 42 the
714 2220 157 42 battle
898 2219 54 43 of
972 2218 230 55 Drewry's
1228 2218 137 55 Bluff,
1394 2217 116 56 May
1538 2218 134 55 16th,
1692 2218 166 55 Butler

347 2286 216 54 thought
580 2288 57 52 to
656 2285 180 55 remain
856 2285 130 55 quiet
1003 2284 49 56 in
1069 2284 73 56 his
1161 2283 386 57 intrenchments,
1568 2285 91 55 but
1687 2284 170 56 Grant,

350 2361 65 33 on
448 2351 83 43 the
567 2351 143 51 22nd,
741 2351 194 51 ordered
969 2350 98 52 him
1102 2351 55 51 to
1194 2349 112 53 send
1335 2348 64 54 all
1425 2348 73 54 his
1524 2352 190 53 troops,
1743 2364 117 41 save

349 2416 190 55 enough
564 2418 56 53 to
648 2416 114 55 hold
790 2415 105 56 City
921 2415 160 56 Point,
1110 2416 56 55 to
1187 2413 104 58 join
1316 2413 83 58 the
1424 2413 150 58 Army
1593 2417 54 54 of
1666 2417 83 54 the
1768 2417 92 54 Po¬

348 2485 188 48 tomac;
556 2481 280 53 whereupon
855 2479 195 55 General
1069 2479 68 55 W.
1151 2478 53 56 F.
1217 2477 169 57 Smith,
1398 2478 116 56 with
1534 2480 180 54 16,000
1733 2497 124 39 men,

349 2546 255 44 embarked
630 2545 74 45 for
729 2546 82 44 the
836 2545 156 45 White
1019 2544 176 52 House,
1225 2557 64 39 on
1314 2543 83 53 the
1424 2543 256 58 Pamunky
1715 2549 142 53 river,

349 2613 161 42 Butler
540 2610 239 55 retaining
803 2610 84 55 the
913 2610 221 55 Phalanx
1161 2609 203 56 division
1392 2609 96 56 and
1514 2610 83 55 the
1633 2612 223 58 Cavalry.

350 2679 131 41 Thus
507 2676 147 44 ended
680 2675 83 45 the
798 2675 277 54 operations
1112 2674 53 55 of
1185 2674 81 55 the
1299 2673 148 56 Army
1482 2674 54 55 of
1555 2676 84 53 the
1673 2678 184 55 James,

350 2743 124 43 until
502 2741 155 45 Grant
682 2740 188 46 crossed
895 2740 84 46 the
1003 2740 124 46 river
1151 2739 115 47 with
1290 2738 84 48 the
1399 2750 138 43 army
1565 2741 55 52 of
1646 2743 85 50 the
1764 2745 96 48 Po¬

348 2813 180 40 tomac.

452 2873 71 43 On
548 2872 83 44 the
658 2870 120 46 13th
806 2870 53 46 of
878 2869 128 54 May,
1029 2868 153 55 Grant
1209 2867 284 56 determined
1520 2881 133 42 upon
1671 2885 32 38 a
1720 2874 134 49 flank

349 2940 273 46 movement
638 2935 189 51 toward
845 2934 214 54 Bowling
1078 2932 158 56 Green,
1257 2932 113 56 with
1390 2945 30 43 a
1445 2932 115 56 view
1580 2934 54 54 of
1653 2938 202 58 making
