2230 3320
359 307 95 43 330

667 316 221 46 History
912 332 66 31 of
1002 333 98 34 the
1127 323 164 44 Black
1315 324 253 43 Phalanx.

359 445 66 34 the
445 448 132 43 parley
599 449 115 42 which
735 452 147 42 ensued,
900 454 78 40 and
1000 454 103 40 while
1123 455 67 39 the
1210 455 112 43 firing
1342 455 130 43 ceased
1494 465 50 33 on
1567 453 99 45 both
1688 451 110 47 sides,
1813 450 70 48 the

359 499 117 36 rebels
492 502 91 43 kept
595 504 192 44 crowding
802 516 49 34 up
873 509 43 41 to
938 507 66 43 the
1024 509 124 41 works
1170 519 51 31 on
1242 509 65 41 the
1329 509 77 41 side
1426 519 93 31 near
1541 507 92 43 Cold
1656 505 122 45 Creek,
1802 502 79 48 and

358 555 83 34 also
464 559 241 42 approached
726 571 131 30 nearer
877 572 52 29 on
950 562 65 39 the
1036 563 117 38 south
1174 564 89 42 side,
1286 564 157 42 thereby
1458 563 161 43 gaining
1634 559 247 47 advantages

358 611 164 44 pending
542 613 66 42 the
628 615 210 40 conference
858 617 118 38 under
996 617 66 38 tho
1075 617 79 42 flag
1175 619 44 40 of
1234 621 116 38 truce.
1391 618 53 41 As
1466 628 97 31 soon
1587 625 45 34 as
1653 614 66 45 the
1741 613 80 46 flag
1841 610 43 49 of

356 667 105 32 truce
476 677 77 24 was
568 668 222 36 withdrawn
811 669 66 35 the
898 671 137 33 attack
1055 671 136 43 began,
1215 672 77 42 and
1315 673 123 41 about
1459 673 72 41 five
1552 670 166 44 minutes
1734 667 99 47 after
1847 667 34 47 it

356 718 124 44 began
494 722 66 40 the
580 723 118 39 rebels
719 725 151 37 entered
890 725 66 37 the
976 725 90 37 fort.
1110 725 78 37 Our
1207 728 138 42 troops
1367 738 90 32 were
1479 736 99 34 soon
1600 722 277 48 overpowered,

355 774 78 34 and
448 775 118 35 broke
580 778 77 33 and
671 777 83 35 fled.
796 778 33 34 A
843 779 106 42 large
961 780 159 41 number
1134 780 44 41 of
1186 781 66 40 the
1266 782 168 42 soldiers,
1444 781 112 43 black
1572 779 78 45 and
1665 777 124 47 white,
1799 777 80 47 and

355 829 82 33 also
468 840 24 23 a
518 830 67 34 few
611 830 162 44 citizens,
790 833 136 41 myself
943 844 144 32 among
1113 834 67 42 the
1206 836 168 41 number,
1405 835 138 42 rushed
1566 834 111 43 down
1699 834 66 43 the
1784 833 98 44 bluff

352 885 152 33 toward
524 885 66 33 the
610 886 108 34 river.
762 886 19 34 I
801 887 198 34 concealed
1021 888 136 41 myself
1172 899 45 30 as
1238 890 78 39 well
1345 899 45 30 as
1417 890 19 39 I
1464 889 111 40 could
1597 888 39 41 in
1659 899 25 30 a
1705 888 172 43 position

353 937 118 34 where
486 938 17 34 I
517 939 109 34 could
644 940 196 43 distinctly
855 951 58 32 see
928 942 51 41 all
993 941 92 42 that
1099 943 138 41 passed
1251 943 119 41 below
1384 944 66 40 the
1464 943 103 42 bluff,
1578 943 58 42 for
1651 954 25 31 a
1690 943 186 42 consider¬

352 991 86 34 able
453 992 170 35 distance
638 1005 50 31 up
704 995 77 41 and
797 995 111 41 down
922 996 65 40 the
1000 996 110 40 river.

433 1047 82 34 '"A
530 1048 105 43 large
655 1049 168 42 number,
848 1051 45 40 at
913 1050 99 41 least
1034 1060 71 31 one
1126 1050 181 44 hundred,
1332 1062 92 32 were
1445 1052 170 42 hemmed
1636 1054 38 40 in
1696 1065 92 29 near
1807 1055 67 39 the

349 1101 99 33 river
469 1098 104 38 bank
594 1103 53 40 by
667 1103 131 40 bodies
821 1104 44 39 of
879 1104 66 39 the
966 1105 117 38 rebels
1104 1106 153 43 coming
1277 1107 98 42 from
1397 1108 97 41 both
1516 1109 117 40 north
1650 1110 77 39 and
1741 1111 131 38 south.

349 1154 105 35 Most
469 1157 51 33 all
536 1156 43 34 of
594 1157 112 34 those
721 1158 91 33 thus
833 1158 170 35 hemmed
1025 1160 38 34 in
1084 1171 92 23 were
1198 1161 164 35 without
1383 1173 115 25 arms.
1542 1163 19 35 I
1575 1174 78 25 saw
1668 1176 117 33 many
1799 1167 74 42 sol¬

348 1209 108 43 diers,
472 1210 98 42 both
585 1211 113 41 white
713 1212 77 40 and
804 1212 122 44 black,
944 1214 124 42 throw
1089 1225 51 33 up
1161 1215 100 43 their
1282 1227 104 31 arms
1407 1218 39 40 in
1466 1219 119 39 token
1600 1220 44 38 of
1660 1220 208 46 surrender,

347 1264 78 34 and
438 1253 74 51 cq,li
527 1267 71 37 out
613 1266 92 38 that
719 1266 90 42 they
824 1267 78 41 had
917 1270 254 38 surrendered.
1215 1271 79 37 The
1315 1272 117 36 rebels
1454 1274 123 34 would
1599 1276 115 43 reply,
1733 1275 135 44 'G—d

345 1318 118 34 d—n
476 1329 91 33 you,
586 1320 83 42 why
684 1321 125 41 didn't
821 1332 80 34 you
922 1325 198 41 surrender
1140 1324 169 42 before?'
1326 1321 78 45 and
1425 1328 92 38 shot
1537 1330 105 36 them
1664 1331 111 35 down
1796 1332 74 36 like

344 1373 110 43 dogs.

425 1429 42 16 "'
477 1429 78 35 The
569 1430 118 36 rebels
701 1433 238 35 commenced
954 1444 50 24 an
1019 1434 299 38 indiscriminate
1332 1438 207 44 slaughter.
1582 1439 119 45 Many
1714 1442 152 42 colored

341 1483 158 35 soldiers
515 1495 145 34 sprang
674 1487 83 42 into
773 1488 66 41 the
853 1488 98 41 river
965 1489 79 40 and
1058 1491 99 38 tried
1171 1494 44 35 to
1230 1502 132 34 escape
1377 1494 51 42 by
1442 1495 221 44 swimming,
1673 1496 73 43 but
1759 1497 107 42 these

341 1548 93 24 were
447 1539 219 44 invariably
681 1542 92 41 shot
788 1543 107 40 dead.

422 1593 84 36 "£A
534 1595 111 35 short
673 1597 171 35 distance
870 1599 98 34 from
996 1610 69 33 me,
1097 1601 77 42 and
1203 1603 130 40 within
1362 1604 101 44 view,
1494 1616 26 32 a
1546 1606 159 42 number
1725 1608 45 40 of
1792 1619 72 29 our

340 1649 184 34 wounded
538 1649 79 36 had
632 1651 91 35 been
738 1653 142 42 placed,
898 1655 77 40 and
997 1665 92 30 near
1110 1657 117 38 where
1248 1657 125 44 Major
1387 1659 164 42 Booth's
1565 1661 105 43 body
1683 1662 84 44 lay;
1784 1664 77 42 and

339 1714 26 23 a
385 1704 112 35 small
518 1706 65 33 red
604 1705 80 45 flag
703 1707 191 43 indicated
915 1709 93 41 that
1029 1713 45 37 at
1094 1711 92 39 that
1206 1713 105 42 place
1328 1724 71 31 fur
1412 1716 184 39 wounded
1610 1728 93 27 were
1716 1718 142 43 placed.

339 1758 78 35 The
432 1760 116 34 rebels
563 1760 181 45 however,
762 1773 45 32 as
820 1763 93 43 they
933 1765 137 43 passed
1092 1766 106 42 these
1220 1770 183 38 wounded
1424 1781 95 32 men,
1537 1772 90 41 fired
1649 1773 105 43 right
1773 1774 85 42 into

336 1814 106 34 them
464 1815 78 35 and
562 1816 132 35 struck
716 1817 103 35 them
843 1819 88 34 with
955 1820 65 34 the
1040 1819 111 37 butts
1174 1822 43 34 of
1232 1823 99 34 their
1351 1826 182 35 muskets.
1583 1825 78 36 The
1687 1827 92 36 cries
1799 1828 60 36 for

336 1880 125 32 mercy
477 1871 77 41 and
567 1882 146 33 groans
729 1872 115 43 which
860 1884 111 31 arose
984 1875 98 40 from
1098 1877 65 40 the
1176 1888 99 36 poor
1289 1879 138 45 fellows
1442 1890 91 34 were
1547 1881 280 47 heartrending.

404 1925 42 16 "'
456 1925 190 45 Thinking
659 1928 93 42 that
766 1929 30 41 if
807 1928 17 42 I
839 1929 136 41 should
990 1931 46 39 be
1051 1932 226 44 discovered,
1287 1934 18 42 I
1323 1935 122 41 would
1459 1936 47 40 be
1520 1936 121 44 killed,
1652 1937 18 43 I
1685 1939 171 44 emerged

333 1979 99 38 from
448 1990 65 33 my
526 1980 133 45 hiding
678 1983 115 43 place,
811 1984 89 43 and,
917 1987 264 43 approaching
1201 1988 66 42 the
1287 1993 153 37 nearest
1460 1991 108 43 rebel,
1592 1992 18 42 I
1631 1992 85 42 told
1737 1994 78 40 him
1835 1994 20 40 I

334 2045 78 24 was
427 2046 26 23 a
465 2036 143 35 citizen.
652 2037 58 34 He
737 2039 95 43 said,
852 2039 102 43 'You
970 2051 64 31 are
1048 2041 36 41 in
1108 2042 77 40 bad
1206 2053 202 34 company,
1426 2044 97 43 G—d
1539 2046 116 41 d—n
1668 2058 97 34 you;
1783 2051 71 41 out

335 2090 91 33 with
446 2100 101 31 your
568 2093 241 43 greenbacks,
835 2104 45 32 or
900 2095 58 41 I'll
980 2096 118 40 shoot
1117 2097 104 42 you.'
1265 2098 18 41 I
1304 2110 99 32 gave
1424 2100 78 42 him
1525 2102 50 40 all
1597 2102 65 40 the
1683 2113 136 34 money
1834 2104 19 43 I

331 2143 89 43 had,
439 2144 76 42 and
531 2146 118 40 under
662 2147 58 39 his
735 2157 150 33 convoy
900 2149 19 41 I
934 2153 98 37 went
1046 2161 51 33 up
1112 2152 84 42 into
1211 2154 66 40 the
1291 2154 79 40 fort
1385 2156 130 42 again.

413 2198 41 17 "'
467 2198 114 35 When
596 2199 18 35 I
629 2202 201 35 re-entered
846 2204 66 33 the
925 2204 78 35 fort
1017 2205 106 35 there
1137 2217 78 24 was
1230 2209 78 34 still
1323 2219 105 25 some
1442 2211 184 45 shooting
1646 2214 119 43 going
1786 2225 63 32 on.

330 2253 19 32 I
364 2253 117 33 heard
496 2263 25 24 a
535 2255 97 33 rebel
648 2256 123 33 officer
785 2258 65 33 tell
864 2269 26 23 a
904 2260 138 34 soldier
1055 2264 73 31 not
1141 2264 45 33 to
1201 2262 64 35 kill
1281 2273 78 32 any
1374 2275 105 30 more
1494 2266 43 39 of
1552 2268 113 37 those
1678 2279 169 33 negroes.

329 2306 60 35 He
402 2308 85 33 said
501 2308 92 34 that
607 2310 91 41 they
713 2311 123 40 would
852 2313 50 38 all
917 2313 45 38 be
976 2314 121 43 killed,
1115 2326 77 32 any
1207 2328 94 32 way,
1320 2319 103 41 when
1438 2320 91 42 they
1544 2332 93 30 were
1650 2323 109 39 tried.

411 2361 155 34 "'After
579 2363 18 33 I
612 2366 149 33 entered
777 2366 65 33 the
856 2367 88 43 fort,
962 2369 76 41 and
1055 2370 97 40 after
1172 2372 66 38 the
1257 2371 138 39 United
1417 2373 131 37 States
1570 2376 79 44 flag
1662 2378 78 42 had
1754 2380 93 40 been

326 2417 118 33 taken
460 2416 121 43 down,
597 2418 66 41 the
677 2419 116 40 rebels
808 2421 83 38 held
913 2422 34 37 it
966 2433 51 33 up
1040 2422 38 44 in
1092 2425 99 41 their
1211 2426 123 40 hands
1349 2427 38 39 in
1409 2428 65 38 the
1495 2440 172 31 presence
1688 2434 45 37 of
1748 2435 99 36 their

327 2471 154 41 officers,
499 2471 76 41 and
590 2472 91 40 thus
694 2483 99 33 gave
807 2475 65 41 the
891 2477 119 39 rebels
1032 2478 150 38 outside
1203 2490 25 26 a
1248 2480 139 36 chance
1400 2484 44 32 to
1460 2484 78 33 still
1552 2487 180 35 continue
1745 2490 100 35 their

326 2525 206 42 slaughter,
550 2525 76 42 and
643 2526 16 41 I
676 2526 62 41 did
754 2531 71 36 not
839 2531 124 36 notice
976 2531 92 36 that
1083 2543 76 32 any
1174 2534 97 41 rebel
1287 2535 124 40 officer
1431 2537 159 38 forbade
1604 2540 66 35 the
1684 2542 160 47 holding

325 2579 43 33 of
384 2578 32 35 it
430 2589 62 32 up.
536 2579 18 42 I
570 2580 81 41 also
666 2580 144 41 further
824 2586 115 41 state,
955 2587 44 40 to
1014 2585 66 42 the
1094 2587 85 40 best
1194 2589 43 38 of
1252 2598 64 32 my
1337 2589 218 45 knowledge
1570 2595 77 39 and
1662 2596 181 38 informa¬

323 2634 96 41 tion,
449 2633 91 42 that
562 2634 103 41 there
685 2645 92 30 were
797 2639 72 36 not
889 2638 71 37 less
989 2639 96 36 than
1112 2641 105 34 three
1244 2641 170 35 hundred
1443 2645 76 34 and
1548 2648 104 43 sixty
1680 2662 159 33 negroes

322 2687 111 34 killed
449 2687 76 34 and
540 2689 76 32 two
632 2687 168 35 hundred
816 2691 140 35 whites.
1000 2692 90 35 This
1104 2694 19 33 I
1137 2694 86 43 give
1237 2698 43 39 to
1295 2696 65 41 the
1374 2697 85 40 best
1474 2699 43 38 of
1533 2711 66 32 my
1618 2703 222 50 knowledge

321 2740 78 35 and
414 2740 114 35 belief.
1398 2751 132 36 JOHN
1551 2754 202 42 NELSON.

362 2816 253 36 "Subscribed
637 2818 78 35 and
735 2829 123 25 sworn
877 2823 45 32 to
937 2822 125 35 before
1075 2835 59 23 me
1147 2825 79 34 this
1240 2826 77 33 2nd
1332 2827 78 41 day
1424 2828 44 40 of
1476 2828 103 45 May,
1594 2832 45 41 A.
1655 2835 44 38 D.
1716 2837 118 38 1864.

1310 2891 67 34 "J.
1400 2891 43 35 D.
1467 2892 175 47 LLOYD,

318 2935 142 43 "Ca.pt.
476 2935 96 43 11th
592 2935 169 44 Inf.,Mo.
776 2937 109 45 Vols.,
895 2940 82 42 and
994 2940 114 42 AssH.
1124 2942 171 40 Provost
1308 2944 109 44 Mar.,
1433 2946 96 42 Dist.
1548 2948 48 40 of
1597 2950 236 46 Memphis.'*
