2199 3299
326 333 64 42 96

629 330 222 43 History
877 335 65 38 of
967 331 97 42 the
1088 318 166 55 Black
1278 311 253 62 Phalanx.

328 469 234 51 ancestry,
589 461 170 59 Africa,
798 456 95 64 and
926 455 59 65 he
1019 446 195 74 abjured
1247 441 124 79 their
1403 433 213 87 religion.
1669 428 59 92 In
1760 426 85 94 the

329 533 155 43 South
500 531 58 45 he
575 528 98 48 had
690 539 64 37 no
772 522 185 54 family;
985 527 181 49 women
1191 521 116 55 were
1331 502 175 74 merely
1529 499 84 77 the
1637 498 209 78 tempor¬

330 612 90 40 ary
445 598 165 54 sharer
628 593 53 59 of
699 591 75 61 his
799 589 260 63 pleasures;
1085 579 74 73 his
1185 570 221 82 master's
1432 565 165 87 cabins
1621 572 117 80 were
1761 558 85 94 the

329 661 164 45 homes
520 661 55 45 of
593 659 74 47 his
693 656 205 50 children
924 649 172 57 during
1119 641 125 65 their
1269 632 268 74 childhood.
1589 626 150 80 While
1763 625 83 81 the

330 730 173 41 Indian
520 723 214 58 perished
751 722 49 59 in
816 719 83 62 the
917 711 213 70 struggle
1146 708 75 73 for
1235 705 84 76 the
1343 695 331 86 preservation
1700 691 54 90 of
1772 690 76 91 his

329 795 155 50 home,
511 791 75 54 his
611 788 208 57 hunting
844 780 212 65 grounds
1091 774 97 71 and
1221 770 74 75 his
1328 765 219 80 freedom,
1582 760 85 85 the
1700 770 147 75 negro

332 858 189 43 entered
547 857 105 44 into
680 853 189 49 slavery
895 859 54 43 as
976 855 122 47 soon
1125 852 55 50 as
1205 838 58 64 he
1288 846 98 56 was
1411 832 137 70 born,
1567 828 51 74 in
1633 825 100 77 fact
1749 835 99 67 was

334 926 129 41 often
481 917 262 60 purchased
760 916 50 61 in
826 915 84 62 the
925 908 171 69 womb,
1109 904 96 73 and
1222 913 98 64 was
1338 899 124 78 born
1477 897 57 80 to
1552 893 154 84 know,
1725 889 121 88 first,

332 991 116 41 that
465 989 58 43 he
539 999 99 33 was
657 997 32 35 a
706 982 144 50 slave.
904 976 47 56 If
962 987 91 45 one
1068 973 190 59 became
1282 967 105 65 free,
1405 963 60 69 he
1480 959 148 73 found
1645 956 205 76 freedom

334 1055 173 42 harder
530 1055 58 42 to
615 1051 115 46 bear
754 1047 126 50 than
913 1042 210 55 slavery;
1158 1033 106 64 half
1291 1027 219 70 civilized,
1547 1021 221 76 deprived
1803 1020 51 77 of

335 1120 166 52 nearly
519 1117 65 55 all
608 1114 170 58 rights,
805 1111 51 61 in
880 1106 198 66 contact
1102 1101 116 71 with
1242 1098 73 74 his
1343 1092 236 80 superiors
1605 1091 49 81 in
1679 1087 172 85 wealth

337 1186 98 41 and
451 1181 286 52 knowledge,
757 1173 204 60 exposed
978 1174 57 59 to
1053 1169 82 64 the
1160 1166 131 67 rigor
1318 1161 53 72 of
1393 1173 32 60 a
1447 1154 274 79 tyrannical
1739 1153 113 80 prej¬

337 1251 133 42 udice
503 1244 222 49 moulded
766 1243 107 50 into
915 1238 129 55 laws,
1079 1234 59 59 he
1180 1225 253 68 contented
1475 1220 187 73 himself
1697 1221 56 72 to
1796 1219 57 74 be

338 1314 198 43 allowed
553 1315 56 42 to
627 1311 104 46 live.

438 1380 99 41 The
563 1377 155 54 Negro
753 1384 119 47 race,
900 1370 227 61 however,
1155 1363 41 68 it
1221 1360 131 71 must
1378 1358 57 73 be
1460 1350 325 81 remembered,
1812 1349 41 82 is

339 1447 84 42 the
441 1444 114 53 only
571 1454 107 43 race
694 1439 115 58 that
826 1437 90 60 has
935 1446 105 51 ever
1058 1441 130 56 come
1204 1427 50 70 in
1272 1425 197 72 contact
1485 1419 116 78 with
1615 1418 85 79 the
1708 1417 147 80 Euro¬

341 1525 125 42 pean
491 1521 121 46 race,
643 1505 95 62 and
765 1504 115 63 been
908 1499 104 68 able
1036 1499 57 68 to
1119 1489 265 78 withstand
1410 1488 66 79 its
1496 1483 244 84 atrocities
1760 1482 94 85 and

341 1574 303 59 oppression;
681 1570 65 63 all
772 1568 176 65 others,
968 1564 91 69 like
1084 1561 83 72 the
1191 1558 187 75 Indian,
1396 1554 158 79 whom
1577 1551 117 82 they
1719 1548 136 85 could

342 1647 91 39 not
458 1641 140 45 make
623 1634 296 52 subservient
944 1633 56 53 to
1027 1627 124 59 their
1176 1638 95 48 use,
1298 1623 117 63 they
1439 1620 125 66 have
1588 1614 265 72 destroyed.

343 1709 99 41 The
458 1707 154 54 Negro
631 1715 119 46 race,
769 1700 91 61 like
876 1698 83 63 the
977 1693 251 68 Israelites,
1250 1686 262 75 multiplied
1531 1697 55 64 so
1604 1681 189 80 rapidly
1808 1679 50 82 in

342 1773 238 53 bondage,
598 1770 116 56 that
730 1767 83 59 the
840 1773 253 53 oppressor
1119 1760 189 66 became
1336 1751 224 75 alarmed,
1583 1749 95 77 and
1703 1748 155 78 began

344 1837 265 53 discussing
625 1831 222 59 methods
865 1828 54 62 of
938 1827 157 63 safety
1118 1827 58 63 to
1201 1820 196 70 himself.
1450 1818 98 72 The
1567 1815 114 75 only
1697 1811 161 79 people

344 1905 107 41 able
467 1906 57 40 to
543 1913 116 41 cope
675 1897 115 57 with
808 1896 82 58 the
905 1889 421 65 Anglo-American
1352 1899 58 55 or
1435 1883 177 71 Saxon,
1631 1880 115 74 with
1764 1890 96 64 any

344 1971 132 41 show
496 1967 54 45 of
570 1975 193 39 success,
784 1961 131 53 must
933 1959 57 55 be
1016 1956 55 58 of
1085 1956 195 58 patient
1301 1949 246 65 fortitude,
1563 1943 299 71 progressive

345 2033 302 52 intelligence,
670 2029 147 56 brave
832 2026 49 59 in
900 2023 288 62 resentment
1213 2019 103 66 and
1338 2017 188 68 earnest
1541 2014 50 71 in
1611 2011 247 74 endeavor.

428 2099 58 41 In
504 2096 122 55 spite
646 2093 53 58 of
710 2092 74 59 his
803 2087 343 64 surroundings
1166 2085 95 66 and
1281 2085 130 66 state
1429 2081 53 70 of
1494 2079 156 72 public
1669 2074 193 77 opinion

346 2166 85 41 the
452 2162 191 45 African
669 2157 138 51 lived,
837 2155 96 53 and
958 2165 125 43 gave
1106 2150 146 58 birth,
1278 2147 183 61 largely
1485 2144 216 64 through
1719 2141 144 67 amal¬

347 2227 255 57 gamation
628 2223 117 61 with
770 2222 84 62 the
878 2216 394 68 representatives
1297 2213 56 71 of
1370 2214 84 70 the
1486 2211 217 73 different
1734 2218 129 66 races

347 2296 117 41 that
479 2289 249 48 inhabited
752 2287 84 50 the
861 2283 171 54 United
1051 2281 176 56 States,
1245 2282 57 55 to
1322 2292 32 45 a
1370 2291 100 46 new
1485 2274 258 63 race,—the
1758 2273 107 64 Am¬

351 2360 154 43 erican
523 2357 169 51 Negro.
739 2351 246 57 Professor
1002 2348 237 60 Sampson
1255 2346 50 62 in
1320 2345 75 63 his
1413 2342 156 66 mixed
1587 2353 131 55 races
1736 2351 127 57 says:

433 2436 21 16 "
464 2434 78 33 The
555 2432 125 42 Negro
694 2430 34 44 is
742 2439 27 35 a
781 2438 79 36 new
873 2436 96 38 race,
987 2425 75 49 and
1077 2425 33 49 is
1123 2425 73 49 not
1208 2422 66 52 the
1289 2422 118 52 direct
1420 2420 152 54 descent
1586 2418 44 56 of
1646 2427 78 47 any
1737 2415 130 59 people

352 2491 94 34 that
457 2489 100 36 have
570 2496 86 29 ever
670 2482 215 43 flourished.
927 2473 79 52 The
1018 2480 112 45 glory
1145 2478 44 47 of
1202 2477 67 48 the
1281 2486 118 39 negro
1413 2485 87 40 race
1512 2474 33 51 is
1557 2475 69 50 yet
1638 2474 45 51 to
1698 2469 141 56 come."

453 2553 65 41 As
535 2550 214 44 evidence
767 2547 54 47 of
831 2546 65 48 its
914 2544 222 55 capacity
1151 2545 56 54 to
1227 2541 188 58 acquire
1431 2540 154 59 glory,
1604 2538 84 61 the
1705 2534 164 65 record

355 2619 140 42 made
518 2617 51 44 in
592 2615 84 46 the
701 2614 99 47 late
826 2610 212 55 struggle
1061 2608 231 57 furnishes
1319 2607 254 58 abundant
1598 2603 153 62 proof.
1804 2600 66 65 At

355 2685 84 42 the
456 2681 155 46 sound
631 2679 52 48 of
702 2678 83 49 the
801 2676 156 51 tocsin
975 2677 56 50 at
1054 2675 83 52 the
1161 2672 170 55 North,
1350 2674 163 53 negro'
1523 2670 181 57 waiter,
1733 2667 135 60 cook,

357 2749 188 49 barber,
588 2743 294 55 boot-black,
924 2753 187 45 groom,
1154 2740 165 58 porter
1362 2737 113 61 and-
1499 2736 193 62 laborer
1725 2732 149 66 stood

358 2813 150 53 ready
533 2813 57 53 at
613 2810 84 56 the
721 2807 223 59 enlisting
968 2806 152 60 office;
1148 2804 97 62 and
1278 2803 190 63 though
1500 2802 85 64 the
1617 2799 259 67 recruiting

360 2880 154 41 officer
530 2873 179 48 refused
725 2874 56 47 to
799 2870 81 51 list
897 2869 72 52 his
987 2880 152 41 name,
1159 2867 58 54 he
1233 2866 172 55 waited
1430 2865 91 56 like
1537 2865 84 56 the
1640 2865 230 56 "patient

361 2944 94 42 ox"
473 2942 75 44 for
562 2940 84 46 the
663 2932 586 60 partition-pre/uc/ic^-to
1268 2931 57 61 be
1342 2931 236 61 removed.
1605 2929 75 63 Hfe
1699 2930 170 62 waited
