2200 3300
901 305 181 43 Public
1109 306 216 43 Opinion.

1767 304 95 43 103

337 418 86 43 the
440 423 302 45 restoration
761 427 54 42 of
833 428 84 42 tlie
942 427 277 53 Union,—to
1246 427 239 53 eliminate
1510 427 82 53 the
1619 426 249 54 anti-slav¬

338 495 85 44 ery
441 489 273 55 sentiment,
734 491 149 53 which
902 493 262 51 demanded
1181 493 82 51 the
1280 492 205 52 freedom
1505 492 53 52 of
1576 493 83 51 the
1676 492 169 52 slaves.

440 551 131 47 Hon.
593 555 167 45 Elisha
776 557 55 44 It.
852 558 185 53 Potter,
1060 559 52 52 of
1124 558 164 53 Rhode
1305 558 377 53 Island,—"who
1701 558 163 54 may,"

336 617 111 42 said
473 618 90 45 Mr.
585 620 203 59 Greeley,
812 625 88 54 "be
925 624 140 55 fairly
1092 624 153 55 styled
1271 624 83 55 the
1379 624 270 55 hereditary
1676 624 120 55 chief
1818 624 55 55 of

336 682 86 43 the
440 683 301 48 Democratic
767 693 149 52 party
942 691 54 54 of
1015 691 115 54 that
1157 689 378 56 State,"—made
1562 702 31 43 a
1611 689 162 56 speech
1801 703 64 42 on

335 748 86 43 the
438 763 101 30 war
556 752 50 42 in
622 754 85 42 the
725 753 140 45 State
891 755 185 54 Senate,
1098 769 64 40 on
1186 755 83 54 the
1295 754 122 55 10th
1435 754 54 55 of
1508 753 190 57 August
1718 755 144 55 1861,

336 814 51 42 in
403 816 153 43 which
573 818 59 43 he
648 821 272 42 remarked:

417 903 20 35 I
451 904 101 36 have
566 907 86 35 said
666 906 95 37 that
774 909 67 34 the
854 920 80 23 war
947 920 92 32 may
1054 920 151 32 assume
1218 909 165 43 another
1397 911 141 41 aspect,
1555 909 78 43 and
1653 909 46 43 be
1714 920 25 32 a
1753 910 113 42 short

334 959 84 36 and
430 960 147 43 bloody
593 972 83 31 one.
719 963 87 40 And
826 966 45 37 to
894 965 91 38 such
1007 975 26 28 a
1052 975 170 28 war—an
1244 963 253 42 anti-slavery
1517 964 149 41 war—it
1687 975 117 30 seems
1818 967 47 38 to

336 1025 61 24 me
423 1025 54 26 we
498 1026 66 25 are
589 1017 217 43 inevitably
825 1018 169 43 drifting.
1037 1018 40 43 It
1097 1029 117 32 seems
1234 1021 45 40 to
1302 1028 58 33 me
1381 1018 138 43 hardly
1532 1018 41 43 in
1593 1018 66 43 the
1679 1029 125 33 power
1826 1020 46 42 of

336 1070 147 35 human
510 1071 160 35 wisdom
696 1074 47 32 to
770 1075 161 40 prevent
957 1074 44 41 it.
1043 1073 67 42 We
1137 1083 91 32 may
1255 1083 212 32 commence
1493 1073 67 42 the
1586 1084 80 31 war
1699 1074 167 41 without

336 1126 181 43 meaning
536 1128 45 41 to
603 1126 174 43 interfere
797 1127 93 42 with
912 1128 168 43 slavery;
1103 1128 73 43 but
1196 1128 54 43 let
1269 1138 45 33 us
1336 1128 98 43 have
1456 1138 72 33 one
1549 1138 45 33 or
1613 1130 78 41 two
1706 1129 157 43 battles,

335 1181 81 34 and
429 1184 67 40 get
511 1192 72 32 our
596 1182 120 42 blood
736 1182 158 43 excited,
919 1183 78 42 and
1018 1193 53 32 we
1092 1182 98 43 shall
1210 1185 73 40 not
1304 1183 90 42 only
1414 1185 73 40 not
1507 1185 146 40 restore
1667 1194 79 32 any
1759 1192 107 34 more

334 1236 139 44 slaves,
490 1237 73 43 but
576 1237 100 43 shall
696 1237 186 43 proclaim
902 1237 167 43 freedom
1090 1237 185 43 wherever
1295 1248 53 32 we
1361 1248 64 32 go.
1467 1238 86 42 And
1567 1238 33 42 it
1614 1249 117 31 seems
1745 1241 45 39 to
1805 1249 61 31 me

337 1292 146 36 almost
497 1292 159 44 judicial
675 1292 194 44 blindness
891 1303 51 33 on
963 1293 67 43 the
1050 1295 92 41 part
1164 1293 43 43 of
1221 1292 67 44 the
1302 1292 124 44 South
1440 1293 93 43 that
1546 1294 92 42 they
1654 1293 49 43 do
1719 1296 72 40 not
1805 1303 61 33 see

336 1347 94 35 that
442 1347 80 35 this
536 1350 107 32 must
655 1348 47 34 be
715 1348 67 34 the
796 1347 206 35 inevitable
1016 1348 129 44 result,
1162 1347 31 45 if
1208 1348 66 44 the
1288 1350 152 42 contest
1453 1348 33 44 is
1500 1348 248 44 prolonged."

437 1424 114 44 This
578 1425 257 43 sentiment
860 1425 191 43 became
1077 1424 165 44 bolder
1277 1424 131 55 daily
1443 1438 55 41 as
1524 1425 82 54 the
1639 1426 226 55 thinking

336 1489 158 44 Union
512 1504 107 29 men
635 1491 174 43 viewed
835 1492 83 42 the
945 1504 139 41 army
1109 1491 200 55 turning
1336 1491 130 55 aside
1491 1491 123 55 from
1632 1491 65 55 its
1715 1492 151 55 legiti¬

337 1560 132 40 mate
504 1571 244 43 purposes,
785 1559 57 55 to
878 1558 140 56 catch
1052 1570 232 44 runaway
1318 1570 211 44 negroes,
1567 1557 97 57 and
1698 1559 165 55 return

336 1624 146 43 them.
537 1623 157 56 Party
726 1624 116 55 lines
876 1637 117 42 were
1028 1624 103 55 also
1167 1623 166 56 giving
1368 1636 160 43 away;
1565 1636 107 43 men
1705 1623 48 56 in
1779 1624 84 55 the

338 1703 139 42 army
510 1690 158 56 began
700 1693 57 53 to
784 1691 165 55 realize
973 1691 85 55 the
1083 1690 156 56 worth
1268 1689 53 57 of
1340 1686 83 60 the
1449 1703 197 43 negroes
1666 1702 55 44 as
1746 1690 118 56 they

334 1756 167 45 sallied
519 1770 65 41 up
601 1759 57 52 to
675 1757 84 54 the
776 1757 124 54 rebel
918 1757 321 54 breastworks
1257 1756 116 55 that
1382 1769 116 42 were
1514 1755 132 56 often
1663 1756 202 55 impreg¬

336 1823 156 42 nable.
544 1823 132 55 They
702 1823 157 56 began
883 1825 57 54 to
968 1823 251 56 complain,
1249 1822 183 57 finding
1456 1822 83 57 the
1573 1835 146 44 negro
1747 1822 116 57 with

336 1889 73 42 his
428 1889 107 55 pick
562 1890 97 54 and
678 1890 160 54 spade,
861 1902 33 42 a
909 1892 191 53 greater
1116 1889 282 56 hinderance
1414 1890 57 55 to
1489 1887 125 58 their
1639 1901 223 44 progress

334 1955 126 45 than
476 1956 84 44 the
586 1969 190 31 cannon
801 1956 124 44 balls
953 1955 53 45 of
1024 1956 84 44 the
1133 1968 186 41 enemy;
1350 1954 96 55 and
1473 1967 131 42 more
1629 1954 124 55 than
1772 1967 91 42 one

334 2022 108 42 said
477 2024 56 40 to
568 2022 85 47 the
686 2021 334 54 confederates,
1057 2022 133 53 when
1223 2021 83 54 the
1340 2020 180 55 pickets
1557 2020 54 55 of
1637 2020 83 55 the
1761 2023 99 52 two

337 2088 171 43 armies
527 2088 238 55 picnicked
783 2088 224 55 together
1024 2088 49 55 in
1090 2087 83 56 the
1190 2087 196 56 battle's
1405 2086 95 57 lull,
1523 2099 55 44 as
1595 2086 266 57 frequently

332 2155 119 55 they
469 2155 103 55 did:
629 2153 120 57 "We
775 2167 92 43 can
892 2153 122 57 whip
1040 2166 112 44 you,
1180 2153 39 57 if
1239 2166 99 44 you
1362 2153 116 57 keep
1503 2165 125 45 your
1662 2165 198 45 negroes

334 2224 92 40 out
445 2221 54 43 of
518 2234 125 42 your
661 2220 188 56 army."

436 2287 140 51 Quite
603 2300 32 38 a
669 2287 215 51 different
917 2298 164 40 course
1114 2297 99 41 was
1248 2284 204 55 pursued
1495 2283 49 56 in
1585 2284 84 55 the
1711 2297 147 42 navy.

336 2354 207 56 Negroes
576 2367 118 43 were
727 2353 183 57 readily
945 2350 219 60 accepted
1201 2350 63 60 all
1299 2350 148 60 along
1486 2349 83 61 the
1613 2352 138 58 coast
1796 2363 65 47 on

335 2420 156 43 board
509 2421 84 42 the
601 2433 100 30 war
717 2419 189 51 vessels,
917 2418 41 52 it
976 2416 139 54 being
1132 2428 64 42 no
1216 2415 254 55 departure
1486 2414 124 56 from
1627 2415 83 55 the
1727 2428 133 42 regu¬

334 2487 76 42 lar
428 2487 97 43 and
541 2485 292 45 established
851 2482 205 56 practice
1073 2481 49 57 in
1147 2480 83 58 the
1256 2480 185 58 service.
1496 2480 98 58 The
1610 2480 115 58 view
1743 2480 116 58 with

334 2553 150 43 which
500 2553 84 44 the
600 2551 134 55 loyal
759 2549 173 57 friends
960 2546 53 60 of
1031 2547 84 59 the
1139 2545 157 61 Union
1321 2545 156 61 began
1494 2547 57 59 to
1569 2546 116 60 look
1703 2548 56 58 at
1774 2545 85 61 the

333 2632 149 43 negro
503 2619 97 56 and
617 2618 84 57 the
726 2615 237 60 rebellion,
984 2624 98 51 was
1102 2611 138 64 aptly
1257 2610 269 65 illustrated
1544 2611 49 64 in
1612 2624 63 51 an
1695 2611 164 64 article

332 2685 51 43 in
399 2686 84 42 the
499 2684 343 55 Montgomery
864 2679 146 60 (Ala.)
1032 2676 276 63 Advertiser
1322 2675 48 64 in
1389 2675 142 64 1861,
1550 2676 149 63 which
1726 2676 128 63 said:

416 2785 116 34 "The
561 2783 152 36 Slaves
734 2789 46 30 as
807 2787 26 32 a
860 2777 199 42 Military
1085 2773 197 46 Element
1309 2782 39 37 in
1369 2783 76 36 the
1468 2773 263 46 South—The
1751 2774 105 45 total

331 2840 116 36 white
459 2837 234 46 population
708 2835 44 48 of
766 2835 67 48 the
846 2833 126 50 eleven
986 2830 131 53 States
1130 2838 86 45 now
1229 2828 230 55 comprising
1472 2828 66 55 the
1552 2828 250 55 Confederacy
1822 2829 35 54 is

331 2894 225 44 6,000,000,
587 2891 89 47 and,
705 2888 197 50 therefore,
931 2887 45 51 to
1004 2883 53 55 fill
1083 2892 52 46 up
1155 2882 67 56 the
1241 2882 118 56 ranks
1382 2882 42 56 of
1445 2883 67 55 the
1531 2883 192 55 proposed
1744 2892 112 46 army

333 2948 209 47 (600,000)
575 2946 125 49 about
726 2946 68 49 ten
812 2951 68 44 per
899 2941 87 54 cent
1013 2937 44 58 of
1077 2937 67 58 the
1170 2936 119 59 entire
1314 2936 113 59 white
1452 2937 232 58 population
1710 2937 73 58 will
1808 2936 51 59 be
