2220 3313
868 268 105 42 The
1000 268 164 43 Black
1191 271 154 43 Flag.

1772 276 95 42 345

336 396 75 26 one
431 391 46 35 to
499 394 79 35 two
602 395 154 45 dollars,
780 398 129 43 which,
932 399 92 42 with
1044 400 67 41 the
1130 403 158 41 twenty,
1305 403 118 41 saved
1443 414 60 30 me
1516 404 99 40 from
1630 407 235 37 starvation.

333 440 22 36 I
368 442 156 47 bought
537 450 74 39 rice
625 451 45 38 of
684 451 67 38 the
770 453 126 41 guard
917 453 60 41 for
996 456 79 38 two
1098 454 145 40 dollars
1263 456 67 38 the
1350 457 189 43 half-pint,
1557 460 77 40 and
1648 461 220 41 good-sized

333 500 189 39 potatoes
536 504 61 35 for
611 515 26 24 a
652 505 125 35 dollar
790 507 103 34 each.
937 507 119 35 These
1076 519 93 24 were
1188 510 145 34 cooked
1356 513 152 41 usually
1530 523 91 31 over
1642 525 26 29 a
1688 515 100 39 little
1802 517 66 37 fire

333 551 39 35 in
387 554 67 35 the
466 558 102 40 yard
583 560 91 38 with
689 560 112 38 wood
816 570 45 28 or
874 561 106 43 chips
1001 562 131 43 picked
1156 574 51 32 up
1228 565 111 41 whil$
1355 567 121 42 going
1494 568 61 41 for
1568 571 130 38 water.
1741 569 126 40 Some¬

331 607 126 46 times,
473 612 52 42 by
541 614 160 42 waiting
714 615 191 41 patiently
920 616 60 40 for
994 626 52 30 an
1060 617 99 39 hour
1174 629 46 27 or
1234 629 116 33 more,
1367 621 19 41 I
1401 623 111 39 could
1527 626 67 39 get
1607 634 93 31 near
1714 627 151 41 enough

330 664 45 33 to
390 665 68 34 the
473 670 114 32 stove
600 671 44 31 to
660 671 73 40 put
747 678 66 33 my
826 679 72 33 cup
915 680 62 32 on.
1014 671 79 41 The
1107 672 160 45 heating
1281 678 218 40 apparatus
1513 688 79 30 was
1608 689 25 29 a
1647 689 99 32 poor
1760 681 107 42 apol¬

331 729 78 33 ogy
424 720 60 42 for
499 732 26 30 a
538 723 167 41 cylinder
725 724 223 43 coal-stove,
974 726 79 41 and
1073 727 66 40 the
1159 730 87 37 coal
1265 730 67 37 the
1352 734 160 39 poorest
1532 732 20 41 I
1572 743 86 30 ever
1679 744 89 34 saw,
1786 735 79 43 and

329 785 99 33 gave
443 787 45 31 so
502 776 101 42 little
618 779 92 39 heat
724 780 93 38 that
833 790 71 28 one
919 781 112 37 could
1046 783 118 35 stand
1180 785 52 33 all
1247 785 78 42 day
1339 786 53 41 by
1405 786 34 41 it
1454 788 78 39 and
1546 788 136 39 shiver.

410 831 43 18 "'
462 832 80 34 The
555 833 188 43 bed-quilt
757 845 79 31 was
852 836 105 60 qiffie
971 847 164 49 narrow,
1159 839 73 57 but
1253 850 92 46 very
1366 840 111 56 much
1498 842 127 54 better
1637 843 99 53 than
1750 855 111 41 none.

411 887 161 44 "'Capt.
590 888 119 43 Weiss
725 891 78 40 and
817 891 19 40 I
851 892 125 39 would
992 894 138 41 spread
1152 905 72 30 our
1245 895 138 40 flannel
1398 900 111 35 coats
1526 908 50 27 on
1590 898 67 37 the
1670 899 110 44 floor,
1796 911 67 32 use

330 953 71 25 our
415 943 111 36 shoes
541 945 59 35 for
614 946 157 44 pillows,
796 947 137 43 spread
955 948 67 42 the
1044 948 98 43 quilt
1164 960 92 31 over
1269 961 56 32 us,
1344 952 77 41 and
1437 952 91 41 with
1542 953 132 42 barely
1690 964 114 33 space
1815 957 45 40 to

329 1001 91 33 turn
436 1010 101 33 over,
554 1000 136 44 would,
714 1002 33 42 if
761 1002 67 42 the
848 1003 113 43 night
983 1014 77 32 was
1082 1007 73 39 not
1175 1007 72 39 too
1269 1006 96 43 cold,
1382 1017 51 32 go
1454 1009 45 40 to
1516 1008 115 44 sleep;
1648 1010 153 42 usually
1815 1012 45 40 to

331 1054 129 35 dream
482 1055 42 34 of
540 1055 113 36 home
675 1057 78 34 and
773 1058 114 34 loved
909 1069 109 33 ones;
1043 1059 43 43 of
1103 1059 210 43 Christmas
1336 1062 198 40 festivities
1556 1063 78 39 and
1647 1064 212 44 banquets;

330 1110 43 34 of
387 1111 125 34 trains
535 1112 43 34 of
594 1121 111 33 army
726 1122 159 34 wagons
908 1123 43 33 so
975 1115 232 41 overloaded
1228 1116 92 40 with
1340 1117 79 43 pies
1442 1118 78 42 and
1534 1118 112 42 cakes
1660 1119 93 41 that
1767 1121 93 42 they

328 1176 92 24 were
433 1167 140 43 rolling
586 1167 85 43 into
686 1168 66 42 the
772 1169 117 43 road;
914 1169 44 43 of
974 1180 25 32 a
1020 1171 153 41 general
1193 1171 210 44 exchange;
1428 1182 25 33 a
1473 1173 126 42 thirty
1621 1174 111 43 day's
1753 1176 107 41 leave

329 1220 41 35 of
389 1221 167 44 absence,
574 1223 77 42 and
667 1233 25 32 a
706 1223 198 42 thousand
921 1225 131 42 things
1075 1225 218 44 altogether
1314 1228 126 41 unlike
1461 1228 92 41 that
1567 1228 118 41 which
1701 1240 52 29 we
1767 1241 93 28 were

327 1277 276 46 experiencing;
621 1278 78 45 and
713 1279 125 44 would
853 1280 106 43 wake
974 1281 91 42 oniy
1079 1283 44 40 to
1139 1282 79 41 find
1234 1283 191 40 ourselves
1440 1284 85 39 cold
1540 1284 78 39 and
1632 1284 164 45 hungry.

409 1332 42 18 "'
468 1332 77 35 Our
559 1344 99 26 mess
679 1334 79 36 had
778 1335 67 35 the
866 1336 154 34 volume
1041 1336 43 34 of
1098 1335 189 45 Harper's
1306 1337 210 46 Magazine,
1539 1339 119 44 found
1680 1343 45 40 at
1746 1341 114 42 Salis¬

327 1386 109 45 bury,
454 1388 77 43 and
546 1399 52 32 we
612 1389 91 42 each
718 1390 112 41 could
845 1390 98 41 have
958 1391 32 40 it
1006 1402 51 29 an
1071 1391 100 40 hour
1192 1403 45 28 or
1258 1402 106 29 more
1387 1393 114 43 daily.
1545 1394 32 42 A
1592 1394 65 42 few
1670 1406 133 32 games
1819 1397 43 41 of

327 1442 171 35 checkers
527 1454 45 23 or
598 1444 189 44 cribbage,
817 1445 140 43 played
985 1446 140 44 sitting
1153 1457 50 33 on
1224 1447 67 43 the
1311 1448 110 43 floor,
1444 1449 297 46 tailor-fashion,
1764 1462 94 33 were

328 1497 143 44 always
485 1498 40 43 in
540 1498 121 43 order.
697 1499 60 42 All
772 1500 84 41 who
872 1511 92 30 were
979 1502 244 39 accustomed
1237 1505 44 36 to
1298 1504 179 43 smoking
1491 1503 125 44 would
1630 1516 167 34 manage
1810 1510 46 40 to

329 1563 123 25 secure
468 1564 24 24 a
507 1555 137 43 supply
661 1554 41 44 of
719 1554 163 44 tobacco
899 1557 43 41 at
957 1556 100 42 least
1072 1557 185 41 sufficient
1271 1558 59 40 for
1345 1569 71 29 one
1430 1560 133 38 smoke
1576 1571 67 33 per
1658 1561 88 43 day,
1764 1563 91 43 and,

327 1608 32 34 if
373 1608 92 43 they
479 1610 112 41 could
605 1612 73 39 not
692 1610 138 41 obtain
843 1611 34 40 it
890 1611 40 40 in
945 1622 78 32 any
1038 1612 112 42 other
1164 1623 96 33 way,
1277 1614 125 42 would
1417 1615 65 41 sell
1502 1615 86 41 half
1602 1616 101 40 their
1717 1621 140 39 scanty

326 1664 142 44 ration,
486 1665 78 43 and
578 1665 165 44 perhaps
757 1669 67 40 get
837 1667 151 43 enough
1002 1669 45 41 to
1062 1668 80 42 last
1157 1679 26 31 a
1196 1669 109 41 week.
1348 1669 40 41 It
1408 1680 80 30 was
1509 1681 26 29 a
1554 1672 107 42 good
1681 1672 107 43 place
1808 1673 48 42 to

326 1719 105 35 learn
445 1719 86 35 how
545 1723 43 32 to
605 1721 221 35 economize.
869 1721 19 35 I
909 1722 99 34 have
1029 1723 139 35 known
1189 1734 106 24 some
1316 1727 44 32 to
1381 1724 120 36 refuse
1522 1737 26 23 a
1561 1726 101 44 light
1675 1727 99 43 from
1789 1729 66 41 the

327 1774 95 44 pipe,
439 1775 59 43 for
511 1776 80 42 fear
605 1776 43 42 of
663 1776 127 43 losing
804 1787 25 32 a
842 1778 112 42 grain
970 1778 43 42 of
1028 1778 67 42 the
1108 1779 173 42 precious
1301 1780 111 41 weed.
1454 1780 193 44 Evenings
1661 1793 54 31 we
1727 1785 128 39 would

326 1828 46 34 be
386 1829 37 34 in
440 1831 192 43 darkness,
651 1832 77 42 and
750 1842 44 32 as
815 1843 53 31 we
888 1833 113 41 could
1021 1836 73 38 not
1115 1845 112 29 move
1249 1835 126 39 about
1388 1836 166 38 without
1567 1837 174 43 frequent
1754 1840 103 40 colli¬

328 1884 112 44 sions,
464 1886 124 42 would
610 1887 139 42 gather
770 1888 38 41 in
828 1888 100 41 little
951 1899 142 33 groups
1117 1890 77 42 and
1215 1890 85 42 talk
1323 1891 42 41 of
1381 1891 123 43 home,
1528 1892 150 44 friends,
1695 1894 78 42 and
1788 1895 66 41 the

326 1941 103 40 good
444 1942 95 39 time
550 1943 161 42 coming,
728 1942 106 43 when
849 1954 53 31 we
916 1944 124 41 would
1054 1945 100 40 have
1175 1955 72 30 one
1268 1945 116 43 good,
1401 1956 139 33 square
1554 1948 116 43 meal;
1688 1959 166 34 arrange

325 1995 66 33 the
405 1995 64 34 bill
485 1997 43 33 of
543 1997 89 43 fare,
649 1999 233 42 comprising
903 1998 51 43 all
975 2000 65 41 the
1062 2000 190 41 delicacies
1273 2001 94 40 that
1387 2001 113 40 heart
1520 2003 110 38 could
1647 2004 102 43 wish,
1768 2014 44 33 or
1827 2016 26 31 a

325 2051 150 34 morbid
489 2053 104 33 mind
608 2054 206 42 prompted
827 2054 53 42 by
896 2064 25 32 a
936 2055 177 42 starving
1128 2056 177 41 stomach
1326 2056 112 41 could
1453 2058 189 42 conceive;
1659 2059 66 41 lay
1738 2059 116 43 platis

324 2105 59 33 for
396 2116 132 33 escape
543 2107 77 42 and
636 2108 143 41 discuss
794 2109 68 40 the
875 2112 113 37 route
1001 2111 44 38 to
1061 2109 46 40 be
1121 2109 182 43 followed;
1321 2111 85 42 sing
1421 2121 25 32 a
1459 2112 67 41 few
1539 2113 139 41 hymns
1694 2114 77 40 and
1785 2115 68 39 the

324 2161 176 35 national
516 2163 88 43 airs,
622 2164 77 42 and
714 2164 100 42 wind
828 2174 52 32 up
895 2163 92 43 with
1004 2164 8 42 '
1023 2163 105 43 We'll
1142 2163 119 43 Hang
1275 2164 75 42 Jeff
1367 2165 118 41 Davis
1508 2177 50 29 on
1581 2178 24 28 a
1620 2167 99 39 Sour
1731 2169 123 43 Apple

325 2215 114 35 Tree.'

405 2272 41 17 "'
456 2273 119 34 There
588 2284 93 25 were
695 2273 93 36 with
802 2284 46 25 us
862 2275 78 34 two
957 2273 143 36 officers
1114 2272 96 43 who,
1227 2273 105 42 when
1347 2285 52 30 we
1414 2276 150 39 arrived
1579 2280 46 35 at
1639 2277 211 46 Salisbury,

323 2326 78 35 had
422 2327 91 35 been
534 2329 39 33 in
595 2330 166 40 solitary
782 2328 253 42 confinement
1057 2327 77 43 and
1154 2328 125 42 whom
1300 2328 66 42 the
1385 2329 119 41 rebels
1525 2341 93 29 were
1631 2333 160 43 holding
1806 2345 46 31 as

322 2381 184 45 hostages
527 2384 60 42 for
607 2386 78 40 two
708 2383 180 43 guerillas
909 2382 124 44 whom
1063 2380 88 46 Gen.
1181 2381 186 45 Burnside
1386 2383 79 43 had
1486 2386 231 40 condemned
1737 2391 45 35 to
1804 2389 48 37 be

322 2437 102 35 shot.
468 2438 118 34 When
599 2439 68 34 the
680 2437 174 36 removal
869 2436 44 37 of
928 2436 65 37 the
1015 2435 144 38 officers
1180 2437 44 36 to
1245 2435 174 38 Danville
1441 2440 186 43 occurred,
1644 2442 106 41 these
1770 2445 79 38 two

321 2502 93 25 were
433 2493 166 35 released
620 2494 99 34 from
741 2492 100 36 close
862 2490 251 38 confinement
1135 2490 77 38 and
1240 2493 87 35 sent
1354 2502 51 26 on
1425 2493 93 35 with
1538 2505 56 31 us,
1619 2497 78 39 and
1717 2497 33 39 it
1770 2508 79 28 was

320 2548 173 43 thought
507 2549 92 42 they
615 2558 93 33 were
721 2556 52 35 no
788 2547 132 44 longer
935 2544 218 47 considered
1169 2554 44 37 as
1227 2544 195 47 hostages.
1466 2547 103 44 They
1590 2548 79 43 had
1683 2552 166 41 planned

320 2613 52 24 an
393 2614 133 32 escape
548 2603 79 43 and
647 2602 80 44 well
747 2601 92 45 nigh
861 2598 210 48 succeeded.
1114 2598 105 48 They
1239 2599 79 47 had
1340 2600 78 46 dug
1439 2612 25 34 a
1484 2602 86 44 hole
1590 2604 171 43 through
1782 2607 67 40 the

319 2658 106 35 brick
453 2659 96 42 wall,
580 2658 79 43 and
687 2656 161 45 passing
874 2654 85 47 into
989 2663 51 38 an
1068 2652 198 49 adjoining
1298 2657 231 44 unoccupied
1563 2658 182 44 building,
1782 2664 66 38 cut

320 2714 171 42 through
505 2714 67 42 the
585 2712 112 44 floor,
715 2711 78 45 dug
807 2708 119 48 under
940 2707 66 49 the
1021 2709 111 47 stone
1145 2707 232 49 foundation
1398 2711 77 45 and
1489 2722 92 34 were
1598 2712 83 44 just
1695 2715 152 43 coming

319 2769 172 42 through
513 2778 52 33 on
585 2768 68 43 the
675 2764 162 47 outside,
860 2762 106 49 when
988 2771 105 40 some
1115 2771 70 40 one
1205 2762 39 49 in
1264 2764 160 47 passing
1444 2766 157 45 stepped
1617 2778 50 33 on
1681 2769 66 42 the
1760 2770 87 41 thin

318 2826 107 32 crust
439 2823 79 35 and
532 2822 60 36 fell
606 2822 51 36 in.
700 2818 180 40 Whether
894 2816 46 42 he
955 2826 45 32 or
1020 2816 67 42 the
1107 2825 84 33 men
1213 2816 158 43 digging
1390 2829 92 30 were
1501 2821 67 38 the
1588 2824 106 35 most
1714 2823 135 42 fright¬

318 2879 93 34 ened
437 2878 35 35 it
498 2875 127 38 would
652 2875 47 38 be
720 2872 100 41 hard
840 2874 44 39 to
907 2870 77 43 tell.
1028 2869 79 44 The
1127 2872 92 41 next
1240 2872 177 43 morning
1437 2874 105 41 these
1563 2877 76 38 two
1662 2877 83 38 who
1768 2878 79 37 had

319 2932 151 37 Worked
492 2941 45 28 so
559 2929 101 40 hard
680 2930 45 39 to
748 2926 132 43 regain
900 2924 101 45 their
1020 2923 139 46 liberty
1186 2934 93 35 were
1305 2926 118 43 taken
1452 2931 71 38 out
1551 2930 78 39 and
1655 2932 192 43 probably

317 2986 135 46 placed
466 2986 40 46 in
520 2985 102 47 close
635 2981 255 51 confinement
905 2978 129 54 again.
