2200 3300
389 320 95 43 506
684 319 220 44 History
931 331 64 32 of
1021 332 96 31 the
1142 322 164 43 Black
1331 322 251 43 Phalanx.

389 462 102 33 even,
508 452 132 43 things
653 452 171 43 unheard
845 452 43 43 of
903 452 39 43 in
955 452 66 43 the
1034 463 110 33 camp
1165 453 59 43 life
1239 453 43 43 of
1296 454 104 42 these
1413 463 96 33 men.
1552 450 152 46 Besides
1725 448 39 48 in
1779 448 107 48 quite

390 517 26 24 a
436 507 158 34 number
615 506 43 35 of
679 507 65 34 the
764 506 150 35 colored
941 507 203 43 regiments
1165 508 169 42 military
1360 507 125 43 bands
1506 516 93 34 were
1626 503 155 47 formed,
1806 504 79 46 and

389 563 120 33 under
522 563 65 33 the
601 561 227 35 instruction
844 562 43 34 of
903 561 215 35 sometimes
1132 573 26 23 a
1170 563 105 34 band
1295 563 152 34 teacher
1466 561 99 36 from
1579 560 67 37 the
1659 560 129 42 north,
1806 560 77 42 and

390 619 46 32 at
450 618 130 33 others
601 616 118 35 under
733 627 71 24 one
818 616 44 35 of
876 617 99 34 their
990 627 83 24 own
1093 618 197 42 proficient
1309 616 300 44 fellow-soldiers,
1633 615 106 45 these
1758 615 128 45 bands

388 672 153 34 learned
568 674 44 32 to
636 672 188 34 discourse
844 674 105 32 most
975 672 258 42 entertaining
1252 672 117 42 music
1388 671 39 43 in
1448 681 122 33 camp,
1594 670 78 44 and
1700 671 104 43 often
1830 671 53 43 by

389 727 100 33 their
508 726 219 43 inspiriting
746 727 144 42 strains
906 726 64 43 did
990 726 110 43 much
1121 728 44 41 to
1186 726 132 43 relieve
1336 727 65 42 the
1421 726 146 43 fatigue
1588 725 221 44 occasioned
1829 725 54 44 by

389 781 94 43 long
504 781 77 43 and
607 781 179 43 tiresome
806 782 180 42 marches.
1029 781 79 43 But
1121 791 53 33 we
1194 791 65 33 are
1279 781 183 43 speaking
1481 791 86 33 now
1586 781 144 43 mainly
1752 781 43 43 of
1816 781 70 43 the

389 837 107 33 work
517 837 43 34 of
574 837 67 34 the
655 836 295 35 school-teacher
969 846 148 33 proper.
1159 835 87 44 And
1259 836 104 43 what
1377 836 97 43 shall
1488 846 52 33 we
1554 846 71 33 say
1640 836 43 43 of
1697 836 66 43 the
1783 836 101 43 hall&

391 891 44 34 of
455 891 174 43 learning
647 892 41 42 in
708 891 117 43 which
852 901 92 33 were
964 890 183 44 gathered
1173 891 59 43 his
1252 901 112 33 eager
1383 891 149 43 pupils?
1576 890 98 44 Well,
1697 892 183 42 certainly

389 947 107 33 these
509 947 126 34 would
654 948 74 33 not
747 956 177 33 compare
944 946 203 43 favorably
1160 946 91 43 with
1265 946 113 43 those
1391 946 43 43 of
1449 946 84 43 civil
1553 945 69 44 life,
1639 956 45 33 as
1697 956 91 33 may
1802 947 79 42 well

389 1001 47 34 be
449 1001 201 43 imagined.
694 1001 51 43 As
760 1011 91 33 says
865 1001 160 43 Bryant,
1041 1000 105 44 truly
1160 1000 77 44 and
1251 1000 234 44 beautifully,
1501 1000 183 44 speaking
1698 1001 43 43 of
1755 1001 127 45 primi¬

389 1056 81 34 tive
482 1056 178 43 religious
674 1056 181 43 worship:

749 1122 9 16 '
767 1121 78 34 The
857 1132 138 32 groves
1009 1131 92 33 were
1116 1120 115 44 God's
1245 1121 86 43 first
1343 1120 181 44 temples.'

390 1187 64 44 So,
469 1188 83 43 too,
569 1188 39 43 in
628 1188 66 43 the
707 1198 138 33 groves
860 1187 77 44 and
957 1187 104 44 fields
1076 1187 43 44 of
1134 1187 98 44 their
1245 1197 78 34 new
1343 1186 91 45 land
1456 1186 43 45 of
1513 1186 148 45 liberty,
1676 1187 105 44 these
1794 1198 84 33 men

388 1243 121 34 found
529 1243 100 34 their
649 1243 86 34 first
753 1242 158 43 temples
931 1241 44 44 of
989 1242 180 43 learning,
1187 1241 77 44 and
1284 1241 39 44 in
1337 1241 98 44 spite
1449 1240 43 45 of
1507 1241 51 44 all
1578 1241 299 44 inconveniences

390 1298 107 35 these
517 1297 131 36 school
667 1300 105 33 tents
793 1308 92 25 were
905 1297 175 36 rendered
1101 1296 104 43 quite
1226 1292 231 47 serviceable.
1501 1296 49 43 Of
1564 1295 66 44 the
1649 1298 85 41 text
1751 1295 126 44 books

389 1354 94 34 used
509 1354 106 34 there
634 1353 33 35 is
687 1355 73 33 not
779 1353 111 35 much
910 1354 45 34 to
976 1362 81 32 say,
1080 1351 59 43 for
1159 1351 105 43 these
1284 1360 92 34 were
1393 1350 190 44 generally
1613 1351 8 43 4
1630 1351 65 43 few
1716 1352 76 42 and
1819 1352 59 42 far

389 1407 189 36 between.'
621 1407 131 36 Books
766 1417 91 26 were
877 1406 92 37 used
988 1408 47 35 at
1055 1406 120 41 times,
1192 1405 44 42 of
1251 1415 140 32 course,
1414 1405 72 42 but
1506 1405 104 42 quite
1624 1416 44 31 as
1690 1406 102 41 often
1812 1408 66 39 the

390 1463 231 34 instruction
634 1463 111 42 given
758 1472 79 33 was
850 1461 157 44 entirely
1022 1460 93 45 oral.
1159 1459 105 46 That
1284 1461 104 44 these
1402 1470 110 35 spare
1531 1460 170 45 facilities
1723 1461 63 44 did
1806 1464 72 41 not

390 1519 132 33 render
548 1518 67 34 the
640 1516 184 36 teacher's
843 1514 130 38 efforts
1001 1515 202 37 ineffective
1224 1526 77 26 was
1323 1512 241 45 abundantly
1590 1526 144 33 proven
1755 1517 38 42 in
1813 1516 65 43 the

391 1573 148 42 service,
556 1573 78 42 and
647 1572 72 43 has
731 1572 92 43 been
836 1581 144 34 proven
994 1571 98 44 since
1106 1570 38 45 in
1159 1570 84 45 civil
1265 1570 68 45 life.
1376 1570 194 45 Scattered
1585 1570 85 45 here
1684 1571 77 44 and
1774 1571 107 44 there

392 1638 91 24 over
496 1628 78 34 this
588 1627 124 35 broad
726 1629 163 39 country
902 1627 136 41 to-day
1055 1637 63 31 are
1132 1637 117 31 many
1257 1629 155 39 veteran
1428 1626 156 42 soldiers
1598 1626 84 42 who
1698 1636 63 32 are
1775 1626 107 42 good

390 1683 151 34 readers
562 1683 78 34 and
660 1682 154 41 writers,
837 1692 104 31 some
962 1682 43 41 of
1027 1682 103 41 them
1152 1692 91 31 even
1263 1681 73 42 fair
1356 1681 180 42 scholars,
1558 1681 85 42 who
1666 1681 95 42 took
1781 1681 101 42 their

392 1739 86 33 first
497 1738 144 34 lessons
660 1738 99 34 from
779 1748 104 24 some
905 1737 128 42 manly
1049 1737 123 42 officer
1187 1747 44 32 or
1244 1747 51 32 no
1316 1737 71 42 less
1402 1736 129 43 manly
1553 1736 267 43 fellow-soldier
1839 1735 42 44 in

390 1793 67 34 the
470 1803 158 24 manner
648 1792 226 42 mentioned,
893 1792 136 42 during
1049 1792 89 42 such
1159 1801 110 33 camp
1291 1790 181 44 intervals
1487 1801 44 33 as
1546 1801 91 33 were
1651 1790 156 44 allowed
1826 1790 54 44 by

390 1848 67 34 the
478 1847 115 35 dread
616 1847 255 35 arbitrament
891 1846 44 36 of
950 1857 88 25 war.
1081 1846 44 36 In
1140 1857 25 25 a
1179 1846 156 36 number
1350 1846 43 36 of
1417 1845 199 43 regiments
1636 1843 106 45 these
1761 1845 118 43 fortu¬

391 1904 92 32 nate
502 1902 184 34 intervals
707 1912 91 24 were
819 1901 104 43 quite
943 1901 169 43 frequent
1133 1901 77 43 and
1232 1900 40 44 of
1295 1900 93 44 long
1409 1900 191 44 duration,
1625 1900 76 44 and
1727 1900 40 44 in
1788 1899 92 45 such

390 1966 117 32 cases,
523 1956 194 42 therefore,
733 1956 110 42 much
858 1965 176 33 progress
1048 1964 77 34 was
1140 1955 120 43 made.

472 2010 72 35 "It
557 2013 114 39 must,
689 2010 42 42 of
740 2020 141 32 course,
897 2010 46 42 be
956 2009 248 43 remembered
1224 2009 92 43 that
1329 2009 38 43 in
1383 2019 71 33 our
1466 2009 150 43 colored
1636 2008 202 44 regiments
1853 2018 28 34 a

391 2076 91 32 very
496 2066 104 42 large
614 2067 223 42 percentage
852 2065 42 44 of
909 2065 65 44 the
988 2075 84 34 men
1086 2075 91 34 were
1191 2064 185 45 illiterate,
1393 2064 196 45 especially
1604 2064 38 45 in
1656 2064 111 45 those
1780 2073 100 36 com¬

390 2121 119 43 posed
530 2121 44 43 of
588 2131 85 33 men
693 2120 97 44 from
805 2120 66 44 the
885 2120 116 44 south
1016 2119 76 45 and
1107 2129 43 35 so
1165 2119 117 45 lately
1296 2118 157 46 escaped
1472 2118 98 46 from
1584 2118 118 46 under
1715 2118 65 46 the
1793 2118 85 46 iron

390 2175 80 34 heel
491 2175 43 34 of
550 2176 159 41 slavery.
752 2174 148 43 Indeed,
916 2174 38 43 in
969 2184 117 33 many
1100 2174 44 43 of
1158 2174 103 43 them
1276 2173 105 44 there
1394 2173 111 44 could
1526 2173 162 44 scarcely
1701 2172 46 45 be
1760 2172 118 45 found

392 2232 46 32 at
463 2230 66 34 the
549 2231 315 33 commencement
884 2228 43 36 of
949 2229 65 35 the
1035 2228 137 36 service
1193 2238 25 26 a
1238 2238 90 26 man
1348 2228 84 36 who
1453 2228 110 36 could
1584 2227 118 38 either
1721 2227 91 38 read
1834 2237 45 28 or

391 2284 116 34 write.
550 2283 117 42 Many
675 2294 51 31 an
740 2284 124 41 officer
876 2294 73 31 can
962 2284 111 41 recall
1087 2282 58 43 his
1159 2283 131 42 rather
1303 2282 110 43 novel
1427 2282 209 43 experience
1648 2282 39 43 in
1701 2282 179 43 teaching

391 2338 59 34 his
464 2339 86 33 first
563 2341 176 40 sergeant
753 2338 148 43 enough
918 2338 44 43 of
969 2338 136 43 figures
1121 2338 76 43 and
1212 2337 117 44 script
1342 2337 130 44 letters
1485 2339 44 42 to
1538 2337 130 44 enable
1681 2337 66 44 the
1760 2337 119 44 latter

390 2396 46 32 to
451 2393 111 35 make
575 2403 51 32 up
642 2393 77 42 and
739 2392 85 43 sign
836 2393 67 42 the
915 2403 191 32 company
1119 2392 178 43 morning
1309 2396 141 39 report.
1491 2391 60 44 All
1570 2391 125 44 honor
1708 2393 44 42 to
1767 2391 115 44 those

390 2448 163 42 faithful,
581 2448 152 42 patient
753 2448 154 42 officers,
930 2447 77 43 and
1029 2447 51 43 all
1107 2447 135 43 honor,
1264 2448 83 42 too,
1369 2446 85 44 give
1473 2448 45 42 to
1538 2446 112 44 those
1670 2446 209 44 ambitious

392 2504 195 41 sergeants
616 2502 81 43 who
727 2502 97 43 after
852 2502 130 43 awhile
1008 2501 209 44 conquered
1245 2503 112 42 great
1384 2500 206 45 difficulties
1618 2500 77 45 and
1728 2500 154 45 became

390 2557 282 41 educationally
686 2556 197 43 proficient
896 2556 39 43 in
948 2556 99 43 their
1060 2556 92 43 lines
1167 2556 43 43 of
1226 2556 107 43 duty.

473 2611 69 34 "In
555 2611 78 34 this
647 2611 223 34 connection
880 2610 22 35 I
916 2610 143 42 readily
1073 2611 71 41 call
1158 2613 45 39 to
1218 2610 103 42 mind
1337 2620 70 32 one
1421 2609 43 43 of
1472 2609 66 43 the
1551 2611 115 41 most,
1682 2609 32 43 if
1729 2611 73 41 not
1814 2609 68 43 the

391 2669 116 39 most,
523 2666 138 42 unique
681 2666 136 42 figures
832 2665 43 43 of
891 2665 51 43 all
962 2675 64 33 my
1041 2665 211 43 experience
1271 2664 39 44 in
1330 2665 66 43 the
1410 2674 119 34 army.
1572 2664 39 44 It
1631 2674 78 34 was
1729 2663 151 45 Colonel

392 2721 130 34 James
543 2720 167 42 Beecher,
728 2720 44 42 of
785 2720 67 42 the
871 2720 150 42 famous
1042 2719 157 43 Beecher
1218 2719 142 43 family,
1377 2719 76 43 and
1475 2727 25 35 a
1519 2718 158 44 brother
1691 2718 44 44 of
1751 2718 132 44 Henry

390 2775 118 34 Ward
523 2775 165 34 Beecher.
730 2773 59 36 He
796 2784 77 25 was
887 2774 37 35 in
933 2773 201 36 command
1149 2773 44 36 of
1200 2774 65 35 the
1280 2773 103 36 First
1396 2773 122 36 North
1534 2772 176 37 Carolina
1723 2772 158 37 Colored

390 2830 209 42 Kegiment.
641 2828 45 44 In
702 2829 76 43 this
792 2828 169 44 position
975 2828 34 44 it
1016 2828 123 44 would
1152 2828 47 44 be
1212 2828 98 44 hard
1323 2830 44 42 to
1377 2827 266 45 overestimate
1656 2828 67 44 the
1729 2828 152 44 variety

391 2885 78 34 and
483 2884 111 35 value
609 2884 43 35 of
660 2883 59 36 his
734 2883 166 41 services,
916 2883 60 41 for
989 2883 45 41 he
1047 2882 151 42 became
1211 2882 59 42 for
1284 2881 58 43 his
1356 2882 156 42 soldiers
1526 2884 45 40 at
1586 2892 91 32 once
1690 2893 26 31 a
1729 2883 154 42 gallant

390 2939 149 43 fighter,
557 2949 50 33 an
621 2938 189 44 eloquent,
826 2937 223 45 convincing
1061 2937 186 45 preacher,
1265 2936 76 46 and
1356 2946 25 36 a
1394 2938 104 44 most
1518 2936 269 46 indefatigable
1802 2938 79 44 and
