2200 3300
867 281 298 45 The.Black
1191 284 153 44 Flag.

1773 286 97 42 355

336 385 267 46 condition.
657 387 246 57 However,
933 391 188 56 Sturgis
1148 394 222 53 marched
1404 395 83 52 the
1520 397 173 53 troops
1720 409 65 42 up
1813 396 57 55 at

337 450 335 59 double-quick
697 458 59 51 to
781 456 83 53 the
890 458 214 54 position
1131 460 148 52 where
1306 459 197 53 General
1530 460 222 52 Grierson
1769 475 100 37 was

338 517 201 57 holding
564 521 83 53 the
673 521 321 53 confederates
1020 524 49 50 in
1096 525 152 49 check.
1304 526 98 48 The
1428 526 216 56 infantry
1670 528 99 54 had
1795 529 76 53 be¬

339 596 132 30 come
489 598 55 29 so
564 586 264 43 exhausted
847 589 131 41 when
995 590 116 54 they
1136 591 198 53 reached
1360 592 84 52 the
1463 606 131 38 scene
1614 591 54 53 of
1689 594 177 53 action,

337 650 116 43 that
478 651 117 56 they
620 666 117 41 were
762 654 173 53 unable
962 657 55 50 to
1044 656 124 54 fight
1195 669 55 41 as
1276 658 116 54 they
1429 659 249 53 otherwise
1713 661 155 51 would

338 717 124 43 have
488 718 137 44 done.
680 718 202 57 Sturgis,
912 721 149 54 either
1086 722 232 55 ignorant
1346 724 54 53 of
1428 725 132 52 what
1595 739 98 38 was
1719 727 151 55 going

340 797 63 30 on
422 798 56 29 or
495 785 356 56 incapacitated
878 787 73 54 for
976 788 83 53 the
1085 790 146 52 work,
1252 790 282 56 heightened
1553 792 82 54 the
1654 793 215 53 disorder

340 854 55 41 at
421 852 82 43 the
528 853 133 42 front
687 853 65 55 by
779 853 282 56 permitting
1085 854 74 55 his
1177 856 133 53 train
1330 857 52 52 of
1405 871 114 38 over
1535 861 98 48 two
1653 859 214 50 hundred

338 931 197 43 wagons
554 921 56 53 to
629 920 57 54 be
704 920 180 55 pushed
903 933 64 42 up
986 921 124 54 close
1126 923 57 52 to
1202 923 84 52 the
1303 926 187 54 troops,
1510 926 116 54 thus
1644 925 225 55 blocking

337 986 125 42 their
487 999 120 40 rear,
630 987 96 52 and
754 987 307 55 obstructing
1087 988 124 54 their
1229 992 353 54 manoeuvring;
1602 992 163 54 finally
1782 992 85 54 the

338 1066 197 42 wagons
553 1066 117 42 were
687 1053 181 55 parked
888 1066 31 42 a
937 1054 140 54 short
1095 1056 216 52 distance
1328 1057 123 51 from
1468 1058 83 50 the
1568 1058 114 50 lines
1701 1059 97 49 and
1816 1058 50 50 in

339 1120 130 55 sight
504 1120 53 55 of
577 1120 84 55 the
694 1119 87 56 foe.
852 1119 98 56 The
992 1123 174 54 troops
1210 1124 263 53 exhausted
1509 1125 66 54 by
1608 1125 83 54 the
1724 1125 140 54 rapid

339 1187 176 52 march,
552 1186 208 53 without
795 1199 173 42 proper
1003 1188 265 53 formation
1304 1203 56 38 or
1394 1191 342 52 commanders,
1765 1191 99 52 had

338 1252 114 43 been
470 1252 215 55 brought
703 1265 64 42 up
786 1255 56 52 to
869 1253 83 54 the
980 1258 205 51 support
1213 1256 52 53 of
1284 1257 83 52 the
1394 1257 210 54 cavalry,
1624 1257 106 54 who
1747 1269 117 42 were

337 1319 140 54 hotly
494 1318 213 56 engaged
726 1318 116 56 with
868 1319 82 55 the
977 1333 178 42 enemy,
1175 1322 157 53 whose
1360 1323 304 54 desperation
1680 1336 99 41 was
1797 1323 67 54 in¬

337 1385 187 42 creased
553 1387 55 40 at
634 1385 83 42 the
743 1385 132 56 sight
903 1386 53 55 of
977 1388 82 53 the
1086 1388 221 53 Phalanx
1341 1389 269 54 regiments.
1666 1388 197 55 General

337 1450 238 44 Beauford
601 1451 98 43 had
720 1451 162 55 joined
903 1452 209 54 Forrest,
1135 1454 312 56 augmenting
1464 1455 73 55 his
1556 1455 123 55 force
1696 1455 162 55 4,000.

337 1516 202 57 Sturgis'
559 1517 125 56 force
702 1519 256 54 numbered
978 1520 155 53 about
1153 1520 191 53 12,000,
1357 1521 48 52 in
1424 1522 209 54 cavalry,
1647 1521 214 55 artillery

337 1584 96 43 and
459 1584 229 55 infantry.
743 1584 198 55 Forrest
966 1599 98 40 was
1091 1587 98 52 well
1215 1587 229 54 provided
1479 1588 115 53 with
1631 1588 226 54 artillery,

335 1650 148 42 which
508 1663 99 30 was
634 1663 66 43 up
727 1652 132 54 early
878 1652 95 54 and
1000 1653 123 53 took
1150 1666 32 40 a
1207 1653 213 56 position
1446 1654 49 55 in
1523 1666 63 43 an
1613 1667 122 42 open
1753 1655 106 54 field

336 1717 255 55 enfilading
616 1717 83 55 the
725 1717 198 55 Federal
948 1718 103 54 line,
1071 1719 148 53 which
1246 1719 172 55 fought
1443 1720 116 54 with
1587 1733 32 41 a
1644 1721 217 53 determi¬

337 1783 171 43 nation
527 1784 191 54 worthy
738 1784 52 54 of
813 1797 31 41 a
864 1784 155 54 better
1037 1785 98 53 fate
1152 1785 123 53 than
1293 1786 116 52 that
1426 1786 150 52 which
1593 1786 116 52 befel
1727 1786 54 52 it.

434 1849 41 42 A
493 1850 298 42 confederate
809 1850 156 42 writer
983 1864 136 41 says:

417 1953 84 34 "At
513 1953 105 42 early
634 1953 111 42 dawn
760 1962 51 33 on
827 1952 66 43 the
909 1951 95 44 10th
1026 1950 111 45 Lyon
1157 1951 100 44 took
1276 1951 67 44 the
1364 1952 181 43 advance,
1561 1952 92 43 with
1668 1952 190 43 Morton's

337 2008 169 42 artillery
526 2009 99 41 close
645 2007 150 43 behind,
819 2006 146 44 Rucker
981 2006 76 44 and
1078 2005 178 45 Johnson
1276 2006 202 44 following.
1521 2006 229 44 Meanwhile,
1766 2008 90 43 Bell,

336 2072 45 25 as
395 2073 51 24 we
460 2064 98 34 have
572 2063 142 43 stated,
739 2065 45 41 at
804 2061 136 45 Rienzi,
966 2061 105 45 eight
1091 2061 105 45 miles
1216 2061 146 45 further
1382 2062 129 44 north,
1534 2073 78 33 was
1635 2063 156 43 ordered
1811 2066 46 40 to

335 2130 112 24 move
460 2130 51 34 up
526 2122 45 42 at
585 2131 25 33 a
624 2122 96 42 trot.
764 2119 80 45 The
863 2118 130 46 roads,
1018 2116 145 48 soaked
1183 2116 92 48 with
1296 2119 119 45 water
1434 2116 98 48 from
1546 2120 127 44 recent
1686 2118 172 46 continu¬

337 2185 69 24 ous
420 2175 123 43 heavy
557 2176 106 42 rains
678 2175 78 43 and
771 2185 45 33 so
832 2174 111 44 much
958 2175 66 43 cut
1037 2182 52 36 up
1111 2171 53 47 by
1183 2171 67 47 the
1270 2171 177 47 previous
1462 2181 164 37 passage
1641 2172 43 46 of
1699 2173 159 45 cavalry

337 2230 77 35 and
427 2231 136 43 trains,
579 2231 152 43 greatly
744 2229 179 45 retarded
938 2229 65 45 the
1017 2235 179 39 progress
1212 2225 44 49 of
1269 2225 67 49 the
1351 2226 179 48 artillery,
1548 2237 43 37 so
1606 2227 93 47 that
1712 2227 147 47 Rucker

337 2286 77 33 and
441 2285 177 37 Johnson
646 2296 97 26 soon
764 2285 138 43 passed
926 2294 56 34 us.
1025 2282 58 46 On
1105 2280 179 48 reaching
1305 2280 64 48 old
1390 2279 240 49 Carrollville,
1653 2282 73 46 five
1753 2283 105 45 miles

335 2341 203 35 northeast
559 2341 44 35 of
618 2340 138 36 Brice's
778 2339 112 37 Cross
911 2338 141 41 Roads,
1076 2337 126 42 heavy
1224 2335 113 44 firing
1356 2335 112 44 could
1488 2335 46 44 be
1560 2336 119 43 heard
1695 2336 84 43 just
1806 2347 51 32 on

336 2396 134 35 ahead.
512 2397 169 42 Forrest,
699 2406 44 33 as
757 2405 79 34 was
850 2394 59 45 his
923 2395 162 44 custom,
1102 2391 78 48 had
1196 2390 140 49 passed
1350 2391 44 48 to
1410 2390 65 49 the
1488 2390 105 49 front
1608 2391 43 48 of
1659 2391 66 48 the
1738 2392 120 47 entire

334 2451 150 35 column
499 2451 92 35 with
605 2451 58 35 his
677 2452 137 34 escort.

415 2506 22 17 "
447 2506 58 35 He
519 2506 89 43 had,
624 2506 183 43 however,
825 2502 158 47 ordered
997 2501 229 48 Lieutenant
1240 2499 44 50 R.
1303 2499 36 50 J.
1357 2498 128 51 Black,
1503 2509 24 40 a
1542 2499 163 50 dashing
1724 2510 133 39 young

334 2561 135 43 officer,
491 2560 254 44 temporarily
767 2557 184 47 attached
972 2559 44 45 to
1038 2555 59 49 his
1119 2554 101 50 staff,
1237 2557 44 47 to
1304 2554 92 50 take
1417 2564 25 40 a
1457 2552 241 52 detachment
1713 2555 42 49 of
1771 2565 86 39 men

333 2616 97 34 from
445 2617 66 38 the
526 2615 164 40 Seventh
706 2613 205 42 Tennessee
925 2610 165 45 Cavalry
1105 2609 76 46 and
1203 2619 111 36 move
1335 2609 165 46 forward
1522 2608 77 47 and
1621 2609 155 46 develop
1790 2610 67 45 the

333 2681 142 33 enemy.
505 2671 119 43 Black
639 2680 98 34 soon
751 2666 178 48 reported
943 2665 93 49 that
1050 2665 45 49 he
1109 2663 78 51 had
1202 2665 78 49 met
1294 2663 66 51 the
1375 2664 171 50 advance
1561 2664 43 50 of
1619 2664 66 50 the
1699 2663 158 51 Federal

333 2727 158 42 cavalry
513 2737 72 32 one
606 2725 78 44 and
707 2734 25 35 a
751 2722 85 47 half
852 2721 105 48 miles
977 2720 97 49 from
1097 2717 137 52 Brice's
1255 2716 111 53 Cross
1387 2718 131 51 Roads
1541 2718 78 51 and
1646 2719 106 50 there
1777 2728 80 41 was

332 2781 247 42 skirmishing
593 2780 91 43 with
698 2778 117 45 them.
859 2774 158 49 General
1030 2773 158 50 Forrest
1209 2772 156 51 ordered
1385 2772 111 51 Lyon
1510 2776 45 47 to
1571 2784 106 39 press
1692 2773 165 50 forward

333 2836 93 35 with
440 2837 58 34 his
512 2834 171 43 brigade.
727 2832 31 45 A
771 2830 148 47 courier
932 2827 204 50 hastening
1149 2826 98 51 back
1260 2828 46 49 to
1319 2826 68 51 the
1406 2828 171 49 artillery
1598 2829 104 48 said:
1746 2828 11 49 '
1766 2826 93 51 Gen¬

334 2892 79 34 eral
427 2892 158 34 Forrest
600 2898 103 32 says,
715 2886 97 44 'Tell
827 2883 163 47 Captain
1005 2881 157 49 Morton
1175 2883 45 47 to
1234 2881 98 49 fetch
1347 2892 51 38 up
1412 2882 66 48 the
1492 2884 172 46 artillery
1678 2886 47 44 at
1739 2894 26 36 a
1778 2883 81 47 gal¬

335 2946 90 44 lop.'
481 2945 113 45 Lyon
614 2943 40 47 in
674 2942 68 48 the
761 2937 206 53 meantime
987 2935 79 55 had
1092 2935 158 55 reached
1275 2935 67 55 the
1369 2937 164 53 enemy's
1561 2940 195 50 outposts,
1787 2938 73 52 dis-
