2200 3300
729 286 239 45 Officers
994 297 63 34 of
1085 298 96 33 the
1208 287 252 44 Phalanx.

1765 284 95 43 171

418 418 23 18 "
450 418 80 36 The
543 419 195 45 following
751 421 33 43 is
797 422 67 42 the
884 432 98 33 copy
1004 422 43 43 of
1063 433 25 32 a
1106 422 113 43 letter
1238 420 119 45 which
1371 420 20 45 I
1406 420 204 45 addressed
1624 422 45 43 to
1685 431 26 34 a
1723 421 141 44 gentle¬

335 480 94 29 man
444 474 45 36 of
504 474 277 47 Philadelphia,
799 478 77 43 and
890 477 117 44 which
1021 488 78 33 you
1114 488 92 33 may
1220 477 78 44 find
1314 477 43 44 of
1372 477 177 44 interest:

418 530 66 35 'In
505 533 273 35 conversation
806 533 92 35 with
912 544 79 32 you
1012 544 25 32 a
1049 533 66 43 few
1130 534 96 42 days
1241 533 108 43 since,
1365 532 20 44 I
1398 531 192 45 promised
1603 533 46 43 to
1663 532 200 44 elaborate

337 586 215 36 somewhat
572 588 67 34 the
658 588 107 35 ideas
786 588 118 35 which
924 588 20 35 I
963 588 197 44 expressed
1180 588 92 44 with
1292 587 139 45 regard
1450 590 45 42 to
1510 587 67 45 the
1591 587 272 45 appointment

338 641 44 34 of
399 642 146 35 officers
560 643 44 34 of
620 644 153 34 colored
786 646 150 42 troops.

422 697 8 17 '
440 696 173 44 Military
634 709 97 32 men,
760 699 126 42 whose
908 700 155 43 opinion
1082 700 34 43 is
1143 700 123 43 worth
1294 699 155 44 having,
1465 699 73 44 will
1565 709 112 34 agree
1702 699 40 44 in
1768 699 93 44 this,

337 752 96 35 that
445 755 46 32 to
506 753 100 35 have
619 754 105 42 good
740 755 78 41 and
831 755 159 41 efficient
1003 758 138 41 troops
1160 755 35 44 it
1215 755 32 44 is
1260 754 277 45 indispensable
1550 754 92 45 that
1656 764 53 35 we
1723 754 139 45 should

338 807 102 35 have
466 809 106 42 good
601 809 155 42 officers.
799 809 80 42 The
905 810 177 41 material
1108 811 60 40 for
1196 810 156 41 soldiers
1380 810 114 41 which
1518 810 65 41 the
1603 810 106 42 loyal
1730 809 132 43 States

338 862 101 36 have
459 864 193 34 furnished
673 864 139 43 during
831 865 79 42 this
931 865 187 43 rebellion,
1142 865 19 43 I
1182 865 97 43 have
1300 875 51 33 no
1374 865 209 43 hesitation
1602 865 40 43 in
1663 864 149 44 saying,
1828 864 34 44 is

339 918 67 35 the
420 918 88 35 best
519 919 94 35 that
626 919 67 35 the
706 920 118 34 world
838 920 72 34 has
924 931 85 24 ever
1025 931 95 24 seen.
1162 920 96 35 Such
1274 931 83 24 men
1380 921 150 34 deserve
1543 923 45 34 to
1603 920 99 37 have
1717 920 145 37 officers

339 975 46 33 to
399 974 205 34 command
625 975 105 34 them
752 975 84 34 who
858 975 99 34 have
977 976 92 34 been
1090 975 184 36 educated
1294 978 46 33 to
1360 976 66 35 the
1446 976 169 42 military
1636 975 222 44 profession.

340 1026 80 37 But
440 1029 65 34 few
527 1040 85 23 men
633 1040 65 24 are
718 1030 119 42 really
859 1031 46 41 fit
925 1033 45 39 to
992 1031 203 41 command
1215 1042 85 30 men
1315 1030 83 42 who
1412 1031 98 41 have
1524 1033 72 39 not
1609 1031 79 41 had
1703 1031 90 41 such
1809 1041 52 31 an

339 1084 217 35 education.
599 1084 44 35 In
660 1085 145 34 default
820 1085 43 34 of
879 1086 90 43 this,
987 1096 44 33 as
1046 1097 26 32 a
1086 1087 184 42 sufficient
1283 1087 157 42 number
1454 1086 42 43 of
1512 1086 90 43 such
1617 1097 84 32 men
1715 1087 146 42 cannot

338 1140 48 35 be
405 1141 119 35 found
544 1142 39 34 in
604 1143 66 34 the
690 1145 176 40 country,
890 1143 66 42 the
976 1143 158 42 number
1156 1142 72 43 has
1248 1144 44 41 to
1314 1142 46 43 be
1380 1141 110 44 made
1510 1151 51 34 up
1582 1141 98 44 from
1693 1141 67 44 the
1773 1141 89 44 best

339 1197 193 34 available
551 1198 190 34 material.
783 1197 46 35 In
851 1198 112 34 order
983 1200 46 32 to
1052 1197 190 35 ascertain
1262 1197 164 35 whether
1446 1206 45 26 or
1510 1198 73 34 not
1603 1196 66 36 the
1683 1196 178 43 aspirant

337 1261 194 34 possesses
551 1253 67 42 the
638 1263 139 33 proper
798 1253 219 43 knowledge
1037 1252 78 44 and
1136 1252 177 44 capacity
1334 1252 58 44 for
1412 1251 213 45 command,
1641 1251 34 45 it
1694 1251 33 45 is
1740 1262 123 34 neces¬

337 1317 92 32 sary
450 1307 94 42 that
564 1307 47 42 he
630 1308 47 41 be
696 1308 199 41 examined
916 1308 52 42 by
990 1318 26 32 a
1035 1307 126 43 board
1182 1307 43 43 of
1240 1308 216 42 competent
1483 1307 155 43 officers.
1680 1306 80 44 The
1778 1307 81 43 fact

337 1362 94 36 that
458 1364 67 35 the
551 1364 60 35 life
639 1364 76 35 and
745 1363 117 36 death
884 1363 44 36 of
942 1362 67 37 the
1029 1372 85 27 men
1136 1362 45 37 of
1194 1362 66 37 the
1279 1361 184 43 regiment
1483 1361 32 43 is
1536 1361 217 43 intimately
1772 1372 87 32 con¬

338 1419 132 35 nected
485 1419 91 35 with
591 1419 66 35 the
670 1420 245 41 competency
936 1417 44 44 of
995 1417 53 44 its
1070 1417 154 44 officers,
1240 1416 32 45 is
1293 1419 72 42 not
1379 1415 222 46 sufficiently
1616 1417 242 44 appreciated

337 1472 53 45 by
405 1475 66 42 the
485 1474 250 43 community.

421 1529 97 34 'The
538 1528 132 35 Board
697 1528 60 35 for
776 1527 67 36 the
862 1526 265 37 examination
1148 1526 44 37 of
1207 1526 142 37 officers
1371 1526 43 37 of
1436 1526 151 37 colored
1607 1528 139 42 troops
1767 1537 92 33 over

338 1584 118 34 which
484 1583 20 35 I
531 1583 156 44 preside,
717 1581 191 46 considers
935 1581 106 46 three
1061 1581 130 46 things
1214 1591 44 36 as
1278 1581 276 46 indispensable
1574 1581 126 46 before
1719 1592 144 35 recom¬

338 1639 180 42 mending
538 1648 26 33 a
584 1637 216 44 candidate,
824 1637 88 44 viz.:
941 1636 32 45 A
988 1636 104 45 good
1106 1636 124 45 moral
1250 1636 206 45 character,
1472 1635 172 46 physical
1664 1638 188 43 capacity,

338 1696 87 32 true
444 1693 154 42 loyalty
617 1695 46 40 to
684 1692 67 43 the
770 1694 176 41 country.
989 1692 32 43 A
1041 1701 138 34 person
1205 1691 217 44 possessing
1447 1691 106 44 these
1579 1691 282 44 indispensable

340 1748 284 43 qualifications
644 1747 32 44 is
697 1757 85 34 now
804 1745 210 46 submitted
1033 1748 45 43 to
1101 1756 50 35 an
1172 1745 261 46 examination
1448 1755 45 36 as
1506 1747 45 44 to
1566 1745 58 46 his
1638 1746 219 45 knowledge

340 1802 44 35 of
398 1803 140 34 tactics
554 1803 77 34 and
645 1801 177 43 capacity
837 1801 59 43 for
909 1801 213 43 command.

421 1858 9 16 '
440 1857 78 34 The
531 1856 192 43 following
736 1856 138 43 grades
890 1865 64 34 are
968 1855 246 44 entertained,
1230 1855 85 44 viz.;

339 1922 269 43 Colonel—1st,
625 1920 51 45 2d
697 1921 79 44 and
789 1921 53 44 3d
855 1921 114 44 Class.
1044 1920 406 45 Lieut.-Colonel—1st,
1473 1921 52 44 2d
1553 1922 78 43 and
1659 1923 51 42 3d
1738 1922 116 43 Class.

338 1977 168 44 Major—
745 1977 22 44 "
1046 1975 204 46 Captain—
1567 1977 22 44 "

339 2033 66 34 1st
419 2032 165 35 Lieut.—
743 2032 23 35 "
1044 2031 52 36 2d
1110 2031 165 36 Lieut.—
1567 2032 22 35 "

339 2088 80 34 and
432 2088 66 34 the
511 2086 368 36 recommendations
893 2086 59 36 for
966 2086 269 44 appointment
1248 2086 112 44 made
1374 2087 204 44 according
1591 2089 45 42 to
1651 2088 67 43 the
1739 2089 119 44 appli¬

338 2142 126 35 cant's
479 2142 140 35 merits.

419 2198 9 16 '
438 2197 66 35 "We
523 2197 98 35 have
641 2196 249 44 endeavored,
913 2199 43 41 to
977 2197 67 43 the
1063 2197 87 43 best
1170 2196 44 44 of
1229 2207 72 33 our
1328 2197 148 43 abilitj,
1492 2199 45 41 to
1559 2198 113 42 make
1691 2199 79 41 this
1784 2210 74 30 rec¬

339 2252 288 35 ommendation
641 2252 163 35 without
819 2252 212 43 partiality,
1047 2252 113 43 favor
1175 2262 45 33 or
1235 2252 187 43 affection.
1464 2252 67 43 We
1546 2254 173 41 consider
1733 2254 124 44 alone,

337 2308 41 34 in
392 2307 158 43 making
564 2317 71 33 our
649 2307 159 43 awards,
824 2307 67 43 the
911 2307 136 43 ability
1069 2307 43 43 of
1127 2307 66 43 the
1206 2317 138 33 person
1364 2309 46 42 tp
1432 2317 105 34 serve
1559 2308 60 43 his
1639 2312 164 40 country
1817 2310 43 42 in.

337 2363 68 35 the
432 2362 124 36 duties
577 2360 267 45 appertaining
863 2364 44 41 tp
928 2363 66 42 the
1014 2363 116 42 office.
1171 2362 44 43 If,
1238 2362 40 43 in
1298 2362 67 43 the
1386 2362 158 43 opinion
1568 2363 44 42 of
1626 2364 66 41 the
1712 2364 148 44 Board,

336 2418 68 35 the
424 2427 138 34 person
582 2417 32 44 is
634 2419 72 42 not
725 2418 197 43 possessed
943 2418 43 43 of
1008 2418 183 43 sufficient
1211 2417 220 44 knowledge
1455 2428 46 33 or
1527 2420 177 41 capacity
1731 2422 45 39 to
1804 2421 60 40 fill

336 2473 120 35 either
471 2472 43 36 of
523 2472 65 36 the
602 2472 123 36 above
737 2473 137 35 named
888 2475 44 33 to
947 2473 64 35 the
1026 2473 223 43 advantage
1264 2473 44 43 of
1317 2473 59 43 his
1393 2475 177 41 country,
1579 2474 46 42 he
1638 2474 33 42 is
1685 2475 175 43 rejected,

335 2527 351 43 notwithstanding
706 2537 77 33 any
802 2528 177 42 influence
998 2528 47 42 he
1065 2539 91 31 may
1176 2529 47 41 be
1245 2529 85 41 able
1351 2532 46 38 to
1419 2529 114 43 bring
1551 2531 45 41 to
1617 2529 94 43 bear
1730 2530 40 42 in
1790 2531 72 41 the

335 2594 98 25 case.
475 2582 73 37 Let
560 2583 33 36 it
606 2583 46 36 be
665 2583 248 36 remembered
926 2584 93 35 that
1033 2584 78 35 zeal
1126 2585 111 34 alone
1250 2585 33 34 is
1298 2588 73 32 not
1388 2585 194 44 sufficient;
1598 2585 73 44 but
1685 2585 105 44 what
1803 2596 56 33 we
1872 2604 5 25 i

333 2639 148 44 require
494 2639 60 44 for
568 2649 25 34 a
606 2639 102 44 good
723 2640 124 43 officer
859 2640 33 43 is
906 2640 78 43 zeal
998 2640 198 43 combined
1211 2641 89 42 with
1320 2641 229 44 knowledge.
1591 2640 59 45 No
1672 2641 184 44 ordinary

332 2706 94 24 man
441 2705 72 25 can
526 2695 176 42 properly
716 2695 52 42 fill
781 2696 66 41 the
860 2696 105 41 office
979 2696 44 41 of
1030 2696 145 41 colonel
1190 2696 43 41 of
1249 2706 25 31 a
1287 2697 195 43 regiment.
1525 2697 57 43 To
1599 2697 151 43 acquire
1763 2696 94 44 that

331 2750 223 42 knowledge
574 2749 44 43 of
638 2750 138 42 tactics
798 2761 44 31 as
862 2751 125 41 would
1008 2752 46 40 fit
1074 2751 79 41 him
1174 2754 45 38 to
1243 2753 203 39 command
1468 2753 59 39 his
1542 2753 198 43 regiment,
1758 2762 44 34 as
1823 2752 34 44 it

332 2806 128 44 ought
472 2807 46 43 to
533 2805 46 45 be
592 2804 38 46 in
646 2805 51 45 all
709 2806 221 44 situations,
947 2807 165 43 requires
1127 2807 110 43 much
1253 2807 117 43 study
1385 2808 78 42 and
1478 2809 176 42 practice,
1665 2808 77 43 and
1756 2808 33 43 is
1802 2807 55 44 by

331 2873 53 25 no
399 2871 133 27 means
546 2871 104 32 easy.
691 2860 59 43 He
771 2861 147 43 should,
935 2862 160 42 besides,
1111 2871 152 33 possess
1284 2862 105 42 good
1411 2863 312 41 administrative
1737 2863 120 44 quali¬

329 2918 86 43 ties,
431 2917 38 44 in
486 2916 112 45 order
610 2915 93 46 that
718 2916 129 45 affairs
868 2917 139 44 should
1027 2927 72 34 run
1121 2916 196 45 smoothly
1337 2916 39 45 in
1390 2917 59 44 his
1463 2919 215 42 command,
1697 2919 78 42 and
1788 2919 68 42 the

329 2974 148 38 officers
492 2971 79 41 and
585 2971 171 44 privates
770 2971 47 44 be
830 2982 45 33 as
888 2971 206 44 contented
1109 2971 78 44 and
1206 2971 132 45 happy
1353 2982 44 34 as
1411 2973 290 43 circumstances
1716 2974 136 42 admit.
