2207 3304
844 275 106 45 The
977 275 124 45 War
1128 288 64 32 of
1220 276 144 45 1775.

1798 280 63 44 57

329 408 176 34 warrant
526 407 137 44 officer,
687 418 45 33 as
754 409 203 43 aforesaid,
980 412 46 40 to
1048 420 106 32 serve
1173 409 40 43 in
1234 410 120 42 either
1375 410 44 42 of
1434 410 67 42 the
1522 412 125 40 above
1660 414 207 43 regiments

330 470 48 25 or
398 460 257 45 independent
675 473 124 33 corps,
824 464 78 42 and
922 464 168 43 produce
1111 475 26 32 a
1156 465 206 42 certificate
1382 465 156 44 thereof,
1562 467 132 44 signed
1714 470 52 42 by
1788 481 79 33 any

329 525 143 35 person
486 517 227 43 authorized
733 520 46 40 to
800 521 147 39 muster
970 519 78 41 and
1069 520 140 40 receive
1229 521 67 39 the
1317 531 85 29 men
1415 523 45 37 to
1475 522 47 38 be
1535 523 125 37 raised
1674 525 53 42 by
1741 526 126 41 virtue

330 571 47 36 of
390 571 81 36 this
486 574 77 41 act,
581 572 78 43 and
680 573 168 43 produce
869 574 91 42 such
982 575 207 41 certificate
1208 577 46 39 to
1276 576 66 40 the
1362 573 375 50 Surveyor-General,
1755 581 109 44 shall,

330 627 60 35 for
405 638 113 32 every
533 628 99 42 male
648 628 105 42 slave
768 639 43 31 so
828 629 153 41 entered
996 630 78 40 and
1090 631 192 39 mustered
1310 642 44 28 as
1371 633 200 44 aforesaid,
1588 635 46 42 be
1648 635 158 42 entitled
1820 640 45 37 to

329 682 69 36 the
411 684 175 34 location
601 684 79 34 and
694 686 121 41 grant
830 685 43 42 of
890 696 72 31 one
981 686 117 44 right,
1121 687 40 43 in
1181 698 160 32 manner
1362 698 45 32 as
1428 689 40 41 in
1489 689 78 41 and
1588 689 52 43 by
1653 691 80 41 this
1755 694 65 38 act
1833 692 34 40 is

332 740 184 44 directed;
534 740 79 44 and
628 740 100 44 shall
741 740 58 44 be,
823 741 79 43 and
923 742 139 42 hereby
1082 743 33 41 is
1138 743 224 44 discharged
1382 744 98 43 from
1496 756 78 32 any
1587 746 146 42 further
1747 748 119 40 main-

331 796 181 35 tainance
528 797 44 34 of
588 796 92 35 such
695 797 117 44 slave,
830 808 79 33 any
923 798 73 43 law
1016 801 45 40 to
1083 799 66 42 the
1170 802 185 41 contrary
1375 801 362 44 notwithstanding.
1779 802 87 43 And

331 852 94 34 such
440 853 106 34 slave
561 863 45 24 so
620 853 176 44 entering
811 863 44 34 as
872 854 201 43 aforesaid,
1090 855 85 42 who
1197 855 99 42 shall
1317 865 105 32 serve
1435 856 61 41 for
1508 857 67 40 the
1588 859 98 38 term
1702 857 43 40 of
1760 858 107 39 three

331 918 114 34 years
462 919 45 33 or
521 909 101 43 until
635 909 194 43 regularly
845 909 235 43 discharged,
1098 910 109 43 shall,
1224 910 258 43 immediately
1503 912 98 41 after
1622 913 91 40 such
1728 913 139 40 service

333 974 47 25 or
394 964 210 43 discharge,
620 965 58 43 be,
696 965 78 43 and
788 965 33 43 is
835 965 139 43 hereby
990 965 171 43 declared
1175 968 45 40 to
1235 966 56 42 be,
1309 977 25 31 a
1347 966 74 42 free
1435 978 91 30 man
1542 968 43 40 of
1600 968 78 40 this
1693 968 124 40 State.

435 1041 58 42 In
512 1041 144 54 1821,
678 1042 50 53 in
744 1042 84 53 the
855 1043 291 52 convention
1171 1043 148 52 which
1330 1044 180 51 revised
1528 1045 81 50 the
1635 1046 233 49 constitu¬

333 1107 109 43 tion
470 1108 55 42 of
544 1108 108 42 New
678 1108 146 54 York,
845 1107 89 55 Mr.
956 1108 152 54 Clark,
1140 1110 230 56 speaking
1395 1110 49 56 in
1469 1111 141 55 favor
1636 1112 54 54 of
1711 1112 157 54 allow¬

334 1174 85 55 ing
436 1187 200 43 negroes
652 1177 57 53 to
729 1178 129 52 vote,
880 1175 106 55 said
1004 1175 50 55 in
1070 1175 84 55 the
1173 1188 164 42 course
1355 1176 55 54 of
1428 1176 73 54 his
1519 1178 237 52 remarks:

419 1264 90 42 "My
523 1264 214 42 honorable
758 1265 193 42 colleague
971 1264 72 43 has
1057 1265 86 42 told
1157 1275 56 32 us,
1230 1265 103 42 that,
1351 1275 44 32 as
1409 1266 66 41 the
1489 1266 151 41 colored
1654 1267 133 43 people
1802 1277 66 33 are

335 1321 75 33 not
423 1319 174 43 required
611 1322 45 40 to
672 1320 220 42 contribute
905 1322 45 40 to
966 1320 66 42 the
1047 1320 217 42 protection
1280 1330 45 32 or
1340 1319 144 43 defence
1498 1322 43 40 of
1557 1321 65 41 the
1637 1321 121 44 State,
1774 1323 95 42 they

338 1385 66 24 are
417 1377 74 32 not
505 1374 159 35 entitled
678 1377 46 32 to
740 1385 52 24 an
806 1375 113 43 equal
933 1375 278 43 participation
1225 1374 39 44 in
1279 1375 66 43 the
1364 1375 198 43 privileges
1578 1376 42 42 of
1635 1377 52 41 its
1701 1377 164 41 citizens.

337 1428 91 44 But,
444 1429 71 43 Sir,
544 1430 128 42 whose
692 1430 101 42 fault
811 1429 33 43 is
871 1429 79 43 this
959 1430 17 42 ?
1019 1429 112 43 Have
1150 1430 93 42 they
1265 1440 86 32 ever
1370 1430 145 42 refused
1542 1433 44 39 to
1617 1431 49 41 do
1694 1432 173 43 military

339 1484 99 42 duty
452 1485 106 41 when
579 1485 120 41 called
719 1494 106 33 upon
834 1485 17 42 ?
893 1484 40 43 It
946 1484 32 43 is
1000 1484 205 43 haughtily
1227 1484 127 44 asked,
1390 1484 98 44 Who
1509 1486 73 42 will
1603 1486 116 42 stand
1741 1487 39 41 in
1800 1487 68 41 the

338 1540 121 35 ranks
475 1539 179 36 shoulder
668 1541 45 34 to
736 1538 179 37 shoulder
934 1539 92 36 with
1048 1549 26 26 a
1094 1539 143 42 negro?
1278 1538 20 43 I
1312 1549 154 33 answer,
1489 1539 58 43 No
1563 1551 81 32 one,
1661 1541 39 42 in
1715 1541 92 42 time
1829 1542 45 41 of

340 1604 133 35 peace;
489 1605 52 34 no
558 1605 82 34 one,
649 1594 106 45 when
770 1604 99 35 your
883 1596 164 43 musters
1063 1594 77 45 and
1154 1594 191 45 trainings
1361 1604 64 35 are
1438 1595 138 44 looked
1590 1606 104 33 upon
1710 1606 44 33 as
1768 1607 101 32 mere

341 1650 206 43 pastimes;
577 1659 51 34 no
652 1659 82 34 one,
758 1649 106 44 when
884 1659 100 34 your
1004 1648 138 45 militia
1162 1648 73 45 will
1262 1649 177 44 shoulder
1465 1650 99 43 their
1591 1651 170 42 muskets
1790 1650 77 43 and

343 1705 133 34 march
491 1706 46 33 to
552 1703 100 36 their
665 1703 193 42 trainings
871 1703 91 42 with
984 1713 45 32 as
1050 1704 112 41 much
1182 1713 210 32 unconcern
1413 1714 44 31 as
1471 1705 89 41 they
1577 1706 123 40 would
1715 1716 51 32 go
1781 1708 45 40 to
1842 1716 26 32 a

344 1761 234 41 sumptuous
593 1758 299 44 entertainment
906 1767 45 35 or
966 1769 25 33 a
1005 1758 170 44 splendid
1189 1758 88 44 ball.
1320 1758 89 44 But,
1426 1758 69 44 Sir,
1511 1760 105 42 when
1636 1761 66 41 the
1716 1761 99 41 hour
1829 1760 44 42 of

347 1814 147 43 danger
509 1814 249 43 approaches,
774 1823 100 34 your
887 1813 112 44 white
1015 1812 171 45 'militia'
1204 1823 64 34 are
1284 1813 83 44 just
1381 1824 44 33 as
1439 1814 138 43 willing
1591 1815 92 42 that
1696 1816 66 41 the
1775 1827 93 30 man

346 1869 45 34 of
400 1869 107 34 color
528 1868 138 35 should
679 1869 47 34 be
740 1870 59 33 set
813 1877 51 34 up
880 1878 44 33 as
940 1878 24 33 a
978 1868 111 43 mark
1103 1870 44 41 to
1162 1868 46 43 be
1216 1868 90 43 shot
1315 1869 44 42 at
1368 1869 49 42 by
1425 1869 66 42 the
1499 1879 141 34 enemy,
1651 1881 44 32 as
1703 1872 44 41 to
1755 1871 46 42 be
1809 1873 57 40 set

345 1934 53 33 up
427 1924 236 43 themselves.
706 1923 46 44 In
772 1923 67 44 the
858 1923 93 44 War
972 1923 43 44 of
1029 1923 66 44 the
1109 1922 240 45 Revolution,
1372 1923 106 44 these
1504 1925 132 42 people
1662 1925 132 43 helped
1820 1928 47 40 to

346 1979 101 43 fight
460 1989 99 33 your
573 1978 145 44 battles
732 1978 53 44 by
799 1978 92 44 land
906 1977 76 45 and
996 1978 53 44 by
1063 1988 75 34 sea.
1175 1977 111 45 Some
1301 1978 44 44 of
1352 1988 99 34 your
1465 1978 131 44 States
1610 1991 92 31 were
1715 1981 92 42 glad
1821 1983 47 40 to

346 2036 93 32 turn
455 2035 71 33 out
540 2043 112 33 corps
667 2033 43 43 of
725 2033 153 43 colored
893 2043 93 33 men,
1003 2033 78 43 and
1101 2034 45 42 to
1168 2032 118 44 stand
1302 2032 188 44 'shoulder
1503 2036 45 40 to
1563 2034 188 42 shoulder'
1774 2035 93 41 with

345 2089 118 35 them.

430 2143 75 34 "In
525 2153 100 33 your
646 2143 79 43 late
745 2153 91 33 war,
860 2142 90 44 they
970 2142 242 44 contributed
1227 2142 145 44 largely
1393 2143 171 43 towards
1585 2155 105 31 some
1711 2145 43 41 of
1768 2156 101 32 your

347 2201 106 33 most
480 2198 171 43 splendid
678 2198 189 43 victories.
912 2197 56 44 On
995 2196 125 45 Lakes
1147 2196 86 45 Erie
1260 2197 78 44 and
1359 2196 234 46 Champlain,
1623 2200 119 42 where
1768 2211 101 31 your

347 2254 106 36 fleets
474 2253 192 43 triumped
688 2263 91 33 over
800 2263 25 33 a
851 2253 60 43 foe
932 2252 169 44 superior
1128 2252 39 44 in
1188 2252 177 44 numbers
1386 2253 78 43 and
1484 2253 152 43 engines
1664 2255 43 41 of
1737 2255 130 43 death,

347 2310 93 41 they
462 2319 91 32 were
573 2308 175 43 manned,
772 2307 39 44 in
833 2318 25 33 a
878 2308 105 43 large
1009 2307 241 44 proportion,
1267 2307 91 44 with
1379 2318 85 33 men
1486 2308 43 43 of
1552 2309 116 42 color.
1710 2309 96 44 And,
1830 2311 40 42 in

346 2365 80 34 this
441 2375 91 30 very
546 2363 130 42 house,
693 2363 39 42 in
746 2363 66 42 the
826 2362 66 43 fall
907 2362 43 43 of
966 2361 114 44 1814,
1097 2372 26 33 a
1142 2362 66 43 bill
1228 2361 150 44 passed,
1394 2363 186 43 receiving
1598 2364 67 42 the
1680 2365 193 42 approba¬

346 2420 85 35 tion
447 2419 43 36 of
507 2419 51 36 all
572 2419 66 36 the
658 2418 184 37 branches
866 2418 44 37 of
924 2428 98 32 your
1042 2419 262 41 government,
1323 2417 243 44 authorizing
1586 2419 66 42 the
1673 2418 199 43 Governor

345 2477 45 34 to
414 2477 131 41 accept
565 2474 66 44 the
653 2474 157 44 services
832 2473 43 45 of
892 2483 25 35 a
937 2483 110 35 corps
1070 2472 43 46 of
1128 2474 77 44 two
1227 2472 199 46 thousand
1447 2468 73 50 free
1540 2474 132 44 people
1694 2474 44 44 of
1752 2475 116 43 color.

346 2529 69 45 Sir,
439 2531 106 43 these
565 2539 93 35 were
677 2530 112 44 times
811 2527 118 47 which
950 2527 100 47 tried
1070 2526 118 48 men's
1210 2527 115 47 souls.
1368 2527 46 47 In
1435 2527 106 47 these
1554 2529 112 45 times
1679 2529 34 45 it
1725 2540 79 34 was
1818 2541 52 33 no

346 2586 179 44 sporting
552 2587 145 43 matter
723 2586 45 44 to
796 2584 93 46 bear
918 2593 115 37 arms.
1076 2582 119 48 These
1222 2593 91 37 were
1341 2583 123 47 times,
1488 2584 105 46 when
1615 2594 25 36 a
1666 2595 93 35 man
1785 2586 85 44 who

345 2640 226 39 shouldered
584 2640 60 39 his
658 2641 152 38 musket
825 2639 64 40 did
903 2641 73 38 not
995 2639 112 40 know
1128 2638 72 41 but
1221 2638 46 41 he
1287 2638 139 41 barred
1447 2639 58 40 his
1520 2639 138 40 bosom
1673 2642 44 37 to
1732 2640 140 39 receive

345 2708 27 26 a
387 2696 117 38 death
518 2696 137 38 wound
676 2696 99 38 from
796 2696 66 38 the
882 2705 132 31 enemy
1035 2704 59 32 ere
1115 2694 45 42 he
1174 2694 79 42 laid
1274 2694 33 42 it
1329 2695 122 43 aside;
1475 2695 78 43 and
1574 2695 39 43 in
1626 2695 106 43 these
1745 2696 123 42 times,

344 2754 108 35 these
465 2753 133 43 people
611 2763 93 33 were
718 2753 118 43 found
852 2763 44 33 as
910 2751 119 45 ready
1044 2751 78 45 and
1138 2762 43 34 as
1203 2751 138 45 willing
1355 2754 44 42 to
1415 2752 198 44 volunteer
1626 2752 40 44 in
1679 2763 100 33 your
1799 2762 74 34 ser¬

345 2810 81 36 vice
440 2820 44 26 as
500 2819 78 32 any
592 2809 123 42 other.
744 2809 105 43 They
863 2819 93 33 were
969 2810 73 42 not
1056 2808 204 44 compelled
1273 2811 45 41 to
1333 2819 63 35 go;
1406 2809 94 45 they
1514 2820 93 34 were
1621 2811 72 43 not
1707 2806 162 48 drafted.

344 2865 72 44 No,
439 2876 101 33 your
559 2865 106 44 pride
685 2865 79 44 had
786 2865 132 44 placed
938 2865 105 44 them
1064 2864 152 45 beyond
1237 2875 99 34 your
1357 2866 244 43 compulsory
1614 2876 137 33 power.
1793 2864 79 45 But

345 2922 108 36 there
472 2931 79 27 was
566 2930 51 28 no
638 2920 185 44 necessity
843 2919 61 45 for
923 2919 53 45 its
997 2919 176 45 exercise;
1202 2919 93 45 they
1322 2930 93 34 were
1442 2921 237 45 volunteers;
1700 2931 77 35 yes,
1800 2920 71 46 Sir,

666 2988 27 36 4
