2224 3316
859 299 106 43 The
991 300 123 44 War
1141 313 64 32 of
1233 302 142 45 1812.

1816 307 53 43 85

343 420 97 38 land
469 425 45 36 of
527 437 101 33 your
647 429 182 45 nativity,
853 432 78 42 and
951 433 104 43 that,
1077 433 73 43 like
1172 435 202 43 ourselves,
1396 446 80 32 you
1496 437 79 41 had
1595 440 44 38 to
1663 439 212 39 defend'all

345 476 95 37 that
453 479 33 36 is
501 485 107 32 most
622 483 92 35 dear
726 487 45 32 to
786 496 103 24 man.
932 486 80 35 But
1025 497 79 33 you
1118 499 158 33 surpass
1291 500 66 32 my
1370 490 130 44 hopes.
1542 492 19 42 I
1582 493 99 41 have
1701 495 119 39 found
1834 496 40 38 in

341 541 95 35 you,
459 536 134 40 united
613 539 45 37 to
680 539 107 37 these
807 541 188 43 qualities,
1012 541 93 43 that
1131 544 114 40 noble
1270 545 239 39 enthusiasm
1529 547 119 37 which
1667 549 132 44 impels
1827 553 45 40 to

343 591 115 39 great
473 588 123 42 deeds.

426 645 190 37 "Soldiers
626 648 10 34 I
677 648 80 36 The
777 649 199 37 President
997 651 44 36 of
1056 652 66 35 the
1141 653 140 36 United
1302 653 132 37 States
1455 657 99 34 shall
1573 657 47 36 be
1633 659 185 35 informed
1833 660 43 36 of

341 708 102 33 your
456 702 167 39 conduct
637 713 52 28 on
702 704 67 37 the
783 708 153 39 present
957 708 194 43 occasion;
1177 709 77 42 and
1268 710 68 41 the
1355 711 105 40 voice
1482 713 42 38 of
1540 712 65 39 the
1625 713 248 44 Representa¬

341 754 100 36 tives
456 756 45 35 of
515 757 67 34 the
594 757 200 37 American
808 761 139 34 nation
969 762 99 35 shall
1089 763 171 44 applaud
1280 774 100 33 your
1399 767 124 43 valor,
1540 778 45 32 as
1598 779 100 31 your
1713 768 159 42 General

341 820 88 25 now
441 812 147 43 praises
601 823 101 33 your
717 815 129 41 ardor.
889 815 79 41 The
982 827 132 33 enemy
1127 819 34 41 is
1181 830 103 30 near.
1327 820 72 40 His
1420 823 91 37 sails
1532 834 113 26 cover
1664 825 67 35 the
1750 826 119 36 lakes.

342 864 80 37 But
441 867 67 35 the
527 868 121 35 brave
670 879 65 25 are
755 870 149 44 united;
930 872 87 43 and,
1034 873 30 42 if
1087 873 46 42 he
1154 874 98 41 finds
1280 885 45 30 us
1352 878 233 43 contending
1612 890 146 33 among
1785 892 85 31 our¬

340 922 132 44 selves,
487 923 34 43 it
535 924 73 42 will
621 924 47 42 be
687 925 61 41 for
767 925 67 41 the
853 926 100 44 prize
974 928 44 42 of
1033 929 123 43 valor,
1181 930 78 42 and
1279 930 100 42 fame
1398 932 53 40 its
1471 933 153 39 noblest
1643 936 228 36 reward."—

341 976 135 37 Niles's
488 977 183 45 Register,
687 980 78 42 vol.
781 981 64 41 vii.
860 991 64 38 pp.
941 982 89 47 345,
1048 984 89 45 346.

442 1088 131 44 Thus
607 1089 50 44 in
690 1091 92 43 line
814 1093 117 43 with
963 1094 84 43 the
1080 1095 141 43 white
1253 1098 174 55 troops
1471 1112 65 41 on
1576 1101 84 52 the
1694 1101 91 52 soil
1820 1101 52 52 of

342 1153 279 58 Louisiana,
643 1157 130 54 amid
792 1171 32 40 a
849 1159 133 56 large
1008 1160 131 55 slave
1164 1163 302 54 population,
1494 1166 83 51 the
1602 1180 147 42 negro
1776 1169 92 53 sol¬

340 1221 125 43 diers
498 1235 118 31 were
640 1223 167 56 highly
841 1225 188 54 praised
1064 1227 66 54 by
1163 1228 83 53 the
1280 1232 339 56 commanding
1653 1232 210 56 General.

342 1286 99 44 The
466 1286 182 46 British
673 1289 99 44 had
800 1291 197 55 already
1022 1293 141 53 made
1196 1294 124 52 their
1354 1309 297 44 appearance
1686 1313 63 40 on
1783 1302 84 51 the

340 1356 142 42 coast
499 1368 117 30 near
631 1355 84 43 the
733 1358 171 42 mouth
933 1358 54 43 of
1006 1359 84 43 the
1114 1358 293 59 Mississippi,
1438 1364 95 53 and
1562 1368 54 49 at
1643 1366 82 51 the
1750 1367 116 50 time

342 1420 54 43 of
423 1421 127 42 their
590 1422 213 56 landing,
829 1424 5 54 '
851 1422 196 56 General
1090 1424 213 54 Jackson
1346 1431 123 47 went
1513 1433 88 45 out
1643 1434 55 44 to
1742 1436 123 42 meet

340 1487 134 43 them
499 1487 117 43 with
640 1490 98 41 two
764 1489 248 43 thousand
1041 1504 89 29 one
1163 1491 214 45 hundred
1412 1508 127 41 men;
1576 1497 82 52 the
1684 1498 181 51 British

341 1554 99 42 had
457 1556 99 41 two
574 1554 248 44 thousand
840 1556 106 42 four
964 1556 228 45 hundred.
1247 1559 113 43 This
1377 1574 98 30 was
1496 1575 61 29 on
1576 1563 82 42 the
1677 1565 120 42 23rd
1817 1566 50 44 of

342 1619 263 44 December.
659 1620 100 44 The
790 1624 98 40 two
925 1623 171 42 armies
1131 1626 98 42 met
1264 1626 96 42 and
1388 1627 170 55 fought
1575 1631 56 51 to
1649 1630 165 52 within
1833 1645 32 37 a

342 1687 82 41 few
459 1686 132 43 miles
618 1687 53 42 of
699 1687 82 42 the
808 1688 111 56 city,
947 1689 148 55 where
1121 1690 82 54 the
1229 1690 181 54 British
1444 1695 201 53 general,
1683 1696 181 52 Paken-

341 1752 130 53 ham,
492 1753 106 52 who
616 1753 98 52 had
733 1754 188 51 arrived
947 1755 114 50 with
1088 1757 391 55 reinforcements,
1509 1760 155 56 began
1691 1775 64 41 on
1779 1764 85 52 the

342 1818 116 43 31st
474 1821 56 40 to
549 1819 82 56 lay
642 1820 135 56 seige.
816 1820 71 56 On
906 1821 110 55 Jan.
1031 1823 87 53 8th
1135 1823 83 53 the
1237 1824 138 52 short
1393 1825 89 51 but
1499 1828 189 48 terrible
1706 1831 157 54 strug¬

341 1884 76 55 gle
433 1886 124 53 took
575 1885 132 56 place
723 1887 148 54 which
896 1890 90 51 not
1013 1889 113 54 only
1151 1890 147 53 taxed
1325 1891 83 52 the
1433 1893 204 54 energies
1657 1894 96 53 and
1772 1896 90 51 dis¬

343 1950 172 55 played
541 1952 82 53 the
649 1955 139 53 great
814 1967 204 42 courage
1053 1955 53 54 of
1126 1956 122 53 both
1283 1956 160 54 forces,
1483 1958 88 52 but
1606 1961 138 49 made
1777 1962 83 48 the

340 2021 315 52 engagement
682 2032 88 41 one
797 2019 54 54 of
870 2020 196 53 historic
1092 2021 210 52 interest.
1357 2022 57 51 In
1438 2024 84 49 the
1556 2024 139 49 short
1721 2039 139 43 space

340 2083 57 42 of
415 2085 289 54 twenty-live
729 2085 205 54 minutes
960 2100 138 39 seven
1123 2087 214 52 hundred
1365 2089 55 50 of
1438 2090 83 49 the
1546 2090 180 49 British
1743 2107 117 32 were

339 2148 162 55 killed;
545 2151 214 52 fourteen
801 2152 212 51 hundred
1056 2167 116 36 were
1212 2156 232 47 wounded
1481 2158 96 45 and
1603 2158 107 45 four
1743 2159 116 44 hun¬

337 2215 116 43 dred
479 2230 114 29 were
626 2218 149 42 taken
801 2219 250 54 prisoners.
1106 2220 98 53 The
1230 2220 248 53 American
1505 2236 139 42 army
1668 2237 99 41 was
1802 2239 55 39 so

337 2282 100 42 well
471 2284 245 54 protected
749 2285 116 53 that
900 2286 114 57 only
1046 2286 107 57 four
1187 2300 115 43 were
1337 2288 140 55 killed
1513 2289 97 54 and
1651 2291 209 52 thirteen

336 2349 244 43 wounded.
634 2349 48 43 It
700 2362 97 31 was
815 2351 49 42 in
880 2352 98 42 this
995 2355 141 53 great
1162 2352 156 56 battle
1336 2353 115 55 that
1468 2356 99 52 two
1585 2355 273 53 battalions

334 2414 58 43 of
410 2428 196 43 negroes
633 2417 334 56 participated,
998 2419 96 54 and
1120 2419 164 54 helped
1310 2421 57 52 to
1395 2432 116 41 save
1534 2420 84 53 the
1644 2421 110 56 city,
1774 2423 84 54 the

332 2482 198 43 coveted
549 2481 136 56 prize,
705 2483 121 54 from
846 2484 84 53 the
946 2483 194 54 British.
1194 2484 100 53 The
1318 2487 98 50 two
1436 2485 271 52 battalions
1725 2502 132 35 num¬

333 2548 139 44 bered
491 2548 107 44 four
614 2549 214 43 hundred
849 2548 96 44 and
970 2550 160 54 thirty
1153 2562 119 42 men,
1295 2551 97 53 and
1410 2564 115 40 were
1543 2554 312 50 commanded

331 2614 67 56 by
431 2613 112 57 Maj.
575 2613 206 57 Lacoste
814 2614 97 56 and
946 2614 112 56 Maj.
1088 2614 201 56 Savory.
1345 2615 146 55 Great
1525 2617 189 53 Britain
1749 2620 105 50 also

329 2680 100 44 had
447 2682 83 42 her
555 2694 148 43 negro
731 2680 197 57 soldiers
954 2681 232 56 there,—a
1210 2681 231 56 regiment
1467 2684 236 54 imported
1731 2685 123 53 from

329 2748 85 43 the
455 2745 133 46 West
630 2747 157 44 Indies
820 2746 150 45 which
1012 2745 180 46 headed
1234 2747 83 44 the
1368 2750 255 55 attacking
1664 2749 189 56 column

332 2814 198 56 against
548 2812 255 58 Jackson's
820 2811 314 59 right,—they
1159 2811 72 59 led
1259 2813 81 57 her
1365 2827 98 43 van
1488 2815 50 55 in
1562 2815 84 55 the
1670 2816 179 55 battle;

328 2880 127 44 their
471 2879 179 52 failure,
670 2878 116 53 with
802 2877 117 54 that
938 2876 53 55 of
1010 2877 83 54 the
1118 2875 122 56 Irish
1257 2879 230 54 regiment
1503 2879 148 54 which
1668 2881 181 52 formed
1867 2917 6 16 .

331 2945 106 45 also
466 2957 31 33 a
522 2946 116 54 part
665 2944 53 56 of
736 2943 84 57 the
847 2942 212 58 advance
1085 2942 201 58 column,
1313 2944 99 56 lost
1436 2945 82 55 the
1553 2946 180 54 British
1765 2948 84 52 the
