2212 3308
351 303 99 44 488
651 304 221 45 History
898 319 63 32 of
987 320 97 31 the
1110 309 165 44 Black
1299 310 253 43 Phalanx.

355 435 53 43 of
426 436 84 42 the
546 435 152 44 Union
731 440 185 54 troops.
971 440 97 54 The
1102 454 145 42 negro
1281 439 98 57 had
1406 440 191 56 become
1623 450 33 46 a
1682 436 174 60 soldier

352 500 50 42 in
435 502 83 42 the
543 501 155 44 Unioti
717 516 150 43 army,
889 505 96 54 and
1003 519 97 40 was
1134 505 190 57 helping
1356 508 56 54 to
1441 503 139 59 crush
1605 502 84 60 the
1713 504 142 58 rebel¬

352 566 113 44 lion.
519 567 245 45 President
791 570 195 44 Lincoln
1011 572 97 42 had
1135 573 211 42 declared
1374 571 64 44 all
1466 570 155 45 slaves
1647 570 48 45 in
1713 569 140 46 rebel-

354 632 114 44 dom
493 633 103 54 free,
627 635 95 52 and
756 636 270 51 thousands
1063 638 51 49 of
1143 639 138 48 black
1308 637 197 50 soldiers
1531 649 116 38 were
1672 637 181 50 march¬

353 698 85 56 ing
455 699 96 55 and
569 700 222 56 carrying
806 702 83 54 the
905 716 122 40 news
1044 705 56 51 to
1118 704 83 52 the
1218 704 168 52 slaves.

453 764 114 44 This
585 768 130 41 state
734 767 53 42 of
808 767 162 44 affairs
986 768 107 43 lead
1111 768 246 43 President
1373 768 149 44 Davis
1542 769 95 43 and
1655 768 73 44 his
1746 770 106 43 cab¬

352 830 100 43 inet
468 833 56 41 to
543 832 156 56 resign
714 834 57 54 to
797 833 83 55 the
905 833 267 55 inevitable,
1195 847 55 41 as
1275 834 98 54 had
1390 835 83 53 the
1490 833 169 55 North,
1681 836 94 52 and
1793 837 57 51 to

352 896 290 56 inaugurate
665 898 84 54 the
774 899 156 55 policy
965 900 54 54 of
1046 900 354 56 emancipating
1426 900 96 56 and
1550 900 186 57 arming
1768 901 81 56 the

353 963 169 53 slaves,
543 963 222 57 knowing
783 964 81 56 full
880 965 99 55 well
1003 966 115 54 that
1143 965 41 55 it
1204 979 95 41 was
1318 966 131 54 sheer
1465 966 115 56 folly
1612 969 56 53 to
1687 970 161 53 expect

349 1031 59 41 to
427 1030 172 42 recruit
616 1031 123 41 their
758 1032 244 42 shattered
1030 1032 169 42 armies
1225 1031 123 44 from
1374 1033 82 42 the
1482 1045 145 43 negro
1654 1033 194 56 popula¬

352 1095 108 43 tion
476 1096 206 42 without
699 1097 165 55 giving
880 1098 130 54 them
1028 1098 124 54 their
1169 1098 218 54 freedom.

452 1161 49 42 It
525 1175 99 29 was
649 1162 231 43 therefore
905 1164 49 41 in
979 1164 82 41 the
1095 1164 98 42 last
1220 1164 121 55 days
1369 1164 53 55 of
1448 1165 82 54 the
1556 1165 292 54 confederate

354 1227 300 53 authorities,
677 1229 96 51 and
800 1229 40 51 it
862 1242 93 38 was
973 1230 124 50 their
1114 1230 98 50 last
1238 1230 123 55 hope
1380 1231 97 54 and
1505 1231 138 54 effort
1661 1231 72 54 for
1750 1245 96 40 suc¬

353 1305 111 31 cess-.
518 1293 196 55 Despair
732 1294 96 54 had
848 1295 144 53 seized
1012 1308 130 42 upon
1160 1296 143 54 them.
1358 1296 96 54 The
1465 1309 136 42 army
1610 1310 96 41 was
1718 1298 127 55 daily

352 1359 197 42 thinned
584 1373 130 29 more
748 1361 64 54 by
848 1361 235 54 desertion
1108 1362 125 53 than
1266 1362 65 54 by
1364 1362 82 54 the
1479 1363 171 53 bullets
1685 1363 53 53 of
1764 1363 83 53 the

352 1424 156 43 Union
535 1426 211 53 soldiers,
774 1427 132 52 while
933 1426 269 53 Sherman's
1229 1428 163 51 march
1419 1428 122 51 from
1560 1428 205 51 Atlanta
1788 1431 55 48 to

350 1491 84 42 the
453 1504 80 29 sea
550 1492 97 43 had
668 1493 251 45 awakened
944 1493 82 45 the
1043 1493 163 45 widest
1227 1494 165 44 alarm.
1446 1493 56 45 In
1519 1494 82 44 the
1618 1494 162 44 winter
1799 1495 50 43 of

353 1556 129 44 1864
518 1558 96 42 and
650 1558 126 42 1865
813 1559 81 41 the
921 1559 220 54 question
1168 1559 53 54 of
1250 1560 188 54 arming
1462 1560 82 54 the
1570 1560 152 54 slaves
1749 1572 96 42 was

351 1624 246 53 presented
616 1636 55 41 as
682 1636 32 41 a
730 1637 162 40 means
912 1624 53 53 of
985 1625 255 56 recruiting
1255 1626 83 55 the
1356 1625 210 56 depleted
1587 1626 94 55 and
1701 1626 144 55 disor¬

352 1689 136 42 dered
516 1689 147 42 ranks
682 1690 53 41 of
754 1691 82 41 the
855 1702 150 42 army,
1028 1691 95 53 and
1149 1691 41 53 it
1208 1703 121 41 soon
1349 1691 218 53 assumed
1595 1704 63 40 an
1675 1691 169 56 impor¬

350 1756 139 41 tance
515 1755 114 42 that
656 1754 137 43 made
819 1756 40 42 it
887 1768 64 30 an
978 1756 261 56 absorbing
1264 1757 130 55 topic
1428 1757 302 55 throughout
1763 1757 82 55 the

351 1819 324 56 Confederacy.
730 1821 146 54 There
894 1834 96 41 was
1009 1834 63 41 no
1093 1822 137 53 other
1249 1835 162 40 source
1436 1824 55 51 to
1511 1823 171 52 recruit
1707 1823 133 52 from.

351 1886 98 42 The
467 1887 171 53 appeal
661 1889 57 51 to
738 1887 252 55 foreigners
1009 1900 97 42 was
1124 1887 217 55 fruitless.
1398 1888 136 54 "The
1560 1888 161 54 blacks
1746 1889 97 53 had

350 1952 112 42 been
489 1952 148 43 useful
671 1953 195 42 soldiers
900 1953 74 42 for
1002 1954 79 41 the
1107 1954 226 42 northern
1363 1966 151 42 army,
1542 1954 106 55 why
1674 1955 168 54 should

349 2017 114 55 they
474 2020 89 52 not
581 2018 56 54 be
647 2019 139 53 made
802 2021 56 51 to
877 2019 122 55 fight
1016 2019 74 55 for
1106 2019 123 55 their
1239 2020 267 54 masters?"
1525 2020 40 54 it
1575 2033 96 41 was
1683 2021 158 53 asked.

350 2081 63 44 Of
441 2096 164 29 course
638 2084 131 42 there
794 2097 98 29 was
917 2085 82 42 the
1032 2085 271 43 immediate
1329 2098 147 44 query
1500 2087 205 55 whether
1729 2088 114 54 they

349 2149 156 43 would
530 2149 123 54 fight
678 2151 56 52 to
761 2150 114 54 keep
900 2151 278 53 themselves
1204 2151 49 53 in
1279 2152 201 55 slavery.
1534 2152 113 55 This
1666 2153 175 54 opened

349 2227 65 42 up
434 2227 31 42 a
483 2215 178 54 subject
678 2214 105 55 into
805 2216 143 53 which
966 2216 139 53 those
1121 2217 106 52 who
1246 2217 235 52 discussed
1499 2218 41 51 it
1557 2232 115 37 were
1690 2219 150 50 afraid

349 2282 56 41 to
424 2280 136 53 look;
589 2282 309 51 nevertheless
916 2282 40 51 it
975 2283 178 50 seemed
1180 2283 320 50 unavoidable
1516 2285 115 48 that
1650 2298 30 35 a
1705 2285 137 48 black

350 2346 317 54 conscription
687 2347 170 53 should
875 2347 57 53 be
951 2349 281 54 attempted,
1255 2350 95 53 and
1377 2349 113 54 with
1507 2351 115 52 that
1647 2351 48 52 in
1712 2351 130 53 view,

349 2424 140 41 every
514 2413 279 53 precaution
809 2426 98 40 was
933 2414 148 52 taken
1107 2415 63 53 by
1196 2415 139 53 those
1352 2415 104 53 who
1476 2417 259 54 supported
1760 2417 85 54 the

350 2477 180 42 scheme
555 2480 55 39 to
630 2478 144 43 avoid
802 2479 305 55 heightening
1130 2480 83 54 the
1231 2480 284 54 dissensions
1535 2482 193 54 already
1753 2485 87 51 too

349 2543 246 54 prevalent
620 2543 74 54 for
711 2545 143 53 good.
910 2544 98 54 The
1023 2558 295 43 newspapers
1336 2559 114 42 were
1469 2546 193 55 advised
1690 2548 52 53 of
1761 2548 83 53 the

350 2608 219 42 intended
603 2609 181 55 change
811 2610 53 54 of
893 2610 167 54 policy,
1089 2613 55 51 to
1170 2611 148 53 which
1343 2615 89 49 not
1459 2626 32 38 a
1524 2613 80 51 few
1631 2613 53 51 of
1712 2614 129 50 them

351 2674 282 54 acquiesced.
689 2673 195 55 General
910 2675 90 53 Lee
1016 2689 97 39 was
1139 2678 258 52 consulted,
1419 2691 55 39 as
1498 2679 83 51 the
1606 2678 240 56 following

349 2739 153 53 letter,
516 2739 252 53 afterward
786 2740 187 54 printed
991 2741 48 53 in
1048 2742 82 52 the
1148 2741 326 57 Philadelphia
1488 2743 163 55 Times,
1663 2745 177 53 shows:

826 2817 23 17 "
859 2816 333 40 Head-quarters
1212 2819 118 37 Army
1350 2820 216 36 Northern
1587 2821 215 47 Virginia,\

1237 2863 204 42 "January
1458 2864 106 43 11th,
1582 2865 114 42 1865.
1786 2863 15 46 f

430 2904 22 16 "
462 2903 102 34 Hon.
593 2903 171 34 Andrew
791 2903 188 35 Htjnter:
1021 2903 20 35 I
1061 2905 98 33 have
1179 2907 162 33 received
1361 2917 99 30 jour
1487 2909 113 38 letter
1620 2910 44 37 of
1686 2910 66 37 the
1774 2910 68 37 7th

345 2946 165 42 instant,
529 2946 88 42 and,
633 2946 164 42 without
810 2947 192 42 confining
1016 2948 135 41 myself
1159 2951 44 38 to
1218 2950 66 39 the
1298 2950 110 39 order
1423 2951 43 38 of
1474 2961 99 31 your
1586 2952 260 44 interrogate-
