2217 3311
357 300 97 43 268

654 304 222 44 History
903 316 64 33 of
994 318 96 31 the
1117 306 165 43 Black
1307 306 252 43 Phalanx.

354 433 127 44 thirty
493 436 120 41 yards
628 436 43 41 of
686 437 67 40 the
765 438 165 41 enemy's
943 437 183 43 rifle-pits,
1143 437 78 43 and
1241 436 146 44 poured
1406 445 27 35 a
1452 433 128 47 volley
1594 433 44 47 of
1653 435 112 45 minie
1778 434 87 46 ball*

354 488 85 35 into
455 490 65 34 the
534 501 90 31 very
639 491 98 41 faces
752 492 43 40 of
811 493 111 39 those
936 491 84 41 who
1037 491 64 41 did
1115 494 71 38 not
1201 491 51 42 fly
1268 500 49 33 on
1333 488 98 45 their
1444 487 212 46 approach.

435 544 111 35 "The
567 546 70 34 7th
658 546 246 37 Connecticut
924 548 78 35 and
1022 548 67 35 the
1110 547 70 36 7th
1201 546 86 37 New
1307 542 245 46 Hampshire,
1572 542 70 46 the
1653 543 119 45 latter
1785 543 80 45 witt

353 599 100 34 their
473 601 313 43 seven-shooters,
810 602 158 42 Spencer
989 602 201 42 repeaters,
1214 599 76 45 Col.
1313 598 168 46 Hawley,
1499 598 283 46 commanding,
1798 597 67 47 hac

352 654 120 35 taken
486 665 24 24 a
525 656 116 33 stand
657 656 145 34 further
816 659 44 31 to
876 657 66 33 the
955 656 107 42 right
1082 655 43 43 of
1141 655 66 43 the
1226 654 169 44 battery,
1412 654 80 44 and
1506 664 93 34 were
1613 653 110 45 hotly
1737 663 126 35 engag

350 709 68 42 ing
443 709 68 42 the
536 710 130 41 rebels.
711 709 78 42 The
817 710 177 41 Phalanx
1021 710 186 42 regiment
1237 708 120 44 (8th),
1386 709 98 43 after
1512 708 153 44 dealing
1692 710 72 42 out
1797 711 68 41 twc

350 763 146 35 rounds
516 762 101 36 from
636 765 52 34 its
711 764 197 35 advanced
930 764 182 43 position,
1128 763 147 44 finding
1293 763 68 44 the
1373 762 164 45 enemy's
1551 762 100 45 force
1665 762 38 45 in
1717 762 66 45 the
1796 773 66 34 cen

350 820 60 31 ter
423 818 207 44 preparing
642 822 44 40 to
701 820 139 42 charge
862 830 105 33 upon
988 819 116 44 them,
1120 818 60 45 fell
1200 818 100 45 back
1320 818 118 45 under
1452 825 112 38 cover
1578 817 44 46 of
1639 817 226 46 Hamilton's

350 873 171 44 battery,
542 874 119 43 which
689 884 78 33 was
790 874 110 45 firing
923 873 223 46 vigorously
1169 873 77 46 and
1268 871 203 48 effectively
1492 872 84 47 into
1599 872 64 47 the
1684 872 98 47 rebel
1802 874 58 45 col

350 937 104 25 umn.
495 928 81 35 The
597 929 71 34 7th
688 927 245 37 Connecticut
954 928 78 36 and
1053 928 86 36 New
1167 927 231 44 Hampshire
1425 927 126 44 about
1577 927 78 44 this
1682 928 93 43 time
1800 939 65 32 ran

350 982 112 35 short
477 983 43 34 of
536 984 267 43 ammunition,
826 984 78 43 and
926 983 76 44 Col.
1028 983 168 44 Hawley,
1219 981 146 46 finding
1384 982 67 45 the
1465 982 117 45 rebels
1597 983 268 44 outnumbered

349 1037 59 34 his
422 1037 100 34 force
534 1038 107 35 three
654 1041 43 32 to
715 1048 79 33 one,
819 1049 78 32 was
919 1039 126 42 about
1068 1037 177 44 ordering
1266 1034 76 47 Col.
1364 1035 153 46 Abbott
1536 1039 45 42 to
1602 1037 66 44 fall
1683 1037 97 44 back
1794 1040 71 41 and

350 1094 73 32 out
436 1093 45 33 of
495 1092 66 35 the
574 1093 269 34 concentrated
858 1094 66 33 fire
939 1093 43 34 of
998 1094 65 33 the
1078 1103 132 31 enemy
1224 1092 166 43 pouring
1403 1102 105 33 upon
1522 1091 58 44 his
1596 1102 94 33 men,
1708 1093 104 42 when
1825 1094 40 41 he

349 1146 185 36 observed
547 1147 67 35 the
627 1148 117 34 rebels
758 1149 153 43 coming
923 1148 39 44 in
976 1148 60 44 for
1051 1159 26 33 a
1093 1148 110 44 down
1219 1158 104 34 upon
1337 1147 59 45 his
1410 1148 162 44 column.

430 1201 131 36 "Here
580 1202 93 42 they
693 1212 106 32 come
818 1203 74 41 like
911 1203 136 43 tigers;
1071 1203 67 43 the
1154 1203 156 43 Federal
1330 1203 151 43 column
1500 1213 146 33 wavers
1661 1212 27 34 a
1700 1202 116 46 little;
1837 1204 28 44 it

349 1258 177 41 staggers
548 1258 78 41 and
646 1258 149 42 breaks,
819 1258 131 43 falling
970 1258 98 43 back
1091 1259 38 42 in
1151 1258 257 43 considerable
1431 1258 169 43 disorder
1609 1260 8 41 1
1659 1258 79 43 Col.
1761 1259 104 42 Haw¬

347 1311 60 41 ley
421 1321 85 31 now
520 1312 158 40 ordered
692 1312 76 40 Col.
791 1312 150 43 Fribley
961 1315 46 40 to
1027 1314 93 41 take
1142 1314 58 41 his
1225 1313 176 42 Phalanx
1422 1313 208 45 Kegiment,
1644 1315 69 43 the
1726 1314 83 44 8th,
1824 1316 41 42 to

347 1366 67 33 the
434 1366 107 42 right
562 1367 44 41 of
619 1367 66 41 the
706 1368 158 42 battery
885 1368 77 42 and
982 1368 113 42 check
1116 1369 67 41 the
1204 1369 217 43 advancing
1442 1367 97 45 rebel
1553 1368 111 44 force.
1704 1368 59 44 No
1778 1370 87 42 time

347 1429 79 25 was
440 1422 45 32 to
507 1420 47 34 be
573 1421 89 44 lost,
685 1423 67 42 the
771 1422 163 43 enemy's
956 1423 295 44 sharpshooters
1275 1424 78 43 had
1376 1423 154 44 already
1553 1422 158 45 silenced
1730 1427 78 40 two
1829 1427 37 40 oi

347 1473 239 38 Hamilton's
599 1487 109 32 guns,
725 1478 97 41 dead
844 1478 78 41 and
943 1479 119 43 dying
1081 1490 85 32 men
1188 1480 77 42 and
1287 1479 130 43 horses
1439 1479 66 43 lay
1525 1479 40 43 in
1586 1489 26 33 a
1631 1479 98 44 heap
1744 1480 121 43 about

346 1530 117 41 them,
482 1529 106 42 while
601 1534 45 37 at
658 1533 67 38 the
737 1534 211 43 remaining
961 1534 86 43 four
1059 1545 100 32 guns
1174 1546 25 31 a
1212 1536 64 41 few
1293 1536 119 41 brave
1428 1535 215 42 artillerists
1657 1545 92 32 were
1761 1534 104 43 load¬

345 1585 68 43 ing
427 1585 80 43 and
522 1584 118 46 fixing
651 1588 99 42 their
764 1588 127 43 pieces,
901 1589 198 43 retarding
1112 1591 66 41 the
1192 1601 132 33 enemy
1338 1591 39 43 in
1391 1592 60 42 his
1467 1591 156 43 onward
1637 1595 226 39 movement.

427 1641 22 18 "
460 1641 179 36 Deficient
658 1643 39 34 in
717 1643 181 43 artillery,
920 1644 91 42 they
1033 1644 78 42 had
1132 1648 73 38 not
1225 1646 92 40 been
1339 1647 85 39 able
1447 1649 42 37 to
1505 1647 111 39 check
1631 1647 64 39 the
1709 1647 155 39 Federal

344 1697 162 42 cavalry
520 1696 40 43 in
574 1697 51 42 its
639 1697 107 43 dash,
762 1698 72 42 but
848 1699 65 41 the
926 1701 270 39 concentrated
1211 1702 65 38 fire
1291 1702 98 38 from
1404 1703 105 42 right
1522 1706 45 39 to
1582 1705 126 40 center
1722 1703 142 42 demor¬

345 1751 130 44 alized,
495 1752 79 43 and
586 1755 84 40 sent
683 1753 104 42 them
801 1754 198 43 galloping
1020 1765 91 32 over
1130 1756 66 41 the
1217 1756 85 41 field
1325 1757 134 42 wildly.
1504 1756 74 43 Col.
1595 1757 151 44 Fribley
1764 1770 99 32 gave

342 1807 66 38 the
425 1808 114 37 order
554 1808 50 41 by
618 1808 64 41 the
695 1808 105 42 right
814 1808 115 43 flank,
947 1809 136 42 double
1098 1811 129 42 quick!
1251 1813 78 40 and
1343 1813 66 40 the
1423 1816 92 37 next
1530 1815 170 38 moment
1713 1814 64 39 the
1793 1815 70 38 8th

345 1861 181 37 Phalanx
546 1865 117 41 swept
683 1873 110 33 away
813 1865 45 41 to
879 1863 66 43 the
965 1867 164 39 extreme
1149 1866 106 42 right
1282 1867 39 41 in
1350 1872 164 40 support
1535 1869 45 43 of
1592 1868 68 44 the
1682 1868 69 44 7th
1777 1869 85 43 New

345 1915 232 45 Hampshire
597 1918 78 42 and
694 1918 66 42 the
782 1918 70 42 7th
873 1918 254 42 Connecticut.
1171 1921 79 39 The
1269 1922 83 44 low,
1370 1923 118 43 direct
1501 1924 76 42 aim
1594 1925 45 41 of
1654 1926 66 40 the
1731 1936 132 33 enemy

342 1971 41 33 in
396 1970 68 34 the
476 1970 182 44 rifle-pits,
674 1972 59 42 his
747 1972 137 42 Indian
899 1973 308 44 sharp-shooters
1222 1987 51 32 up
1288 1977 38 42 in
1341 1978 66 41 the
1421 1982 109 42 trees,
1546 1981 79 43 had
1646 1993 59 31 ere
1718 1993 84 31 now
1815 1992 45 32 so

343 2022 159 37 thinned
517 2023 67 36 the
596 2026 117 34 ranks
728 2028 44 33 of
787 2027 75 35 Col.
879 2026 189 44 Hawley's
1082 2032 204 38 command
1300 2033 93 37 that
1408 2034 57 36 his
1478 2035 74 35 line
1565 2047 79 25 was
1658 2048 108 34 gone,
1784 2037 77 45 and

342 2080 66 34 the
423 2078 72 36 8th
511 2077 178 37 Phalanx
708 2084 77 32 met
805 2083 65 33 the
890 2086 178 32 remnant
1089 2085 44 34 of
1148 2085 58 34 his
1227 2087 159 43 brigade
1407 2100 44 30 as
1465 2090 33 40 it
1513 2101 79 29 was
1605 2093 119 43 going
1737 2096 44 40 to
1796 2094 65 42 the

341 2145 86 24 rear
446 2134 42 35 in
509 2134 187 43 complete
715 2136 179 41 disorder.
937 2137 78 40 The
1034 2139 119 38 rebels
1180 2142 132 35 ceased
1334 2143 112 44 firing
1472 2146 79 41 and
1571 2146 132 41 halted
1724 2158 45 29 as
1795 2148 65 39 the

342 2189 179 35 Phalanx
536 2190 100 35 took
650 2191 165 42 position
830 2192 163 41 between
1015 2194 103 39 them
1141 2196 78 37 and
1238 2197 99 36 their
1358 2199 131 45 fleeing
1503 2201 210 43 comrades.
1756 2203 103 42 They

341 2245 132 35 halted
488 2248 75 32 not
577 2246 172 43 perforce,
764 2246 73 43 but
857 2250 229 41 apparently
1107 2250 60 41 for
1188 2251 259 47 deliberation,
1472 2257 104 41 when
1596 2258 92 40 with
1710 2268 71 30 one
1800 2258 60 40 fell

342 2309 130 34 swoop
486 2301 40 42 in
542 2302 66 41 the
622 2302 91 41 next
725 2304 170 39 moment
908 2302 92 43 they
1013 2307 118 42 swept
1144 2306 67 43 the
1224 2307 85 42 field
1323 2309 39 40 in
1376 2310 100 39 their
1489 2311 116 38 front.

423 2354 111 36 "The
554 2356 176 34 Phalanx
751 2356 64 34 did
835 2359 83 40 not,
941 2358 180 45 however,
1146 2362 85 42 quit
1250 2363 66 41 the
1344 2364 84 40 field
1456 2365 38 39 in
1517 2376 26 28 a
1569 2367 290 42 panic-stricken

341 2418 159 23 manner
526 2409 73 34 but
619 2409 58 34 fell
697 2410 144 42 hastily
860 2412 98 40 back
980 2416 44 36 to
1046 2415 66 37 the
1132 2416 168 44 battery,
1331 2419 91 41 only
1442 2422 45 38 to
1515 2421 79 39 find
1621 2424 78 36 two
1727 2423 46 37 of
1792 2424 67 36 the

340 2472 100 32 guns
461 2462 111 42 silent
592 2463 77 41 and
690 2464 99 40 their
808 2466 120 38 brave
948 2469 163 35 wor'kers
1133 2470 76 34 and
1225 2471 130 35 horses
1370 2474 130 43 nearly
1516 2476 51 41 all
1582 2476 44 41 of
1640 2477 105 40 them
1761 2478 97 39 dead

340 2526 106 32 upon
466 2516 66 42 the
551 2517 96 41 field.
689 2519 105 39 With
815 2533 26 25 a
861 2533 165 34 courage
1046 2524 233 44 undaunted,
1310 2529 203 41 surpassed
1540 2530 54 42 by
1620 2542 51 30 no
1700 2535 157 37 veteran

339 2573 140 39 troops
501 2580 51 32 on
573 2581 76 33 any
663 2573 240 48 'battle-field,
927 2578 65 43 the
1014 2578 177 43 Phalanx
1218 2582 214 42 attempted
1459 2585 45 39 to
1534 2594 91 30 save
1652 2586 67 38 the
1746 2587 111 37 silent

338 2634 112 34 guns.
493 2624 45 44 In
552 2626 78 42 this
644 2629 111 39 effort
769 2630 75 38 Col.
861 2632 150 43 Fribley
1025 2643 78 32 was
1117 2634 126 43 killed,
1255 2634 38 43 in
1307 2636 67 41 the
1387 2638 152 39 torrent
1553 2639 44 38 of
1605 2640 99 37 rebel
1719 2641 137 36 bullets

338 2679 119 36 which
472 2679 60 36 fell
546 2691 104 33 upon
663 2684 65 40 the
749 2686 194 42 regiment.
985 2687 40 41 It
1045 2687 83 41 held
1149 2689 66 39 the
1235 2691 78 37 two
1334 2700 108 33 guns,
1460 2692 145 44 despite
1618 2696 78 40 two
1712 2696 145 43 desper¬

339 2739 66 32 ate
417 2737 161 44 charges
592 2739 111 42 made
722 2740 52 41 by
794 2741 67 40 the
880 2751 131 32 enemy
1031 2744 45 39 to
1097 2745 158 39 capture
1274 2743 116 44 them,
1406 2745 73 42 but
1498 2747 67 40 the
1579 2749 277 38 stubbornness

340 2792 44 34 of
399 2793 66 34 the
479 2793 177 35 Phalanx
669 2804 78 24 was
762 2804 50 24 no
830 2796 128 34 match
974 2796 58 34 for
1052 2796 66 34 the
1137 2797 215 41 ponderous
1368 2799 137 43 weight
1519 2802 44 40 of
1578 2803 99 39 their
1690 2804 166 42 enemy's

339 2848 162 43 column,
517 2849 100 42 their
637 2848 294 43 sharpshooters
953 2850 77 41 and
1052 2851 169 40 artillery
1241 2852 165 43 mowing
1426 2854 110 41 down
1557 2857 118 38 ranks
1697 2857 44 38 of
1755 2858 101 37 their

339 2905 197 33 comrades
552 2905 44 33 at
610 2912 110 33 every
735 2903 135 42 volley.
905 2902 32 43 A
951 2904 165 41 grander
1130 2905 183 40 spectacle
1326 2916 78 29 was
1417 2918 113 27 never
1543 2909 197 36 witnensed
1755 2911 99 34 than

339 2958 91 34 that
445 2957 115 35 which
576 2957 77 35 this
675 2956 185 41 regiment
879 2966 99 32 gave
999 2956 44 42 of
1056 2957 152 41 gallant
1227 2967 174 33 courage.
1445 2961 102 40 They
1563 2961 64 40 left
1642 2962 98 39 their
1753 2971 99 31 guns
