2200 3300
338 284 97 44 378
635 282 222 46 History
884 293 62 35 of
974 291 95 37 the
1095 279 167 49 Black
1286 277 255 51 Phalanx.

340 416 157 55 rights
533 415 96 56 and
665 414 269 57 attentions
967 425 116 46 were
1118 409 233 62 attained,
1387 417 101 54 was
1513 402 84 69 the
1623 397 223 74 Phalanx

340 482 213 52 allowed,
580 483 58 51 to
665 494 98 43 any
787 481 140 56 great
952 480 177 57 extent,
1157 478 57 59 to
1241 475 131 62 show
1397 472 68 65 its
1490 466 233 71 efficiency
1750 462 97 75 and

343 560 205 43 prowess
575 547 49 56 in
641 547 83 56 the
741 556 295 47 manoeuvres
1054 542 49 61 in
1120 540 214 63 Virginia
1353 537 96 66 and
1467 532 213 71 vicinity,
1699 529 150 74 where

342 615 118 41 that
477 613 305 55 magnificent
802 610 178 58 "Army
1000 608 53 60 of
1072 607 237 61 Northern
1334 598 265 70 Virginia,"
1617 597 84 71 the
1725 595 125 73 hope

346 680 97 42 and
470 679 83 43 the
579 678 131 54 pride
729 676 52 56 of
800 676 83 56 the
901 673 325 59 Confederacy,
1246 683 98 49 was
1371 664 257 68 operating
1655 660 195 72 against

344 746 85 41 the
447 743 197 44 Federal
662 742 325 55 government.
1041 738 98 59 But
1164 737 133 60 when
1324 731 197 66 General
1547 729 156 68 Grant
1721 739 130 58 came

346 813 59 40 to
433 810 147 43 direct
613 808 82 45 the
730 807 295 46 movements
1053 804 52 49 of
1132 803 83 50 the
1241 801 206 52 Eastern
1482 794 172 59 armies
1690 792 53 61 of
1770 792 81 61 the

349 876 173 43 United
541 874 177 51 States,
737 873 133 52 there
888 883 96 42 was
1005 882 30 43 a
1053 869 193 56 change.
1300 865 73 60 He
1398 863 99 62 had
1523 859 189 66 learned
1729 859 122 66 from

348 943 76 41 his
441 940 265 54 experience
723 940 58 54 at
796 936 266 58 Vicksburg
1087 934 96 60 and
1210 932 140 62 other
1374 929 158 65 places
1556 927 50 67 in
1631 926 74 68 his
1721 928 132 66 west¬

351 1021 83 28 ern
468 1005 293 54 campaigns,
797 1003 116 56 that
946 1001 83 58 the
1055 1011 146 48 negro
1229 996 196 63 soldiers
1460 1006 115 53 were
1607 991 242 68 valuable;

350 1074 119 41 that
484 1072 117 53 they
619 1069 138 56 could
784 1069 57 56 be
865 1067 117 58 fully
1007 1065 138 60 relied
1171 1076 132 49 upon
1319 1062 49 63 in
1386 1059 181 66 critical
1582 1058 154 67 times,
1757 1057 95 68 and

353 1139 124 42 their
494 1135 232 56 patriotic
743 1134 98 57 zeal
858 1133 97 58 had
967 1131 138 60 made
1124 1143 31 48 a
1173 1129 112 62 deep
1295 1125 280 66 impression
1592 1137 131 54 upon
1740 1124 110 67 him.

352 1203 263 51 Therefore,
638 1214 55 40 as
711 1200 156 54 before
886 1197 176 57 stated,
1083 1196 131 58 there
1231 1207 115 47 were
1372 1193 217 61 changes,
1611 1190 95 64 and
1726 1190 128 64 quite

357 1283 32 29 a
438 1269 132 55 good
622 1279 148 45 many
812 1264 222 60 Phalanx
1076 1257 585 67 regiments—numbering
1702 1257 152 67 about

356 1336 180 52 20,000
573 1344 289 44 men—were
902 1330 148 58 taken
1084 1328 123 60 from
1241 1325 238 63 Southern
1514 1323 95 65 and
1644 1322 210 66 Western

357 1401 172 44 armies
548 1399 97 46 and
663 1396 287 49 transferred
968 1397 57 48 to
1042 1394 83 51 the
1142 1393 212 52 different
1372 1390 171 55 armies
1560 1390 50 55 in
1626 1387 225 58 Virginia.

407 1468 99 42 The
533 1465 121 45 19th
679 1464 149 53 Army
854 1462 145 55 Corps
1027 1462 105 55 sent
1159 1471 88 46 one
1273 1457 211 60 brigade.
1538 1454 195 63 General
1751 1453 104 64 Gill-

358 1546 132 30 more
507 1531 215 55 brought
741 1542 31 44 a
790 1528 196 58 brigade
1003 1527 122 59 from
1142 1525 83 61 the
1242 1523 155 63 Tenth
1413 1523 149 63 Army
1579 1520 160 66 Corps.
1790 1518 65 68 At

357 1601 126 41 least
498 1601 83 41 ten
598 1595 247 47 thousand
865 1593 53 49 of
928 1593 132 49 them
1077 1603 114 39 were
1209 1591 235 51 veterans,
1466 1587 96 55 and
1579 1586 98 56 had
1696 1585 160 57 driven

359 1678 148 41 many
525 1662 320 57 confederates
865 1661 88 58 out
972 1658 52 61 of
1043 1657 124 62 their
1185 1654 334 65 breastworks.

459 1731 100 41 The
591 1727 148 45 world
773 1738 141 34 never
948 1737 98 35 saw
1080 1722 114 50 such
1229 1734 31 38 a
1294 1719 229 55 spectacle
1558 1731 55 43 as
1647 1716 211 58 America

360 1795 246 58 presented
633 1794 49 59 in
707 1793 82 60 the
816 1792 164 61 winter
1015 1789 95 64 and
1145 1787 131 66 early
1303 1786 163 67 spring
1492 1784 53 69 of
1567 1784 142 69 1864.
1763 1783 96 70 The

360 1864 214 52 attempt
591 1863 57 53 to
667 1861 199 55 capture
891 1854 261 62 Richmond
1172 1853 96 63 and
1287 1851 288 65 Petersburg
1591 1850 97 66 had
1706 1848 150 68 failed.

361 1930 98 41 The
492 1928 149 53 Army
677 1925 53 56 of
750 1924 82 57 the
867 1923 238 58 Potomac
1130 1920 81 61 lay
1237 1919 90 62 like
1354 1930 32 51 a
1410 1929 156 52 weary
1591 1915 98 66 lion
1714 1915 146 66 under

361 2007 152 39 cover,
533 1991 243 55 watching
799 1989 66 57 its
893 1988 257 58 opponent.
1204 1983 211 63 Bruised,
1436 1983 89 63 but
1552 1981 194 65 spirited
1765 1979 95 67 and

363 2061 192 50 defiant,
583 2059 41 52 it
650 2057 94 54 had
776 2055 177 56 driven,
983 2052 96 59 and
1105 2051 49 60 in
1179 2053 115 58 turn
1320 2049 96 62 had
1436 2049 115 62 been
1569 2047 162 64 driven
1747 2046 114 65 time

361 2126 98 42 and
487 2124 160 55 again,
676 2123 65 56 by
766 2122 66 57 its
859 2119 188 60 equally
1073 2117 181 62 valient
1280 2116 86 63 foe.
1419 2115 49 64 It
1494 2115 98 64 had
1619 2112 242 67 advanced

360 2191 100 42 and
502 2188 238 45 retreated
783 2186 125 47 until
949 2185 84 48 the
1074 2183 198 50 soldiers
1312 2195 118 38 were
1470 2181 231 52 foot-sore
1740 2179 123 54 from

363 2255 247 53 marching
628 2254 96 54 and
743 2250 475 58 counter-marching,
1239 2248 215 60 crossing
1471 2248 97 60 and
1586 2245 278 63 re-crossing

361 2322 85 41 the
478 2333 107 30 now
617 2318 199 45 historic
850 2319 206 44 streams
1083 2316 55 47 of
1164 2316 83 47 the
1273 2313 88 50 Old
1388 2313 268 50 Dominion.
1711 2312 63 51 Of
1800 2312 63 51 all

362 2387 113 51 this,
512 2386 82 52 the
627 2384 132 54 loyal
793 2383 166 55 people
992 2394 116 44 were
1141 2381 122 57 tired
1291 2380 95 58 and
1414 2379 262 59 demanded
1704 2378 53 60 of
1784 2378 81 60 the

362 2449 406 45 Administration
796 2461 32 33 a
854 2449 193 53 change.
1101 2447 98 55 The
1225 2458 162 44 causes
1415 2446 55 56 of
1486 2446 84 56 the
1594 2445 190 57 failures
1807 2446 57 56 to

362 2518 119 42 take
496 2516 83 44 the
597 2514 296 46 confederate
911 2513 180 53 capitol
1108 2524 115 42 were
1240 2513 90 53 not
1348 2523 55 43 so
1422 2511 139 55 much
1578 2511 84 55 the
1679 2510 122 56 fault
1820 2508 52 58 of

363 2583 86 42 the
466 2579 328 46 commanders
814 2580 53 45 of
878 2579 82 46 the
978 2579 147 46 brave
1143 2589 138 41 army
1300 2589 54 41 as
1371 2576 116 54 that
1506 2576 54 54 of
1570 2576 83 54 the
1672 2576 196 54 author¬

363 2648 110 42 ities
508 2648 56 42 at
597 2644 335 54 Washington,
960 2644 158 54 whose
1149 2641 256 57 indecision
1440 2641 96 57 and
1570 2641 299 57 interference

365 2713 99 43 had
483 2711 205 45 entailed
716 2710 178 46 almost
921 2722 32 34 a
979 2709 212 53 disgrace
1215 2719 131 43 upon
1371 2704 263 58 McClellan,
1655 2706 198 56 Hooker
1856 2731 9 31 j

368 2778 230 43 Burnside
632 2775 97 46 and
762 2774 178 47 Meade.
994 2773 99 48 But
1125 2772 165 53 finally
1323 2771 84 54 the
1439 2772 166 53 people
1646 2785 100 40 saw
1787 2772 83 53 the

365 2845 219 55 greatest
611 2842 53 58 of
690 2840 83 60 the
807 2839 275 61 difficulties,
1112 2837 96 63 and
1243 2835 261 65 demanded
1538 2836 66 64 its
1638 2838 229 62 removal,

366 2910 152 43 which
542 2908 84 45 the
649 2904 405 49 Administration
1079 2901 212 56 signified
1315 2901 66 56 its
1406 2901 281 56 willingness
1711 2906 59 51 to
1788 2905 78 52 do.
