<?xml version="1.0" encoding="utf-8"?>
<alto xmlns:xlink="http://www.w3.org/1999/xlink" xmlns:xsi="http://www.w3.org/2001/XMLSchema-instance" xsi:schemaLocation="http://www.loc.gov/standards/alto/ns-v2# http://www.loc.gov/standards/alto/alto-v2.0.xsd" xmlns="http://www.loc.gov/standards/alto/ns-v2#">
  <Description>
    <MeasurementUnit>pixel</MeasurementUnit>
    <sourceImageInformation>
      <fileName>0101.tif</fileName>
    </sourceImageInformation>
    <OCRProcessing ID="Processing">
      <ocrProcessingStep>
        <processingStepSettings>Image Resolution:400</processingStepSettings>
        <processingSoftware>
          <softwareCreator>I2S Kirtas</softwareCreator>
          <softwareName>Limb</softwareName>
          <softwareVersion>1.0</softwareVersion>
          <applicationDescription>Abbyy10 OCR Engine</applicationDescription>
        </processingSoftware>
      </ocrProcessingStep>
    </OCRProcessing>
  </Description>
  <Styles>
    <TextStyle ID="StyleId-0" FONTSIZE="10" FONTFAMILY="Times New Roman" />
    <TextStyle ID="StyleId-1" FONTSIZE="11" FONTFAMILY="Times New Roman" />
    <TextStyle ID="StyleId-2" FONTSIZE="8" FONTFAMILY="Times New Roman" />
  </Styles>
  <Layout>
    <Page ID="P100" PHYSICAL_IMG_NR="100" HEIGHT="3300" WIDTH="2200" ACCURACY="0.7461624" QUALITY_DETAIL="437 words, 2044 chars, 1411 with recognition greater than 50% (69.03%)">
      <TopMargin ID="P100_TM00001" HPOS="0" VPOS="0" WIDTH="2200" HEIGHT="300" />
      <LeftMargin ID="P100_LM00001" HPOS="0" VPOS="300" WIDTH="318" HEIGHT="2703" />
      <RightMargin ID="P100_RM00001" HPOS="1885" VPOS="300" WIDTH="315" HEIGHT="2703" />
      <BottomMargin ID="P100_BM00001" HPOS="0" VPOS="3003" WIDTH="2200" HEIGHT="297" />
      <PrintSpace ID="P100_PS00001" HPOS="318" VPOS="300" WIDTH="1567" HEIGHT="2703">
        <TextBlock ID="P100_TB00001" HPOS="912" VPOS="300" WIDTH="442" HEIGHT="60">
          <TextLine ID="P100_TL00001" HPOS="920" VPOS="308" WIDTH="426" HEIGHT="44">
            <String ID="P100_S00001" HPOS="920" VPOS="308" WIDTH="182" HEIGHT="44" STYLEREFS="StyleId-0" CONTENT="Public" WC="0.5366667" CC="783603" />
            <SP ID="P100_SP00001" WIDTH="0" HPOS="0" VPOS="0" />
            <String ID="P100_S00002" HPOS="1128" VPOS="308" WIDTH="218" HEIGHT="44" STYLEREFS="StyleId-0" CONTENT="Opinion." WC="0.6525" CC="36070074" />
          </TextLine>
        </TextBlock>
        <TextBlock ID="P100_TB00002" HPOS="1803" VPOS="300" WIDTH="78" HEIGHT="58">
          <TextLine ID="P100_TL00002" HPOS="1811" VPOS="308" WIDTH="62" HEIGHT="42">
            <String ID="P100_S00003" HPOS="1811" VPOS="308" WIDTH="62" HEIGHT="42" STYLEREFS="StyleId-1" CONTENT="99" WC="0.5" CC="63" />
          </TextLine>
        </TextBlock>
        <TextBlock ID="P100_TB00003" HPOS="318" VPOS="421" WIDTH="1567" HEIGHT="2582">
          <TextLine ID="P100_TL00003" HPOS="352" VPOS="429" WIDTH="1525" HEIGHT="65">
            <String ID="P100_S00004" HPOS="352" VPOS="429" WIDTH="97" HEIGHT="44" STYLEREFS="StyleId-0" CONTENT="two" WC="0.586666644" CC="650" />
            <SP ID="P100_SP00002" WIDTH="0" HPOS="0" VPOS="0" />
            <String ID="P100_S00005" HPOS="492" VPOS="445" WIDTH="144" HEIGHT="42" STYLEREFS="StyleId-0" CONTENT="years" WC="0.524" CC="60376" />
            <SP ID="P100_SP00003" WIDTH="0" HPOS="0" VPOS="0" />
            <String ID="P100_S00006" HPOS="678" VPOS="438" WIDTH="159" HEIGHT="49" STYLEREFS="StyleId-0" CONTENT="before" WC="0.675" CC="700164" />
            <SP ID="P100_SP00004" WIDTH="0" HPOS="0" VPOS="0" />
            <String ID="P100_S00007" HPOS="878" VPOS="453" WIDTH="115" HEIGHT="34" STYLEREFS="StyleId-0" CONTENT="even" WC="0.64" CC="0707" />
            <SP ID="P100_SP00005" WIDTH="0" HPOS="0" VPOS="0" />
            <String ID="P100_S00008" HPOS="1026" VPOS="440" WIDTH="83" HEIGHT="47" STYLEREFS="StyleId-0" CONTENT="the" WC="0.696666658" CC="170" />
            <SP ID="P100_SP00006" WIDTH="0" HPOS="0" VPOS="0" />
            <String ID="P100_S00009" HPOS="1142" VPOS="440" WIDTH="124" HEIGHT="47" STYLEREFS="StyleId-0" CONTENT="door" WC="0.335" CC="61046" />
            <SP ID="P100_SP00007" WIDTH="0" HPOS="0" VPOS="0" />
            <String ID="P100_S00010" HPOS="1301" VPOS="439" WIDTH="54" HEIGHT="48" STYLEREFS="StyleId-0" CONTENT="of" WC="0.39" CC="47" />
            <SP ID="P100_SP00008" WIDTH="0" HPOS="0" VPOS="0" />
            <String ID="P100_S00011" HPOS="1389" VPOS="439" WIDTH="84" HEIGHT="48" STYLEREFS="StyleId-0" CONTENT="the" WC="0.623333335" CC="380" />
            <SP ID="P100_SP00009" WIDTH="0" HPOS="0" VPOS="0" />
            <String ID="P100_S00012" HPOS="1506" VPOS="439" WIDTH="239" HEIGHT="55" STYLEREFS="StyleId-0" CONTENT="partition" WC="0.6844444" CC="0105010046" />
            <SP ID="P100_SP00010" WIDTH="0" HPOS="0" VPOS="0" />
            <String ID="P100_S00013" HPOS="1778" VPOS="453" WIDTH="99" HEIGHT="41" STYLEREFS="StyleId-0" CONTENT="was" WC="0.586666644" CC="507" />
          </TextLine>
          <TextLine ID="P100_TL00004" HPOS="349" VPOS="500" WIDTH="1528" HEIGHT="58">
            <String ID="P100_S00014" HPOS="349" VPOS="500" WIDTH="207" HEIGHT="53" STYLEREFS="StyleId-0" CONTENT="opened;" WC="0.577142835" CC="56010060" />
            <SP ID="P100_SP00011" WIDTH="0" HPOS="0" VPOS="0" />
            <String ID="P100_S00015" HPOS="584" VPOS="503" WIDTH="117" HEIGHT="50" STYLEREFS="StyleId-0" CONTENT="then" WC="0.51" CC="6705" />
            <SP ID="P100_SP00012" WIDTH="0" HPOS="0" VPOS="0" />
            <String ID="P100_S00016" HPOS="719" VPOS="505" WIDTH="58" HEIGHT="48" STYLEREFS="StyleId-0" CONTENT="he" WC="0.885" CC="02" />
            <SP ID="P100_SP00013" WIDTH="0" HPOS="0" VPOS="0" />
            <String ID="P100_S00017" HPOS="795" VPOS="505" WIDTH="80" HEIGHT="48" STYLEREFS="StyleId-0" CONTENT="did" WC="0.89" CC="300" />
            <SP ID="P100_SP00014" WIDTH="0" HPOS="0" VPOS="0" />
            <String ID="P100_S00018" HPOS="902" VPOS="509" WIDTH="91" HEIGHT="44" STYLEREFS="StyleId-0" CONTENT="not" WC="0.6766667" CC="009" />
            <SP ID="P100_SP00015" WIDTH="0" HPOS="0" VPOS="0" />
            <String ID="P100_S00019" HPOS="1018" VPOS="506" WIDTH="218" HEIGHT="52" STYLEREFS="StyleId-0" CONTENT="hesitate," WC="0.724444449" CC="006008306" />
            <SP ID="P100_SP00016" WIDTH="0" HPOS="0" VPOS="0" />
            <String ID="P100_S00020" HPOS="1257" VPOS="506" WIDTH="90" HEIGHT="52" STYLEREFS="StyleId-0" CONTENT="but" WC="0.266666681" CC="749" />
            <SP ID="P100_SP00017" WIDTH="0" HPOS="0" VPOS="0" />
            <String ID="P100_S00021" HPOS="1363" VPOS="503" WIDTH="182" HEIGHT="55" STYLEREFS="StyleId-0" CONTENT="walked" WC="0.6666667" CC="0100207" />
            <SP ID="P100_SP00018" WIDTH="0" HPOS="0" VPOS="0" />
            <String ID="P100_S00022" HPOS="1562" VPOS="505" WIDTH="63" HEIGHT="53" STYLEREFS="StyleId-0" CONTENT="in," WC="0.75" CC="007" />
            <SP ID="P100_SP00019" WIDTH="0" HPOS="0" VPOS="0" />
            <String ID="P100_S00023" HPOS="1648" VPOS="506" WIDTH="95" HEIGHT="52" STYLEREFS="StyleId-0" CONTENT="and" WC="0.933333337" CC="002" />
            <SP ID="P100_SP00020" WIDTH="0" HPOS="0" VPOS="0" />
            <String ID="P100_S00024" HPOS="1763" VPOS="506" WIDTH="114" HEIGHT="52" STYLEREFS="StyleId-0" CONTENT="with" WC="0.715" CC="10010" />
          </TextLine>
          <TextLine ID="P100_TL00005" HPOS="348" VPOS="562" WIDTH="765" HEIGHT="52">
            <String ID="P100_S00025" HPOS="348" VPOS="562" WIDTH="134" HEIGHT="45" STYLEREFS="StyleId-0" CONTENT="what" WC="0.9075" CC="3000" />
            <SP ID="P100_SP00021" WIDTH="0" HPOS="0" VPOS="0" />
            <String ID="P100_S00026" HPOS="501" VPOS="567" WIDTH="133" HEIGHT="43" STYLEREFS="StyleId-0" CONTENT="effect" WC="0.74333334" CC="077000" />
            <SP ID="P100_SP00022" WIDTH="0" HPOS="0" VPOS="0" />
            <String ID="P100_S00027" HPOS="651" VPOS="570" WIDTH="84" HEIGHT="42" STYLEREFS="StyleId-0" CONTENT="the" WC="1" CC="000" />
            <SP ID="P100_SP00023" WIDTH="0" HPOS="0" VPOS="0" />
            <String ID="P100_S00028" HPOS="759" VPOS="572" WIDTH="149" HEIGHT="42" STYLEREFS="StyleId-0" CONTENT="world" WC="0.784" CC="00730" />
            <SP ID="P100_SP00024" WIDTH="0" HPOS="0" VPOS="0" />
            <String ID="P100_S00029" HPOS="935" VPOS="573" WIDTH="178" HEIGHT="41" STYLEREFS="StyleId-0" CONTENT="knows." WC="0.816666663" CC="000064" />
          </TextLine>
          <TextLine ID="P100_TL00006" HPOS="449" VPOS="630" WIDTH="1427" HEIGHT="50">
            <String ID="P100_S00030" HPOS="449" VPOS="630" WIDTH="101" HEIGHT="45" STYLEREFS="StyleId-0" CONTENT="The" WC="0.9066667" CC="200" />
            <SP ID="P100_SP00025" WIDTH="0" HPOS="0" VPOS="0" />
            <String ID="P100_S00031" HPOS="574" VPOS="647" WIDTH="102" HEIGHT="30" STYLEREFS="StyleId-0" CONTENT="war" WC="0.49" CC="086" />
            <SP ID="P100_SP00026" WIDTH="0" HPOS="0" VPOS="0" />
            <String ID="P100_S00032" HPOS="701" VPOS="637" WIDTH="140" HEIGHT="42" STYLEREFS="StyleId-0" CONTENT="cloud" WC="0.82" CC="10070" />
            <SP ID="P100_SP00027" WIDTH="0" HPOS="0" VPOS="0" />
            <String ID="P100_S00033" HPOS="869" VPOS="638" WIDTH="54" HEIGHT="42" STYLEREFS="StyleId-0" CONTENT="of" WC="0.71" CC="50" />
            <SP ID="P100_SP00028" WIDTH="0" HPOS="0" VPOS="0" />
            <String ID="P100_S00034" HPOS="944" VPOS="638" WIDTH="129" HEIGHT="42" STYLEREFS="StyleId-0" CONTENT="1860" WC="0.6325" CC="0157" />
            <SP ID="P100_SP00029" WIDTH="0" HPOS="0" VPOS="0" />
            <String ID="P100_S00035" HPOS="1100" VPOS="638" WIDTH="98" HEIGHT="42" STYLEREFS="StyleId-0" CONTENT="still" WC="0.756" CC="70050" />
            <SP ID="P100_SP00030" WIDTH="0" HPOS="0" VPOS="0" />
            <String ID="P100_S00036" HPOS="1223" VPOS="650" WIDTH="132" HEIGHT="30" STYLEREFS="StyleId-0" CONTENT="more" WC="0.7275" CC="4060" />
            <SP ID="P100_SP00031" WIDTH="0" HPOS="0" VPOS="0" />
            <String ID="P100_S00037" HPOS="1382" VPOS="637" WIDTH="203" HEIGHT="43" STYLEREFS="StyleId-0" CONTENT="aroused" WC="0.7014286" CC="0607700" />
            <SP ID="P100_SP00032" WIDTH="0" HPOS="0" VPOS="0" />
            <String ID="P100_S00038" HPOS="1610" VPOS="637" WIDTH="84" HEIGHT="43" STYLEREFS="StyleId-0" CONTENT="the" WC="1" CC="000" />
            <SP ID="P100_SP00033" WIDTH="0" HPOS="0" VPOS="0" />
            <String ID="P100_S00039" HPOS="1727" VPOS="637" WIDTH="149" HEIGHT="43" STYLEREFS="StyleId-0" CONTENT="bitter" WC="0.886666656" CC="000006" />
          </TextLine>
          <TextLine ID="P100_TL00007" HPOS="345" VPOS="696" WIDTH="1527" HEIGHT="63">
            <String ID="P100_S00040" HPOS="345" VPOS="696" WIDTH="238" HEIGHT="54" STYLEREFS="StyleId-0" CONTENT="prejudice" WC="0.674444437" CC="760470003" />
            <SP ID="P100_SP00034" WIDTH="0" HPOS="0" VPOS="0" />
            <String ID="P100_S00041" HPOS="609" VPOS="702" WIDTH="199" HEIGHT="54" STYLEREFS="StyleId-0" CONTENT="against" WC="0.665714264" CC="01000660" />
            <SP ID="P100_SP00035" WIDTH="0" HPOS="0" VPOS="0" />
            <String ID="P100_S00042" HPOS="824" VPOS="704" WIDTH="84" HEIGHT="52" STYLEREFS="StyleId-0" CONTENT="the" WC="0.97" CC="000" />
            <SP ID="P100_SP00036" WIDTH="0" HPOS="0" VPOS="0" />
            <String ID="P100_S00043" HPOS="925" VPOS="717" WIDTH="147" HEIGHT="42" STYLEREFS="StyleId-0" CONTENT="negro" WC="0.53" CC="701050" />
            <SP ID="P100_SP00037" WIDTH="0" HPOS="0" VPOS="0" />
            <String ID="P100_S00044" HPOS="1092" VPOS="706" WIDTH="55" HEIGHT="53" STYLEREFS="StyleId-0" CONTENT="at" WC="1" CC="00" />
            <SP ID="P100_SP00038" WIDTH="0" HPOS="0" VPOS="0" />
            <String ID="P100_S00045" HPOS="1165" VPOS="704" WIDTH="122" HEIGHT="55" STYLEREFS="StyleId-0" CONTENT="both" WC="1" CC="0000" />
            <SP ID="P100_SP00039" WIDTH="0" HPOS="0" VPOS="0" />
            <String ID="P100_S00046" HPOS="1304" VPOS="703" WIDTH="83" HEIGHT="56" STYLEREFS="StyleId-0" CONTENT="the" WC="1" CC="000" />
            <SP ID="P100_SP00040" WIDTH="0" HPOS="0" VPOS="0" />
            <String ID="P100_S00047" HPOS="1404" VPOS="702" WIDTH="156" HEIGHT="57" STYLEREFS="StyleId-0" CONTENT="North" WC="0.756" CC="60600" />
            <SP ID="P100_SP00041" WIDTH="0" HPOS="0" VPOS="0" />
            <String ID="P100_S00048" HPOS="1579" VPOS="703" WIDTH="96" HEIGHT="56" STYLEREFS="StyleId-0" CONTENT="and" WC="0.8066667" CC="050" />
            <SP ID="P100_SP00042" WIDTH="0" HPOS="0" VPOS="0" />
            <String ID="P100_S00049" HPOS="1694" VPOS="701" WIDTH="178" HEIGHT="58" STYLEREFS="StyleId-0" CONTENT="South;" WC="0.533333361" CC="747009" />
          </TextLine>
          <TextLine ID="P100_TL00008" HPOS="345" VPOS="761" WIDTH="1530" HEIGHT="61">
            <String ID="P100_S00050" HPOS="345" VPOS="761" WIDTH="92" HEIGHT="43" STYLEREFS="StyleId-0" CONTENT="but" WC="0.193333328" CC="1076" />
            <SP ID="P100_SP00043" WIDTH="0" HPOS="0" VPOS="0" />
            <String ID="P100_S00051" HPOS="454" VPOS="763" WIDTH="60" HEIGHT="44" STYLEREFS="StyleId-0" CONTENT="he" WC="1" CC="00" />
            <SP ID="P100_SP00044" WIDTH="0" HPOS="0" VPOS="0" />
            <String ID="P100_S00052" HPOS="530" VPOS="778" WIDTH="100" HEIGHT="31" STYLEREFS="StyleId-0" CONTENT="was" WC="0.7733333" CC="006" />
            <SP ID="P100_SP00045" WIDTH="0" HPOS="0" VPOS="0" />
            <String ID="P100_S00053" HPOS="649" VPOS="768" WIDTH="124" HEIGHT="42" STYLEREFS="StyleId-0" CONTENT="safer" WC="0.742" CC="60006" />
            <SP ID="P100_SP00046" WIDTH="0" HPOS="0" VPOS="0" />
            <String ID="P100_S00054" HPOS="798" VPOS="769" WIDTH="50" HEIGHT="41" STYLEREFS="StyleId-0" CONTENT="in" WC="0.74" CC="05" />
            <SP ID="P100_SP00047" WIDTH="0" HPOS="0" VPOS="0" />
            <String ID="P100_S00055" HPOS="875" VPOS="768" WIDTH="156" HEIGHT="44" STYLEREFS="StyleId-0" CONTENT="South" WC="0.722" CC="60700" />
            <SP ID="P100_SP00048" WIDTH="0" HPOS="0" VPOS="0" />
            <String ID="P100_S00056" HPOS="1057" VPOS="768" WIDTH="222" HEIGHT="45" STYLEREFS="StyleId-0" CONTENT="Carolina" WC="0.6325" CC="606000710" />
            <SP ID="P100_SP00049" WIDTH="0" HPOS="0" VPOS="0" />
            <String ID="P100_S00057" HPOS="1303" VPOS="768" WIDTH="124" HEIGHT="45" STYLEREFS="StyleId-0" CONTENT="than" WC="0.6625" CC="6007" />
            <SP ID="P100_SP00050" WIDTH="0" HPOS="0" VPOS="0" />
            <String ID="P100_S00058" HPOS="1452" VPOS="768" WIDTH="49" HEIGHT="45" STYLEREFS="StyleId-0" CONTENT="in" WC="0.68" CC="06" />
            <SP ID="P100_SP00051" WIDTH="0" HPOS="0" VPOS="0" />
            <String ID="P100_S00059" HPOS="1527" VPOS="767" WIDTH="105" HEIGHT="46" STYLEREFS="StyleId-0" CONTENT="New" WC="0.78" CC="600" />
            <SP ID="P100_SP00052" WIDTH="0" HPOS="0" VPOS="0" />
            <String ID="P100_S00060" HPOS="1658" VPOS="767" WIDTH="147" HEIGHT="55" STYLEREFS="StyleId-0" CONTENT="York," WC="0.664" CC="50604" />
            <SP ID="P100_SP00053" WIDTH="0" HPOS="0" VPOS="0" />
            <String ID="P100_S00061" HPOS="1825" VPOS="768" WIDTH="50" HEIGHT="54" STYLEREFS="StyleId-0" CONTENT="in" WC="0.63" CC="07" />
          </TextLine>
          <TextLine ID="P100_TL00009" HPOS="345" VPOS="826" WIDTH="714" HEIGHT="52">
            <String ID="P100_S00062" HPOS="345" VPOS="826" WIDTH="268" HEIGHT="48" STYLEREFS="StyleId-0" CONTENT="Richmond" WC="0.7725" CC="70400060" />
            <SP ID="P100_SP00054" WIDTH="0" HPOS="0" VPOS="0" />
            <String ID="P100_S00063" HPOS="638" VPOS="833" WIDTH="126" HEIGHT="42" STYLEREFS="StyleId-0" CONTENT="than" WC="0.6225" CC="8006" />
            <SP ID="P100_SP00055" WIDTH="0" HPOS="0" VPOS="0" />
            <String ID="P100_S00064" HPOS="789" VPOS="834" WIDTH="50" HEIGHT="42" STYLEREFS="StyleId-0" CONTENT="in" WC="0.66" CC="06" />
            <SP ID="P100_SP00056" WIDTH="0" HPOS="0" VPOS="0" />
            <String ID="P100_S00065" HPOS="856" VPOS="834" WIDTH="203" HEIGHT="44" STYLEREFS="StyleId-0" CONTENT="Boston." WC="0.741428554" CC="6050060" />
          </TextLine>
          <TextLine ID="P100_TL00010" HPOS="445" VPOS="894" WIDTH="1428" HEIGHT="62">
            <String ID="P100_S00066" HPOS="445" VPOS="894" WIDTH="50" HEIGHT="43" STYLEREFS="StyleId-0" CONTENT="It" WC="0.545" CC="09" />
            <SP ID="P100_SP00057" WIDTH="0" HPOS="0" VPOS="0" />
            <String ID="P100_S00067" HPOS="520" VPOS="896" WIDTH="41" HEIGHT="43" STYLEREFS="StyleId-0" CONTENT="is" WC="0.595" CC="16" />
            <SP ID="P100_SP00058" WIDTH="0" HPOS="0" VPOS="0" />
            <String ID="P100_S00068" HPOS="589" VPOS="910" WIDTH="32" HEIGHT="29" STYLEREFS="StyleId-0" CONTENT="a" WC="1" CC="0" />
            <SP ID="P100_SP00059" WIDTH="0" HPOS="0" VPOS="0" />
            <String ID="P100_S00069" HPOS="646" VPOS="901" WIDTH="200" HEIGHT="41" STYLEREFS="StyleId-0" CONTENT="natural" WC="0.6957143" CC="7007600" />
            <SP ID="P100_SP00060" WIDTH="0" HPOS="0" VPOS="0" />
            <String ID="P100_S00070" HPOS="881" VPOS="914" WIDTH="326" HEIGHT="42" STYLEREFS="StyleId-0" CONTENT="consequence," WC="0.803333342" CC="005600700003" />
            <SP ID="P100_SP00061" WIDTH="0" HPOS="0" VPOS="0" />
            <String ID="P100_S00071" HPOS="1236" VPOS="900" WIDTH="131" HEIGHT="56" STYLEREFS="StyleId-0" CONTENT="when" WC="0.855" CC="0005" />
            <SP ID="P100_SP00062" WIDTH="0" HPOS="0" VPOS="0" />
            <String ID="P100_S00072" HPOS="1393" VPOS="912" WIDTH="99" HEIGHT="44" STYLEREFS="StyleId-0" CONTENT="war" WC="0.7633333" CC="007" />
            <SP ID="P100_SP00063" WIDTH="0" HPOS="0" VPOS="0" />
            <String ID="P100_S00073" HPOS="1525" VPOS="899" WIDTH="40" HEIGHT="57" STYLEREFS="StyleId-0" CONTENT="is" WC="0.685" CC="06" />
            <SP ID="P100_SP00064" WIDTH="0" HPOS="0" VPOS="0" />
            <String ID="P100_S00074" HPOS="1599" VPOS="900" WIDTH="165" HEIGHT="56" STYLEREFS="StyleId-0" CONTENT="waged" WC="0.8" CC="001000" />
            <SP ID="P100_SP00065" WIDTH="0" HPOS="0" VPOS="0" />
            <String ID="P100_S00075" HPOS="1798" VPOS="900" WIDTH="75" HEIGHT="56" STYLEREFS="StyleId-0" CONTENT="be¬" WC="0.8566667" CC="004" />
          </TextLine>
          <TextLine ID="P100_TL00011" HPOS="344" VPOS="962" WIDTH="1529" HEIGHT="58">
            <String ID="P100_S00076" HPOS="344" VPOS="962" WIDTH="150" HEIGHT="42" STYLEREFS="StyleId-0" CONTENT="tween" WC="0.702" CC="70007" />
            <SP ID="P100_SP00066" WIDTH="0" HPOS="0" VPOS="0" />
            <String ID="P100_S00077" HPOS="511" VPOS="964" WIDTH="99" HEIGHT="41" STYLEREFS="StyleId-0" CONTENT="two" WC="0.9533333" CC="100" />
            <SP ID="P100_SP00067" WIDTH="0" HPOS="0" VPOS="0" />
            <String ID="P100_S00078" HPOS="629" VPOS="965" WIDTH="212" HEIGHT="53" STYLEREFS="StyleId-0" CONTENT="nations," WC="0.77875" CC="00000664" />
            <SP ID="P100_SP00068" WIDTH="0" HPOS="0" VPOS="0" />
            <String ID="P100_S00079" HPOS="862" VPOS="966" WIDTH="75" HEIGHT="52" STYLEREFS="StyleId-0" CONTENT="for" WC="0.65" CC="405" />
            <SP ID="P100_SP00069" WIDTH="0" HPOS="0" VPOS="0" />
            <String ID="P100_S00080" HPOS="961" VPOS="967" WIDTH="141" HEIGHT="51" STYLEREFS="StyleId-0" CONTENT="those" WC="0.852" CC="00070" />
            <SP ID="P100_SP00070" WIDTH="0" HPOS="0" VPOS="0" />
            <String ID="P100_S00081" HPOS="1129" VPOS="980" WIDTH="63" HEIGHT="38" STYLEREFS="StyleId-0" CONTENT="on" WC="0.86" CC="02" />
            <SP ID="P100_SP00071" WIDTH="0" HPOS="0" VPOS="0" />
            <String ID="P100_S00082" HPOS="1219" VPOS="966" WIDTH="148" HEIGHT="52" STYLEREFS="StyleId-0" CONTENT="either" WC="0.88" CC="000006" />
            <SP ID="P100_SP00072" WIDTH="0" HPOS="0" VPOS="0" />
            <String ID="P100_S00083" HPOS="1385" VPOS="965" WIDTH="97" HEIGHT="53" STYLEREFS="StyleId-0" CONTENT="side" WC="0.86" CC="5000" />
            <SP ID="P100_SP00073" WIDTH="0" HPOS="0" VPOS="0" />
            <String ID="P100_S00084" HPOS="1499" VPOS="967" WIDTH="56" HEIGHT="51" STYLEREFS="StyleId-0" CONTENT="to" WC="1" CC="00" />
            <SP ID="P100_SP00074" WIDTH="0" HPOS="0" VPOS="0" />
            <String ID="P100_S00085" HPOS="1573" VPOS="964" WIDTH="158" HEIGHT="56" STYLEREFS="StyleId-0" CONTENT="forget" WC="0.655" CC="505009" />
            <SP ID="P100_SP00075" WIDTH="0" HPOS="0" VPOS="0" />
            <String ID="P100_S00086" HPOS="1748" VPOS="966" WIDTH="125" HEIGHT="54" STYLEREFS="StyleId-0" CONTENT="local" WC="0.77" CC="001100" />
          </TextLine>
          <TextLine ID="P100_TL00012" HPOS="343" VPOS="1027" WIDTH="1530" HEIGHT="59">
            <String ID="P100_S00087" HPOS="343" VPOS="1027" WIDTH="132" HEIGHT="43" STYLEREFS="StyleId-0" CONTENT="feuds" WC="0.6" CC="41706" />
            <SP ID="P100_SP00076" WIDTH="0" HPOS="0" VPOS="0" />
            <String ID="P100_S00088" HPOS="504" VPOS="1029" WIDTH="97" HEIGHT="42" STYLEREFS="StyleId-0" CONTENT="and" WC="0.76" CC="070" />
            <SP ID="P100_SP00077" WIDTH="0" HPOS="0" VPOS="0" />
            <String ID="P100_S00089" HPOS="627" VPOS="1030" WIDTH="134" HEIGHT="43" STYLEREFS="StyleId-0" CONTENT="unite" WC="0.722" CC="76000" />
            <SP ID="P100_SP00078" WIDTH="0" HPOS="0" VPOS="0" />
            <String ID="P100_S00090" HPOS="787" VPOS="1032" WIDTH="198" HEIGHT="54" STYLEREFS="StyleId-0" CONTENT="against" WC="0.681428552" CC="0900750" />
            <SP ID="P100_SP00079" WIDTH="0" HPOS="0" VPOS="0" />
            <String ID="P100_S00091" HPOS="1010" VPOS="1033" WIDTH="83" HEIGHT="53" STYLEREFS="StyleId-0" CONTENT="the" WC="1" CC="000" />
            <SP ID="P100_SP00080" WIDTH="0" HPOS="0" VPOS="0" />
            <String ID="P100_S00092" HPOS="1119" VPOS="1045" WIDTH="221" HEIGHT="41" STYLEREFS="StyleId-0" CONTENT="common" WC="0.8466667" CC="400004" />
            <SP ID="P100_SP00081" WIDTH="0" HPOS="0" VPOS="0" />
            <String ID="P100_S00093" HPOS="1358" VPOS="1044" WIDTH="177" HEIGHT="42" STYLEREFS="StyleId-0" CONTENT="enemy," WC="0.705" CC="050074" />
            <SP ID="P100_SP00082" WIDTH="0" HPOS="0" VPOS="0" />
            <String ID="P100_S00094" HPOS="1558" VPOS="1043" WIDTH="55" HEIGHT="43" STYLEREFS="StyleId-0" CONTENT="as" WC="0.8" CC="04" />
            <SP ID="P100_SP00083" WIDTH="0" HPOS="0" VPOS="0" />
            <String ID="P100_S00095" HPOS="1631" VPOS="1043" WIDTH="99" HEIGHT="43" STYLEREFS="StyleId-0" CONTENT="was" WC="0.7866667" CC="006" />
            <SP ID="P100_SP00084" WIDTH="0" HPOS="0" VPOS="0" />
            <String ID="P100_S00096" HPOS="1750" VPOS="1032" WIDTH="123" HEIGHT="54" STYLEREFS="StyleId-0" CONTENT="done" WC="0.745" CC="0072" />
          </TextLine>
          <TextLine ID="P100_TL00013" HPOS="344" VPOS="1093" WIDTH="1528" HEIGHT="58">
            <String ID="P100_S00097" HPOS="344" VPOS="1093" WIDTH="49" HEIGHT="42" STYLEREFS="StyleId-0" CONTENT="in" WC="0.495" CC="36" />
            <SP ID="P100_SP00085" WIDTH="0" HPOS="0" VPOS="0" />
            <String ID="P100_S00098" HPOS="417" VPOS="1095" WIDTH="84" HEIGHT="42" STYLEREFS="StyleId-0" CONTENT="the" WC="1" CC="000" />
            <SP ID="P100_SP00086" WIDTH="0" HPOS="0" VPOS="0" />
            <String ID="P100_S00099" HPOS="526" VPOS="1094" WIDTH="383" HEIGHT="57" STYLEREFS="StyleId-0" CONTENT="Revolutionary" WC="0.669230759" CC="7070170066060" />
            <SP ID="P100_SP00087" WIDTH="0" HPOS="0" VPOS="0" />
            <String ID="P100_S00100" HPOS="932" VPOS="1111" WIDTH="115" HEIGHT="40" STYLEREFS="StyleId-0" CONTENT="war." WC="0.7175" CC="0064" />
            <SP ID="P100_SP00088" WIDTH="0" HPOS="0" VPOS="0" />
            <String ID="P100_S00101" HPOS="1102" VPOS="1098" WIDTH="123" HEIGHT="53" STYLEREFS="StyleId-0" CONTENT="How" WC="0.9266667" CC="200" />
            <SP ID="P100_SP00089" WIDTH="0" HPOS="0" VPOS="0" />
            <String ID="P100_S00102" HPOS="1251" VPOS="1097" WIDTH="213" HEIGHT="54" STYLEREFS="StyleId-0" CONTENT="different" WC="0.855555534" CC="000006060" />
            <SP ID="P100_SP00090" WIDTH="0" HPOS="0" VPOS="0" />
            <String ID="P100_S00103" HPOS="1490" VPOS="1109" WIDTH="98" HEIGHT="42" STYLEREFS="StyleId-0" CONTENT="was" WC="0.79" CC="006" />
            <SP ID="P100_SP00091" WIDTH="0" HPOS="0" VPOS="0" />
            <String ID="P100_S00104" HPOS="1613" VPOS="1097" WIDTH="84" HEIGHT="54" STYLEREFS="StyleId-0" CONTENT="the" WC="1" CC="000" />
            <SP ID="P100_SP00092" WIDTH="0" HPOS="0" VPOS="0" />
            <String ID="P100_S00105" HPOS="1724" VPOS="1097" WIDTH="148" HEIGHT="54" STYLEREFS="StyleId-0" CONTENT="situa¬" WC="0.7083333" CC="600703" />
          </TextLine>
          <TextLine ID="P100_TL00014" HPOS="342" VPOS="1160" WIDTH="1529" HEIGHT="46">
            <String ID="P100_S00106" HPOS="342" VPOS="1160" WIDTH="108" HEIGHT="43" STYLEREFS="StyleId-0" CONTENT="tion" WC="0.83" CC="0006" />
            <SP ID="P100_SP00093" WIDTH="0" HPOS="0" VPOS="0" />
            <String ID="P100_S00107" HPOS="476" VPOS="1174" WIDTH="107" HEIGHT="29" STYLEREFS="StyleId-0" CONTENT="now" WC="0.7966667" CC="600" />
            <SP ID="P100_SP00094" WIDTH="0" HPOS="0" VPOS="0" />
            <String ID="P100_S00108" HPOS="609" VPOS="1162" WIDTH="132" HEIGHT="42" STYLEREFS="StyleId-0" CONTENT="when" WC="0.8525" CC="0005" />
            <SP ID="P100_SP00095" WIDTH="0" HPOS="0" VPOS="0" />
            <String ID="P100_S00109" HPOS="766" VPOS="1163" WIDTH="84" HEIGHT="42" STYLEREFS="StyleId-0" CONTENT="the" WC="0.9633333" CC="001" />
            <SP ID="P100_SP00096" WIDTH="0" HPOS="0" VPOS="0" />
            <String ID="P100_S00110" HPOS="874" VPOS="1164" WIDTH="282" HEIGHT="42" STYLEREFS="StyleId-0" CONTENT="threatened" WC="0.81" CC="0750000600" />
            <SP ID="P100_SP00097" WIDTH="0" HPOS="0" VPOS="0" />
            <String ID="P100_S00111" HPOS="1182" VPOS="1176" WIDTH="100" HEIGHT="30" STYLEREFS="StyleId-0" CONTENT="war" WC="0.77" CC="006" />
            <SP ID="P100_SP00098" WIDTH="0" HPOS="0" VPOS="0" />
            <String ID="P100_S00112" HPOS="1306" VPOS="1176" WIDTH="98" HEIGHT="30" STYLEREFS="StyleId-0" CONTENT="was" WC="0.59" CC="065" />
            <SP ID="P100_SP00099" WIDTH="0" HPOS="0" VPOS="0" />
            <String ID="P100_S00113" HPOS="1431" VPOS="1164" WIDTH="90" HEIGHT="42" STYLEREFS="StyleId-0" CONTENT="not" WC="0.62" CC="740" />
            <SP ID="P100_SP00100" WIDTH="0" HPOS="0" VPOS="0" />
            <String ID="P100_S00114" HPOS="1549" VPOS="1176" WIDTH="89" HEIGHT="30" STYLEREFS="StyleId-0" CONTENT="one" WC="0.75333333" CC="070" />
            <SP ID="P100_SP00101" WIDTH="0" HPOS="0" VPOS="0" />
            <String ID="P100_S00115" HPOS="1664" VPOS="1163" WIDTH="207" HEIGHT="43" STYLEREFS="StyleId-0" CONTENT="between" WC="0.8542857" CC="0000207" />
          </TextLine>
          <TextLine ID="P100_TL00015" HPOS="343" VPOS="1227" WIDTH="1528" HEIGHT="54">
            <String ID="P100_S00116" HPOS="343" VPOS="1227" WIDTH="211" HEIGHT="54" STYLEREFS="StyleId-0" CONTENT="nations," WC="0.71875" CC="30020574" />
            <SP ID="P100_SP00102" WIDTH="0" HPOS="0" VPOS="0" />
            <String ID="P100_S00117" HPOS="575" VPOS="1228" WIDTH="91" HEIGHT="53" STYLEREFS="StyleId-0" CONTENT="but" WC="0.423333347" CC="1070" />
            <SP ID="P100_SP00103" WIDTH="0" HPOS="0" VPOS="0" />
            <String ID="P100_S00118" HPOS="691" VPOS="1228" WIDTH="207" HEIGHT="53" STYLEREFS="StyleId-0" CONTENT="between" WC="0.812857151" CC="0070006" />
            <SP ID="P100_SP00104" WIDTH="0" HPOS="0" VPOS="0" />
            <String ID="P100_S00119" HPOS="917" VPOS="1232" WIDTH="155" HEIGHT="49" STYLEREFS="StyleId-0" CONTENT="states" WC="0.7816667" CC="600006" />
            <SP ID="P100_SP00105" WIDTH="0" HPOS="0" VPOS="0" />
            <String ID="P100_S00120" HPOS="1092" VPOS="1230" WIDTH="53" HEIGHT="51" STYLEREFS="StyleId-0" CONTENT="of" WC="0.895" CC="02" />
            <SP ID="P100_SP00106" WIDTH="0" HPOS="0" VPOS="0" />
            <String ID="P100_S00121" HPOS="1164" VPOS="1230" WIDTH="83" HEIGHT="51" STYLEREFS="StyleId-0" CONTENT="the" WC="1" CC="000" />
            <SP ID="P100_SP00107" WIDTH="0" HPOS="0" VPOS="0" />
            <String ID="P100_S00122" HPOS="1265" VPOS="1241" WIDTH="131" HEIGHT="40" STYLEREFS="StyleId-0" CONTENT="same" WC="0.8525" CC="5000" />
            <SP ID="P100_SP00108" WIDTH="0" HPOS="0" VPOS="0" />
            <String ID="P100_S00123" HPOS="1413" VPOS="1228" WIDTH="187" HEIGHT="53" STYLEREFS="StyleId-0" CONTENT="nation." WC="0.8414286" CC="0000063" />
            <SP ID="P100_SP00109" WIDTH="0" HPOS="0" VPOS="0" />
            <String ID="P100_S00124" HPOS="1656" VPOS="1228" WIDTH="98" HEIGHT="53" STYLEREFS="StyleId-0" CONTENT="The" WC="0.9033333" CC="200" />
            <SP ID="P100_SP00110" WIDTH="0" HPOS="0" VPOS="0" />
            <String ID="P100_S00125" HPOS="1771" VPOS="1229" WIDTH="100" HEIGHT="52" STYLEREFS="StyleId-0" CONTENT="feel¬" WC="0.884" CC="00023" />
          </TextLine>
          <TextLine ID="P100_TL00016" HPOS="342" VPOS="1293" WIDTH="1527" HEIGHT="57">
            <String ID="P100_S00126" HPOS="342" VPOS="1293" WIDTH="84" HEIGHT="56" STYLEREFS="StyleId-0" CONTENT="ing" WC="0.683333337" CC="260" />
            <SP ID="P100_SP00111" WIDTH="0" HPOS="0" VPOS="0" />
            <String ID="P100_S00127" HPOS="444" VPOS="1294" WIDTH="53" HEIGHT="55" STYLEREFS="StyleId-0" CONTENT="of" WC="1" CC="00" />
            <SP ID="P100_SP00112" WIDTH="0" HPOS="0" VPOS="0" />
            <String ID="P100_S00128" HPOS="516" VPOS="1294" WIDTH="224" HEIGHT="55" STYLEREFS="StyleId-0" CONTENT="hostility" WC="0.8977778" CC="007010000" />
            <SP ID="P100_SP00113" WIDTH="0" HPOS="0" VPOS="0" />
            <String ID="P100_S00129" HPOS="764" VPOS="1295" WIDTH="191" HEIGHT="54" STYLEREFS="StyleId-0" CONTENT="toward" WC="0.896666646" CC="000060" />
            <SP ID="P100_SP00114" WIDTH="0" HPOS="0" VPOS="0" />
            <String ID="P100_S00130" HPOS="981" VPOS="1295" WIDTH="84" HEIGHT="54" STYLEREFS="StyleId-0" CONTENT="the" WC="0.9633333" CC="001" />
            <SP ID="P100_SP00115" WIDTH="0" HPOS="0" VPOS="0" />
            <String ID="P100_S00131" HPOS="1090" VPOS="1308" WIDTH="147" HEIGHT="42" STYLEREFS="StyleId-0" CONTENT="negro" WC="0.586" CC="40771" />
            <SP ID="P100_SP00116" WIDTH="0" HPOS="0" VPOS="0" />
            <String ID="P100_S00132" HPOS="1263" VPOS="1307" WIDTH="98" HEIGHT="43" STYLEREFS="StyleId-0" CONTENT="was" WC="0.783333361" CC="006" />
            <SP ID="P100_SP00117" WIDTH="0" HPOS="0" VPOS="0" />
            <String ID="P100_S00133" HPOS="1387" VPOS="1296" WIDTH="91" HEIGHT="54" STYLEREFS="StyleId-0" CONTENT="not" WC="0.45" CC="709" />
            <SP ID="P100_SP00118" WIDTH="0" HPOS="0" VPOS="0" />
            <String ID="P100_S00134" HPOS="1504" VPOS="1297" WIDTH="91" HEIGHT="53" STYLEREFS="StyleId-0" CONTENT="put" WC="0.436666667" CC="079" />
            <SP ID="P100_SP00119" WIDTH="0" HPOS="0" VPOS="0" />
            <String ID="P100_S00135" HPOS="1622" VPOS="1294" WIDTH="131" HEIGHT="56" STYLEREFS="StyleId-0" CONTENT="aside" WC="0.858" CC="07000" />
            <SP ID="P100_SP00120" WIDTH="0" HPOS="0" VPOS="0" />
            <String ID="P100_S00136" HPOS="1772" VPOS="1296" WIDTH="97" HEIGHT="54" STYLEREFS="StyleId-0" CONTENT="and" WC="0.7633333" CC="070" />
          </TextLine>
          <TextLine ID="P100_TL00017" HPOS="342" VPOS="1359" WIDTH="1527" HEIGHT="57">
            <String ID="P100_S00137" HPOS="342" VPOS="1359" WIDTH="247" HEIGHT="57" STYLEREFS="StyleId-0" CONTENT="forgotten" WC="0.8422222" CC="006000007" />
            <SP ID="P100_SP00121" WIDTH="0" HPOS="0" VPOS="0" />
            <String ID="P100_S00138" HPOS="609" VPOS="1373" WIDTH="55" HEIGHT="43" STYLEREFS="StyleId-0" CONTENT="as" WC="0.68" CC="06" />
            <SP ID="P100_SP00122" WIDTH="0" HPOS="0" VPOS="0" />
            <String ID="P100_S00139" HPOS="684" VPOS="1361" WIDTH="139" HEIGHT="55" STYLEREFS="StyleId-0" CONTENT="other" WC="0.904" CC="00004" />
            <SP ID="P100_SP00123" WIDTH="0" HPOS="0" VPOS="0" />
            <String ID="P100_S00140" HPOS="847" VPOS="1360" WIDTH="324" HEIGHT="56" STYLEREFS="StyleId-0" CONTENT="troublesome" WC="0.736363649" CC="06070426100" />
            <SP ID="P100_SP00124" WIDTH="0" HPOS="0" VPOS="0" />
            <String ID="P100_S00141" HPOS="1196" VPOS="1363" WIDTH="205" HEIGHT="53" STYLEREFS="StyleId-0" CONTENT="matters" WC="0.7871429" CC="0000176" />
            <SP ID="P100_SP00125" WIDTH="0" HPOS="0" VPOS="0" />
            <String ID="P100_S00142" HPOS="1419" VPOS="1373" WIDTH="129" HEIGHT="43" STYLEREFS="StyleId-0" CONTENT="were," WC="0.776" CC="00604" />
            <SP ID="P100_SP00126" WIDTH="0" HPOS="0" VPOS="0" />
            <String ID="P100_S00143" HPOS="1569" VPOS="1360" WIDTH="92" HEIGHT="56" STYLEREFS="StyleId-0" CONTENT="but" WC="0.75666666" CC="070" />
            <SP ID="P100_SP00127" WIDTH="0" HPOS="0" VPOS="0" />
            <String ID="P100_S00144" HPOS="1677" VPOS="1361" WIDTH="84" HEIGHT="55" STYLEREFS="StyleId-0" CONTENT="the" WC="1" CC="000" />
            <SP ID="P100_SP00128" WIDTH="0" HPOS="0" VPOS="0" />
            <String ID="P100_S00145" HPOS="1778" VPOS="1362" WIDTH="91" HEIGHT="54" STYLEREFS="StyleId-0" CONTENT="bit¬" WC="0.54" CC="7209" />
          </TextLine>
          <TextLine ID="P100_TL00018" HPOS="341" VPOS="1427" WIDTH="1165" HEIGHT="42">
            <String ID="P100_S00146" HPOS="341" VPOS="1428" WIDTH="180" HEIGHT="41" STYLEREFS="StyleId-0" CONTENT="terness" WC="0.5" CC="8056067" />
            <SP ID="P100_SP00129" WIDTH="0" HPOS="0" VPOS="0" />
            <String ID="P100_S00147" HPOS="539" VPOS="1427" WIDTH="190" HEIGHT="42" STYLEREFS="StyleId-0" CONTENT="became" WC="0.9816667" CC="001000" />
            <SP ID="P100_SP00130" WIDTH="0" HPOS="0" VPOS="0" />
            <String ID="P100_S00148" HPOS="746" VPOS="1427" WIDTH="264" HEIGHT="42" STYLEREFS="StyleId-0" CONTENT="intensified" WC="0.7581818" CC="06904600000" />
            <SP ID="P100_SP00131" WIDTH="0" HPOS="0" VPOS="0" />
            <String ID="P100_S00149" HPOS="1030" VPOS="1428" WIDTH="96" HEIGHT="41" STYLEREFS="StyleId-0" CONTENT="and" WC="0.873333335" CC="030" />
            <SP ID="P100_SP00132" WIDTH="0" HPOS="0" VPOS="0" />
            <String ID="P100_S00150" HPOS="1145" VPOS="1440" WIDTH="132" HEIGHT="29" STYLEREFS="StyleId-0" CONTENT="more" WC="0.785" CC="0260" />
            <SP ID="P100_SP00133" WIDTH="0" HPOS="0" VPOS="0" />
            <String ID="P100_S00151" HPOS="1294" VPOS="1427" WIDTH="212" HEIGHT="42" STYLEREFS="StyleId-0" CONTENT="marked." WC="0.818571448" CC="00100002" />
          </TextLine>
          <TextLine ID="P100_TL00019" HPOS="440" VPOS="1492" WIDTH="1429" HEIGHT="56">
            <String ID="P100_S00152" HPOS="440" VPOS="1492" WIDTH="98" HEIGHT="43" STYLEREFS="StyleId-0" CONTENT="The" WC="1" CC="000" />
            <SP ID="P100_SP00134" WIDTH="0" HPOS="0" VPOS="0" />
            <String ID="P100_S00153" HPOS="572" VPOS="1492" WIDTH="306" HEIGHT="44" STYLEREFS="StyleId-0" CONTENT="Confederate" WC="0.695454538" CC="70701826000" />
            <SP ID="P100_SP00135" WIDTH="0" HPOS="0" VPOS="0" />
            <String ID="P100_S00154" HPOS="913" VPOS="1492" WIDTH="321" HEIGHT="44" STYLEREFS="StyleId-0" CONTENT="Government" WC="0.655" CC="6000660068" />
            <SP ID="P100_SP00136" WIDTH="0" HPOS="0" VPOS="0" />
            <String ID="P100_S00155" HPOS="1267" VPOS="1493" WIDTH="191" HEIGHT="55" STYLEREFS="StyleId-0" CONTENT="though" WC="0.876666665" CC="000700" />
            <SP ID="P100_SP00137" WIDTH="0" HPOS="0" VPOS="0" />
            <String ID="P100_S00156" HPOS="1495" VPOS="1492" WIDTH="255" HEIGHT="56" STYLEREFS="StyleId-0" CONTENT="organized" WC="0.8244445" CC="050070300" />
            <SP ID="P100_SP00138" WIDTH="0" HPOS="0" VPOS="0" />
            <String ID="P100_S00157" HPOS="1793" VPOS="1493" WIDTH="76" HEIGHT="55" STYLEREFS="StyleId-0" CONTENT="for" WC="0.6533333" CC="046" />
          </TextLine>
          <TextLine ID="P100_TL00020" HPOS="339" VPOS="1559" WIDTH="1529" HEIGHT="56">
            <String ID="P100_S00158" HPOS="339" VPOS="1559" WIDTH="84" HEIGHT="42" STYLEREFS="StyleId-0" CONTENT="the" WC="0.8066667" CC="500" />
            <SP ID="P100_SP00139" WIDTH="0" HPOS="0" VPOS="0" />
            <String ID="P100_S00159" HPOS="448" VPOS="1560" WIDTH="247" HEIGHT="55" STYLEREFS="StyleId-0" CONTENT="perpetual" WC="0.8" CC="005050700" />
            <SP ID="P100_SP00140" WIDTH="0" HPOS="0" VPOS="0" />
            <String ID="P100_S00160" HPOS="721" VPOS="1560" WIDTH="321" HEIGHT="55" STYLEREFS="StyleId-0" CONTENT="enslavement" WC="0.849090934" CC="06400000060" />
            <SP ID="P100_SP00141" WIDTH="0" HPOS="0" VPOS="0" />
            <String ID="P100_S00161" HPOS="1070" VPOS="1559" WIDTH="53" HEIGHT="56" STYLEREFS="StyleId-0" CONTENT="of" WC="0.995" CC="00" />
            <SP ID="P100_SP00142" WIDTH="0" HPOS="0" VPOS="0" />
            <String ID="P100_S00162" HPOS="1141" VPOS="1560" WIDTH="84" HEIGHT="55" STYLEREFS="StyleId-0" CONTENT="the" WC="0.9166667" CC="002" />
            <SP ID="P100_SP00143" WIDTH="0" HPOS="0" VPOS="0" />
            <String ID="P100_S00163" HPOS="1251" VPOS="1572" WIDTH="161" HEIGHT="43" STYLEREFS="StyleId-0" CONTENT="negro," WC="0.75333333" CC="600602" />
            <SP ID="P100_SP00144" WIDTH="0" HPOS="0" VPOS="0" />
            <String ID="P100_S00164" HPOS="1434" VPOS="1559" WIDTH="207" HEIGHT="56" STYLEREFS="StyleId-0" CONTENT="fostered" WC="0.855" CC="20400500" />
            <SP ID="P100_SP00145" WIDTH="0" HPOS="0" VPOS="0" />
            <String ID="P100_S00165" HPOS="1659" VPOS="1559" WIDTH="83" HEIGHT="56" STYLEREFS="StyleId-0" CONTENT="the" WC="1" CC="000" />
            <SP ID="P100_SP00146" WIDTH="0" HPOS="0" VPOS="0" />
            <String ID="P100_S00166" HPOS="1759" VPOS="1559" WIDTH="109" HEIGHT="56" STYLEREFS="StyleId-0" CONTENT="idea" WC="0.6025" CC="6009" />
          </TextLine>
          <TextLine ID="P100_TL00021" HPOS="339" VPOS="1625" WIDTH="1529" HEIGHT="56">
            <String ID="P100_S00167" HPOS="339" VPOS="1625" WIDTH="115" HEIGHT="42" STYLEREFS="StyleId-0" CONTENT="that" WC="1" CC="0000" />
            <SP ID="P100_SP00147" WIDTH="0" HPOS="0" VPOS="0" />
            <String ID="P100_S00168" HPOS="479" VPOS="1626" WIDTH="83" HEIGHT="41" STYLEREFS="StyleId-0" CONTENT="the" WC="0.983333349" CC="000" />
            <SP ID="P100_SP00148" WIDTH="0" HPOS="0" VPOS="0" />
            <String ID="P100_S00169" HPOS="588" VPOS="1626" WIDTH="197" HEIGHT="54" STYLEREFS="StyleId-0" CONTENT="docility" WC="0.95" CC="00004000" />
            <SP ID="P100_SP00149" WIDTH="0" HPOS="0" VPOS="0" />
            <String ID="P100_S00170" HPOS="812" VPOS="1626" WIDTH="54" HEIGHT="54" STYLEREFS="StyleId-0" CONTENT="of" WC="0.745" CC="31" />
            <SP ID="P100_SP00150" WIDTH="0" HPOS="0" VPOS="0" />
            <String ID="P100_S00171" HPOS="884" VPOS="1626" WIDTH="84" HEIGHT="54" STYLEREFS="StyleId-0" CONTENT="the" WC="1" CC="000" />
            <SP ID="P100_SP00151" WIDTH="0" HPOS="0" VPOS="0" />
            <String ID="P100_S00172" HPOS="993" VPOS="1639" WIDTH="197" HEIGHT="42" STYLEREFS="StyleId-0" CONTENT="negroes" WC="0.7442857" CC="7005005" />
            <SP ID="P100_SP00152" WIDTH="0" HPOS="0" VPOS="0" />
            <String ID="P100_S00173" HPOS="1215" VPOS="1626" WIDTH="156" HEIGHT="55" STYLEREFS="StyleId-0" CONTENT="would" WC="0.852" CC="00700" />
            <SP ID="P100_SP00153" WIDTH="0" HPOS="0" VPOS="0" />
            <String ID="P100_S00174" HPOS="1401" VPOS="1626" WIDTH="138" HEIGHT="55" STYLEREFS="StyleId-0" CONTENT="allow" WC="0.912" CC="04000" />
            <SP ID="P100_SP00154" WIDTH="0" HPOS="0" VPOS="0" />
            <String ID="P100_S00175" HPOS="1567" VPOS="1625" WIDTH="132" HEIGHT="56" STYLEREFS="StyleId-0" CONTENT="them" WC="1" CC="0000" />
            <SP ID="P100_SP00155" WIDTH="0" HPOS="0" VPOS="0" />
            <String ID="P100_S00176" HPOS="1725" VPOS="1628" WIDTH="56" HEIGHT="53" STYLEREFS="StyleId-0" CONTENT="to" WC="0.725" CC="05" />
            <SP ID="P100_SP00156" WIDTH="0" HPOS="0" VPOS="0" />
            <String ID="P100_S00177" HPOS="1809" VPOS="1626" WIDTH="59" HEIGHT="55" STYLEREFS="StyleId-0" CONTENT="be" WC="0.96" CC="00" />
          </TextLine>
          <TextLine ID="P100_TL00022" HPOS="339" VPOS="1691" WIDTH="1528" HEIGHT="56">
            <String ID="P100_S00178" HPOS="339" VPOS="1692" WIDTH="114" HEIGHT="42" STYLEREFS="StyleId-0" CONTENT="used" WC="0.575" CC="7630" />
            <SP ID="P100_SP00157" WIDTH="0" HPOS="0" VPOS="0" />
            <String ID="P100_S00179" HPOS="478" VPOS="1692" WIDTH="75" HEIGHT="42" STYLEREFS="StyleId-0" CONTENT="for" WC="0.75666666" CC="006" />
            <SP ID="P100_SP00158" WIDTH="0" HPOS="0" VPOS="0" />
            <String ID="P100_S00180" HPOS="580" VPOS="1705" WIDTH="97" HEIGHT="42" STYLEREFS="StyleId-0" CONTENT="any" WC="0.7966667" CC="060" />
            <SP ID="P100_SP00159" WIDTH="0" HPOS="0" VPOS="0" />
            <String ID="P100_S00181" HPOS="703" VPOS="1705" WIDTH="219" HEIGHT="42" STYLEREFS="StyleId-0" CONTENT="purpose," WC="0.6925" CC="07600604" />
            <SP ID="P100_SP00160" WIDTH="0" HPOS="0" VPOS="0" />
            <String ID="P100_S00182" HPOS="943" VPOS="1692" WIDTH="206" HEIGHT="55" STYLEREFS="StyleId-0" CONTENT="without" WC="0.751428545" CC="00000710" />
            <SP ID="P100_SP00161" WIDTH="0" HPOS="0" VPOS="0" />
            <String ID="P100_S00183" HPOS="1174" VPOS="1692" WIDTH="124" HEIGHT="55" STYLEREFS="StyleId-0" CONTENT="their" WC="0.87" CC="00006" />
            <SP ID="P100_SP00162" WIDTH="0" HPOS="0" VPOS="0" />
            <String ID="P100_S00184" HPOS="1315" VPOS="1692" WIDTH="183" HEIGHT="55" STYLEREFS="StyleId-0" CONTENT="having" WC="1" CC="000000" />
            <SP ID="P100_SP00163" WIDTH="0" HPOS="0" VPOS="0" />
            <String ID="P100_S00185" HPOS="1516" VPOS="1691" WIDTH="82" HEIGHT="56" STYLEREFS="StyleId-0" CONTENT="the" WC="1" CC="000" />
            <SP ID="P100_SP00164" WIDTH="0" HPOS="0" VPOS="0" />
            <String ID="P100_S00186" HPOS="1618" VPOS="1691" WIDTH="123" HEIGHT="56" STYLEREFS="StyleId-0" CONTENT="least" WC="0.698" CC="00068" />
            <SP ID="P100_SP00165" WIDTH="0" HPOS="0" VPOS="0" />
            <String ID="P100_S00187" HPOS="1759" VPOS="1691" WIDTH="108" HEIGHT="56" STYLEREFS="StyleId-0" CONTENT="idea" WC="0.7725" CC="0009" />
          </TextLine>
          <TextLine ID="P100_TL00023" HPOS="340" VPOS="1757" WIDTH="1526" HEIGHT="57">
            <String ID="P100_S00188" HPOS="340" VPOS="1757" WIDTH="54" HEIGHT="43" STYLEREFS="StyleId-0" CONTENT="of" WC="0.73" CC="50" />
            <SP ID="P100_SP00166" WIDTH="0" HPOS="0" VPOS="0" />
            <String ID="P100_S00189" HPOS="412" VPOS="1758" WIDTH="248" HEIGHT="56" STYLEREFS="StyleId-0" CONTENT="becoming" WC="0.92125" CC="00100050" />
            <SP ID="P100_SP00167" WIDTH="0" HPOS="0" VPOS="0" />
            <String ID="P100_S00190" HPOS="684" VPOS="1759" WIDTH="213" HEIGHT="55" STYLEREFS="StyleId-0" CONTENT="freemen." WC="0.72125" CC="46000064" />
            <SP ID="P100_SP00168" WIDTH="0" HPOS="0" VPOS="0" />
            <String ID="P100_S00191" HPOS="952" VPOS="1757" WIDTH="139" HEIGHT="57" STYLEREFS="StyleId-0" CONTENT="Some" WC="0.795" CC="6100" />
            <SP ID="P100_SP00169" WIDTH="0" HPOS="0" VPOS="0" />
            <String ID="P100_S00192" HPOS="1116" VPOS="1758" WIDTH="107" HEIGHT="56" STYLEREFS="StyleId-0" CONTENT="idea" WC="0.8875" CC="4000" />
            <SP ID="P100_SP00170" WIDTH="0" HPOS="0" VPOS="0" />
            <String ID="P100_S00193" HPOS="1248" VPOS="1771" WIDTH="115" HEIGHT="43" STYLEREFS="StyleId-0" CONTENT="may" WC="1" CC="000" />
            <SP ID="P100_SP00171" WIDTH="0" HPOS="0" VPOS="0" />
            <String ID="P100_S00194" HPOS="1390" VPOS="1758" WIDTH="56" HEIGHT="56" STYLEREFS="StyleId-0" CONTENT="be" WC="1" CC="00" />
            <SP ID="P100_SP00172" WIDTH="0" HPOS="0" VPOS="0" />
            <String ID="P100_S00195" HPOS="1473" VPOS="1758" WIDTH="182" HEIGHT="56" STYLEREFS="StyleId-0" CONTENT="formed" WC="0.895" CC="006000" />
            <SP ID="P100_SP00173" WIDTH="0" HPOS="0" VPOS="0" />
            <String ID="P100_S00196" HPOS="1676" VPOS="1758" WIDTH="54" HEIGHT="56" STYLEREFS="StyleId-0" CONTENT="of" WC="0.85" CC="03" />
            <SP ID="P100_SP00174" WIDTH="0" HPOS="0" VPOS="0" />
            <String ID="P100_S00197" HPOS="1749" VPOS="1758" WIDTH="117" HEIGHT="56" STYLEREFS="StyleId-0" CONTENT="pub¬" WC="0.78" CC="0701" />
          </TextLine>
          <TextLine ID="P100_TL00024" HPOS="337" VPOS="1823" WIDTH="1528" HEIGHT="56">
            <String ID="P100_S00198" HPOS="337" VPOS="1823" WIDTH="58" HEIGHT="43" STYLEREFS="StyleId-0" CONTENT="lic" WC="0.99" CC="000" />
            <SP ID="P100_SP00175" WIDTH="0" HPOS="0" VPOS="0" />
            <String ID="P100_S00199" HPOS="422" VPOS="1824" WIDTH="195" HEIGHT="55" STYLEREFS="StyleId-0" CONTENT="opinion" WC="0.878571451" CC="0003004" />
            <SP ID="P100_SP00176" WIDTH="0" HPOS="0" VPOS="0" />
            <String ID="P100_S00200" HPOS="645" VPOS="1827" WIDTH="55" HEIGHT="52" STYLEREFS="StyleId-0" CONTENT="at" WC="1" CC="00" />
            <SP ID="P100_SP00177" WIDTH="0" HPOS="0" VPOS="0" />
            <String ID="P100_S00201" HPOS="725" VPOS="1825" WIDTH="84" HEIGHT="54" STYLEREFS="StyleId-0" CONTENT="the" WC="0.706666648" CC="071" />
            <SP ID="P100_SP00178" WIDTH="0" HPOS="0" VPOS="0" />
            <String ID="P100_S00202" HPOS="835" VPOS="1824" WIDTH="155" HEIGHT="55" STYLEREFS="StyleId-0" CONTENT="South" WC="0.71" CC="70700" />
            <SP ID="P100_SP00179" WIDTH="0" HPOS="0" VPOS="0" />
            <String ID="P100_S00203" HPOS="1018" VPOS="1827" WIDTH="56" HEIGHT="52" STYLEREFS="StyleId-0" CONTENT="at" WC="0.5" CC="010" />
            <SP ID="P100_SP00180" WIDTH="0" HPOS="0" VPOS="0" />
            <String ID="P100_S00204" HPOS="1098" VPOS="1825" WIDTH="83" HEIGHT="54" STYLEREFS="StyleId-0" CONTENT="the" WC="1" CC="000" />
            <SP ID="P100_SP00181" WIDTH="0" HPOS="0" VPOS="0" />
            <String ID="P100_S00205" HPOS="1206" VPOS="1824" WIDTH="257" HEIGHT="55" STYLEREFS="StyleId-0" CONTENT="beginning" WC="0.8566667" CC="000060060" />
            <SP ID="P100_SP00182" WIDTH="0" HPOS="0" VPOS="0" />
            <String ID="P100_S00206" HPOS="1490" VPOS="1825" WIDTH="54" HEIGHT="54" STYLEREFS="StyleId-0" CONTENT="of" WC="0.98" CC="00" />
            <SP ID="P100_SP00183" WIDTH="0" HPOS="0" VPOS="0" />
            <String ID="P100_S00207" HPOS="1564" VPOS="1824" WIDTH="83" HEIGHT="55" STYLEREFS="StyleId-0" CONTENT="the" WC="0.75666666" CC="070" />
            <SP ID="P100_SP00184" WIDTH="0" HPOS="0" VPOS="0" />
            <String ID="P100_S00208" HPOS="1673" VPOS="1837" WIDTH="100" HEIGHT="42" STYLEREFS="StyleId-0" CONTENT="war" WC="0.7866667" CC="006" />
            <SP ID="P100_SP00185" WIDTH="0" HPOS="0" VPOS="0" />
            <String ID="P100_S00209" HPOS="1799" VPOS="1825" WIDTH="66" HEIGHT="54" STYLEREFS="StyleId-0" CONTENT="by" WC="1" CC="00" />
          </TextLine>
          <TextLine ID="P100_TL00025" HPOS="336" VPOS="1890" WIDTH="1528" HEIGHT="55">
            <String ID="P100_S00210" HPOS="336" VPOS="1890" WIDTH="132" HEIGHT="42" STYLEREFS="StyleId-0" CONTENT="what" WC="1" CC="0000" />
            <SP ID="P100_SP00186" WIDTH="0" HPOS="0" VPOS="0" />
            <String ID="P100_S00211" HPOS="485" VPOS="1890" WIDTH="86" HEIGHT="45" STYLEREFS="StyleId-0" CONTENT="Mr." WC="0.553333342" CC="660" />
            <SP ID="P100_SP00187" WIDTH="0" HPOS="0" VPOS="0" />
            <String ID="P100_S00212" HPOS="585" VPOS="1891" WIDTH="211" HEIGHT="52" STYLEREFS="StyleId-0" CONTENT="Pollard," WC="0.63875" CC="700010704" />
            <SP ID="P100_SP00188" WIDTH="0" HPOS="0" VPOS="0" />
            <String ID="P100_S00213" HPOS="816" VPOS="1891" WIDTH="49" HEIGHT="52" STYLEREFS="StyleId-0" CONTENT="in" WC="0.44" CC="46" />
            <SP ID="P100_SP00189" WIDTH="0" HPOS="0" VPOS="0" />
            <String ID="P100_S00214" HPOS="883" VPOS="1891" WIDTH="73" HEIGHT="52" STYLEREFS="StyleId-0" CONTENT="his" WC="0.576666653" CC="705" />
            <SP ID="P100_SP00190" WIDTH="0" HPOS="0" VPOS="0" />
            <String ID="P100_S00215" HPOS="974" VPOS="1890" WIDTH="202" HEIGHT="55" STYLEREFS="StyleId-0" CONTENT="history," WC="0.6525" CC="00690704" />
            <SP ID="P100_SP00191" WIDTH="0" HPOS="0" VPOS="0" />
            <String ID="P100_S00216" HPOS="1197" VPOS="1890" WIDTH="131" HEIGHT="55" STYLEREFS="StyleId-0" CONTENT="gives" WC="0.83" CC="02005" />
            <SP ID="P100_SP00192" WIDTH="0" HPOS="0" VPOS="0" />
            <String ID="P100_S00217" HPOS="1348" VPOS="1904" WIDTH="54" HEIGHT="41" STYLEREFS="StyleId-0" CONTENT="as" WC="0.645" CC="07" />
            <SP ID="P100_SP00193" WIDTH="0" HPOS="0" VPOS="0" />
            <String ID="P100_S00218" HPOS="1420" VPOS="1891" WIDTH="84" HEIGHT="54" STYLEREFS="StyleId-0" CONTENT="the" WC="0.6666667" CC="0100" />
            <SP ID="P100_SP00194" WIDTH="0" HPOS="0" VPOS="0" />
            <String ID="P100_S00219" HPOS="1522" VPOS="1890" WIDTH="167" HEIGHT="55" STYLEREFS="StyleId-0" CONTENT="feeling" WC="0.89" CC="0002050" />
            <SP ID="P100_SP00195" WIDTH="0" HPOS="0" VPOS="0" />
            <String ID="P100_S00220" HPOS="1708" VPOS="1893" WIDTH="55" HEIGHT="52" STYLEREFS="StyleId-0" CONTENT="at" WC="1" CC="00" />
            <SP ID="P100_SP00196" WIDTH="0" HPOS="0" VPOS="0" />
            <String ID="P100_S00221" HPOS="1780" VPOS="1891" WIDTH="84" HEIGHT="54" STYLEREFS="StyleId-0" CONTENT="the" WC="1" CC="000" />
          </TextLine>
          <TextLine ID="P100_TL00026" HPOS="337" VPOS="1955" WIDTH="1397" HEIGHT="57">
            <String ID="P100_S00222" HPOS="337" VPOS="1955" WIDTH="154" HEIGHT="44" STYLEREFS="StyleId-0" CONTENT="South" WC="0.526" CC="60790" />
            <SP ID="P100_SP00197" WIDTH="0" HPOS="0" VPOS="0" />
            <String ID="P100_S00223" HPOS="512" VPOS="1959" WIDTH="55" HEIGHT="40" STYLEREFS="StyleId-0" CONTENT="at" WC="1" CC="00" />
            <SP ID="P100_SP00198" WIDTH="0" HPOS="0" VPOS="0" />
            <String ID="P100_S00224" HPOS="583" VPOS="1958" WIDTH="84" HEIGHT="41" STYLEREFS="StyleId-0" CONTENT="the" WC="0.42" CC="7100" />
            <SP ID="P100_SP00199" WIDTH="0" HPOS="0" VPOS="0" />
            <String ID="P100_S00225" HPOS="685" VPOS="1957" WIDTH="122" HEIGHT="42" STYLEREFS="StyleId-0" CONTENT="close" WC="0.604" CC="35460" />
            <SP ID="P100_SP00200" WIDTH="0" HPOS="0" VPOS="0" />
            <String ID="P100_S00226" HPOS="827" VPOS="1957" WIDTH="53" HEIGHT="42" STYLEREFS="StyleId-0" CONTENT="of" WC="0.875" CC="02" />
            <SP ID="P100_SP00201" WIDTH="0" HPOS="0" VPOS="0" />
            <String ID="P100_S00227" HPOS="899" VPOS="1957" WIDTH="83" HEIGHT="42" STYLEREFS="StyleId-0" CONTENT="the" WC="0.6666667" CC="0100" />
            <SP ID="P100_SP00202" WIDTH="0" HPOS="0" VPOS="0" />
            <String ID="P100_S00228" HPOS="1001" VPOS="1956" WIDTH="169" HEIGHT="43" STYLEREFS="StyleId-0" CONTENT="second" WC="0.813333333" CC="600500" />
            <SP ID="P100_SP00203" WIDTH="0" HPOS="0" VPOS="0" />
            <String ID="P100_S00229" HPOS="1186" VPOS="1970" WIDTH="118" HEIGHT="41" STYLEREFS="StyleId-0" CONTENT="year" WC="0.84" CC="0006" />
            <SP ID="P100_SP00204" WIDTH="0" HPOS="0" VPOS="0" />
            <String ID="P100_S00230" HPOS="1323" VPOS="1957" WIDTH="53" HEIGHT="54" STYLEREFS="StyleId-0" CONTENT="of" WC="0.8" CC="04" />
            <SP ID="P100_SP00205" WIDTH="0" HPOS="0" VPOS="0" />
            <String ID="P100_S00231" HPOS="1395" VPOS="1957" WIDTH="83" HEIGHT="54" STYLEREFS="StyleId-0" CONTENT="the" WC="1" CC="000" />
            <SP ID="P100_SP00206" WIDTH="0" HPOS="0" VPOS="0" />
            <String ID="P100_S00232" HPOS="1497" VPOS="1957" WIDTH="237" HEIGHT="55" STYLEREFS="StyleId-0" CONTENT="struggle:" WC="0.7822222" CC="605700000" />
          </TextLine>
          <TextLine ID="P100_TL00027" HPOS="418" VPOS="2021" WIDTH="1443" HEIGHT="44">
            <String ID="P100_S00233" HPOS="418" VPOS="2023" WIDTH="179" HEIGHT="42" STYLEREFS="StyleId-2" CONTENT="&quot;Indeed," WC="0.5925" CC="00767055" />
            <SP ID="P100_SP00207" WIDTH="0" HPOS="0" VPOS="0" />
            <String ID="P100_S00234" HPOS="620" VPOS="2024" WIDTH="67" HEIGHT="41" STYLEREFS="StyleId-2" CONTENT="the" WC="0.5233333" CC="670" />
            <SP ID="P100_SP00208" WIDTH="0" HPOS="0" VPOS="0" />
            <String ID="P100_S00235" HPOS="707" VPOS="2034" WIDTH="80" HEIGHT="31" STYLEREFS="StyleId-2" CONTENT="war" WC="0.6166667" CC="605" />
            <SP ID="P100_SP00209" WIDTH="0" HPOS="0" VPOS="0" />
            <String ID="P100_S00236" HPOS="807" VPOS="2024" WIDTH="79" HEIGHT="41" STYLEREFS="StyleId-2" CONTENT="had" WC="0.516666651" CC="707" />
            <SP ID="P100_SP00210" WIDTH="0" HPOS="0" VPOS="0" />
            <String ID="P100_S00237" HPOS="908" VPOS="2024" WIDTH="129" HEIGHT="41" STYLEREFS="StyleId-2" CONTENT="shown" WC="0.62" CC="60056" />
            <SP ID="P100_SP00211" WIDTH="0" HPOS="0" VPOS="0" />
            <String ID="P100_S00238" HPOS="1057" VPOS="2023" WIDTH="67" HEIGHT="42" STYLEREFS="StyleId-2" CONTENT="the" WC="0.69" CC="602" />
            <SP ID="P100_SP00212" WIDTH="0" HPOS="0" VPOS="0" />
            <String ID="P100_S00239" HPOS="1145" VPOS="2025" WIDTH="144" HEIGHT="40" STYLEREFS="StyleId-2" CONTENT="system" WC="0.683333337" CC="657000" />
            <SP ID="P100_SP00213" WIDTH="0" HPOS="0" VPOS="0" />
            <String ID="P100_S00240" HPOS="1311" VPOS="2023" WIDTH="43" HEIGHT="42" STYLEREFS="StyleId-2" CONTENT="of" WC="1" CC="00" />
            <SP ID="P100_SP00214" WIDTH="0" HPOS="0" VPOS="0" />
            <String ID="P100_S00241" HPOS="1370" VPOS="2023" WIDTH="151" HEIGHT="42" STYLEREFS="StyleId-2" CONTENT="slavery" WC="0.617142856" CC="7026036" />
            <SP ID="P100_SP00215" WIDTH="0" HPOS="0" VPOS="0" />
            <String ID="P100_S00242" HPOS="1542" VPOS="2023" WIDTH="39" HEIGHT="42" STYLEREFS="StyleId-2" CONTENT="in" WC="1" CC="00" />
            <SP ID="P100_SP00216" WIDTH="0" HPOS="0" VPOS="0" />
            <String ID="P100_S00243" HPOS="1596" VPOS="2023" WIDTH="66" HEIGHT="42" STYLEREFS="StyleId-2" CONTENT="the" WC="0.75666666" CC="070" />
            <SP ID="P100_SP00217" WIDTH="0" HPOS="0" VPOS="0" />
            <String ID="P100_S00244" HPOS="1678" VPOS="2021" WIDTH="123" HEIGHT="44" STYLEREFS="StyleId-2" CONTENT="South" WC="0.706" CC="70700" />
            <SP ID="P100_SP00218" WIDTH="0" HPOS="0" VPOS="0" />
            <String ID="P100_S00245" HPOS="1815" VPOS="2026" WIDTH="46" HEIGHT="39" STYLEREFS="StyleId-2" CONTENT="to" WC="0.68" CC="33" />
          </TextLine>
          <TextLine ID="P100_TL00028" HPOS="334" VPOS="2078" WIDTH="1533" HEIGHT="43">
            <String ID="P100_S00246" HPOS="334" VPOS="2078" WIDTH="67" HEIGHT="34" STYLEREFS="StyleId-2" CONTENT="the" WC="0.433333337" CC="7100" />
            <SP ID="P100_SP00219" WIDTH="0" HPOS="0" VPOS="0" />
            <String ID="P100_S00247" HPOS="414" VPOS="2079" WIDTH="118" HEIGHT="33" STYLEREFS="StyleId-2" CONTENT="world" WC="0.51" CC="90707" />
            <SP ID="P100_SP00220" WIDTH="0" HPOS="0" VPOS="0" />
            <String ID="P100_S00248" HPOS="545" VPOS="2079" WIDTH="40" HEIGHT="33" STYLEREFS="StyleId-2" CONTENT="in" WC="0.38" CC="39" />
            <SP ID="P100_SP00221" WIDTH="0" HPOS="0" VPOS="0" />
            <String ID="P100_S00249" HPOS="599" VPOS="2089" WIDTH="105" HEIGHT="24" STYLEREFS="StyleId-2" CONTENT="some" WC="0.6675" CC="7050" />
            <SP ID="P100_SP00222" WIDTH="0" HPOS="0" VPOS="0" />
            <String ID="P100_S00250" HPOS="718" VPOS="2090" WIDTH="79" HEIGHT="23" STYLEREFS="StyleId-2" CONTENT="new" WC="0.63" CC="209" />
            <SP ID="P100_SP00223" WIDTH="0" HPOS="0" VPOS="0" />
            <String ID="P100_S00251" HPOS="819" VPOS="2078" WIDTH="79" HEIGHT="35" STYLEREFS="StyleId-2" CONTENT="and" WC="0.5133333" CC="095" />
            <SP ID="P100_SP00224" WIDTH="0" HPOS="0" VPOS="0" />
            <String ID="P100_S00252" HPOS="918" VPOS="2078" WIDTH="165" HEIGHT="43" STYLEREFS="StyleId-2" CONTENT="striking" WC="0.395" CC="76646177" />
            <SP ID="P100_SP00225" WIDTH="0" HPOS="0" VPOS="0" />
            <String ID="P100_S00253" HPOS="1103" VPOS="2080" WIDTH="162" HEIGHT="41" STYLEREFS="StyleId-2" CONTENT="aspects," WC="0.69875" CC="07500064" />
            <SP ID="P100_SP00226" WIDTH="0" HPOS="0" VPOS="0" />
            <String ID="P100_S00254" HPOS="1289" VPOS="2078" WIDTH="78" HEIGHT="43" STYLEREFS="StyleId-2" CONTENT="and" WC="0.76" CC="070" />
            <SP ID="P100_SP00227" WIDTH="0" HPOS="0" VPOS="0" />
            <String ID="P100_S00255" HPOS="1388" VPOS="2078" WIDTH="79" HEIGHT="43" STYLEREFS="StyleId-2" CONTENT="had" WC="1" CC="000" />
            <SP ID="P100_SP00228" WIDTH="0" HPOS="0" VPOS="0" />
            <String ID="P100_S00256" HPOS="1488" VPOS="2078" WIDTH="180" HEIGHT="43" STYLEREFS="StyleId-2" CONTENT="removed" WC="0.7542857" CC="10000700" />
            <SP ID="P100_SP00229" WIDTH="0" HPOS="0" VPOS="0" />
            <String ID="P100_S00257" HPOS="1690" VPOS="2079" WIDTH="111" HEIGHT="42" STYLEREFS="StyleId-2" CONTENT="much" WC="0.74" CC="0820" />
            <SP ID="P100_SP00230" WIDTH="0" HPOS="0" VPOS="0" />
            <String ID="P100_S00258" HPOS="1823" VPOS="2079" WIDTH="44" HEIGHT="42" STYLEREFS="StyleId-2" CONTENT="of" WC="0.75" CC="05" />
          </TextLine>
          <TextLine ID="P100_TL00029" HPOS="334" VPOS="2133" WIDTH="1528" HEIGHT="44">
            <String ID="P100_S00259" HPOS="334" VPOS="2133" WIDTH="93" HEIGHT="35" STYLEREFS="StyleId-2" CONTENT="that" WC="0.64" CC="7700" />
            <SP ID="P100_SP00231" WIDTH="0" HPOS="0" VPOS="0" />
            <String ID="P100_S00260" HPOS="453" VPOS="2134" WIDTH="112" HEIGHT="34" STYLEREFS="StyleId-2" CONTENT="cloud" WC="0.868" CC="00060" />
            <SP ID="P100_SP00232" WIDTH="0" HPOS="0" VPOS="0" />
            <String ID="P100_S00261" HPOS="587" VPOS="2134" WIDTH="43" HEIGHT="34" STYLEREFS="StyleId-2" CONTENT="of" WC="1" CC="00" />
            <SP ID="P100_SP00233" WIDTH="0" HPOS="0" VPOS="0" />
            <String ID="P100_S00262" HPOS="651" VPOS="2134" WIDTH="197" HEIGHT="43" STYLEREFS="StyleId-2" CONTENT="prejudice," WC="0.561" CC="0732694504" />
            <SP ID="P100_SP00234" WIDTH="0" HPOS="0" VPOS="0" />
            <String ID="P100_S00263" HPOS="873" VPOS="2134" WIDTH="246" HEIGHT="43" STYLEREFS="StyleId-2" CONTENT="defamation," WC="0.7290909" CC="73040103063" />
            <SP ID="P100_SP00235" WIDTH="0" HPOS="0" VPOS="0" />
            <String ID="P100_S00264" HPOS="1141" VPOS="2133" WIDTH="209" HEIGHT="44" STYLEREFS="StyleId-2" CONTENT="falsehood," WC="0.886" CC="1006000003" />
            <SP ID="P100_SP00236" WIDTH="0" HPOS="0" VPOS="0" />
            <String ID="P100_S00265" HPOS="1374" VPOS="2144" WIDTH="180" HEIGHT="33" STYLEREFS="StyleId-2" CONTENT="romance" WC="0.63" CC="7090701" />
            <SP ID="P100_SP00237" WIDTH="0" HPOS="0" VPOS="0" />
            <String ID="P100_S00266" HPOS="1583" VPOS="2133" WIDTH="77" HEIGHT="44" STYLEREFS="StyleId-2" CONTENT="and" WC="0.36" CC="378" />
            <SP ID="P100_SP00238" WIDTH="0" HPOS="0" VPOS="0" />
            <String ID="P100_S00267" HPOS="1688" VPOS="2143" WIDTH="174" HEIGHT="34" STYLEREFS="StyleId-2" CONTENT="perverse" WC="0.71875" CC="00700553" />
          </TextLine>
          <TextLine ID="P100_TL00030" HPOS="334" VPOS="2188" WIDTH="1526" HEIGHT="44">
            <String ID="P100_S00268" HPOS="334" VPOS="2188" WIDTH="315" HEIGHT="35" STYLEREFS="StyleId-2" CONTENT="sentimentalism" WC="0.6557143" CC="70700035911570" />
            <SP ID="P100_SP00239" WIDTH="0" HPOS="0" VPOS="0" />
            <String ID="P100_S00269" HPOS="663" VPOS="2189" WIDTH="173" HEIGHT="43" STYLEREFS="StyleId-2" CONTENT="through" WC="0.7457143" CC="0040660" />
            <SP ID="P100_SP00240" WIDTH="0" HPOS="0" VPOS="0" />
            <String ID="P100_S00270" HPOS="844" VPOS="2189" WIDTH="118" HEIGHT="43" STYLEREFS="StyleId-2" CONTENT="which" WC="0.886" CC="00500" />
            <SP ID="P100_SP00241" WIDTH="0" HPOS="0" VPOS="0" />
            <String ID="P100_S00271" HPOS="977" VPOS="2199" WIDTH="71" HEIGHT="33" STYLEREFS="StyleId-2" CONTENT="our" WC="0.566666663" CC="075" />
            <SP ID="P100_SP00242" WIDTH="0" HPOS="0" VPOS="0" />
            <String ID="P100_S00272" HPOS="1061" VPOS="2189" WIDTH="166" HEIGHT="43" STYLEREFS="StyleId-2" CONTENT="peculiar" WC="0.78625" CC="00062007" />
            <SP ID="P100_SP00243" WIDTH="0" HPOS="0" VPOS="0" />
            <String ID="P100_S00273" HPOS="1239" VPOS="2189" WIDTH="226" HEIGHT="43" STYLEREFS="StyleId-2" CONTENT="institution" WC="0.69" CC="47304070006" />
            <SP ID="P100_SP00244" WIDTH="0" HPOS="0" VPOS="0" />
            <String ID="P100_S00274" HPOS="1480" VPOS="2188" WIDTH="79" HEIGHT="44" STYLEREFS="StyleId-2" CONTENT="had" WC="0.6666667" CC="0100" />
            <SP ID="P100_SP00245" WIDTH="0" HPOS="0" VPOS="0" />
            <String ID="P100_S00275" HPOS="1574" VPOS="2188" WIDTH="92" HEIGHT="44" STYLEREFS="StyleId-2" CONTENT="been" WC="0.675" CC="5007" />
            <SP ID="P100_SP00246" WIDTH="0" HPOS="0" VPOS="0" />
            <String ID="P100_S00276" HPOS="1681" VPOS="2189" WIDTH="179" HEIGHT="43" STYLEREFS="StyleId-2" CONTENT="formerly" WC="0.6575" CC="035003510" />
          </TextLine>
          <TextLine ID="P100_TL00031" HPOS="333" VPOS="2243" WIDTH="1533" HEIGHT="44">
            <String ID="P100_S00277" HPOS="333" VPOS="2243" WIDTH="138" HEIGHT="35" STYLEREFS="StyleId-2" CONTENT="known" WC="0.712" CC="07007" />
            <SP ID="P100_SP00247" WIDTH="0" HPOS="0" VPOS="0" />
            <String ID="P100_S00278" HPOS="485" VPOS="2246" WIDTH="44" HEIGHT="32" STYLEREFS="StyleId-2" CONTENT="to" WC="1" CC="00" />
            <SP ID="P100_SP00248" WIDTH="0" HPOS="0" VPOS="0" />
            <String ID="P100_S00279" HPOS="551" VPOS="2243" WIDTH="162" HEIGHT="44" STYLEREFS="StyleId-2" CONTENT="Europe." WC="0.822857141" CC="0370001" />
            <SP ID="P100_SP00249" WIDTH="0" HPOS="0" VPOS="0" />
            <String ID="P100_S00280" HPOS="756" VPOS="2244" WIDTH="40" HEIGHT="43" STYLEREFS="StyleId-2" CONTENT="It" WC="0.36" CC="29" />
            <SP ID="P100_SP00250" WIDTH="0" HPOS="0" VPOS="0" />
            <String ID="P100_S00281" HPOS="816" VPOS="2244" WIDTH="80" HEIGHT="43" STYLEREFS="StyleId-2" CONTENT="had" WC="1" CC="000" />
            <SP ID="P100_SP00251" WIDTH="0" HPOS="0" VPOS="0" />
            <String ID="P100_S00282" HPOS="916" VPOS="2244" WIDTH="112" HEIGHT="43" STYLEREFS="StyleId-2" CONTENT="given" WC="0.766" CC="04007" />
            <SP ID="P100_SP00252" WIDTH="0" HPOS="0" VPOS="0" />
            <String ID="P100_S00283" HPOS="1050" VPOS="2254" WIDTH="25" HEIGHT="33" STYLEREFS="StyleId-2" CONTENT="a" WC="0.77" CC="2" />
            <SP ID="P100_SP00253" WIDTH="0" HPOS="0" VPOS="0" />
            <String ID="P100_S00284" HPOS="1094" VPOS="2244" WIDTH="126" HEIGHT="43" STYLEREFS="StyleId-2" CONTENT="better" WC="0.76" CC="1000004" />
            <SP ID="P100_SP00254" WIDTH="0" HPOS="0" VPOS="0" />
            <String ID="P100_S00285" HPOS="1240" VPOS="2244" WIDTH="238" HEIGHT="43" STYLEREFS="StyleId-2" CONTENT="vindication" WC="0.675454557" CC="06794000007" />
            <SP ID="P100_SP00255" WIDTH="0" HPOS="0" VPOS="0" />
            <String ID="P100_S00286" HPOS="1501" VPOS="2243" WIDTH="44" HEIGHT="44" STYLEREFS="StyleId-2" CONTENT="of" WC="1" CC="00" />
            <SP ID="P100_SP00256" WIDTH="0" HPOS="0" VPOS="0" />
            <String ID="P100_S00287" HPOS="1561" VPOS="2253" WIDTH="72" HEIGHT="34" STYLEREFS="StyleId-2" CONTENT="our" WC="0.5466667" CC="066" />
            <SP ID="P100_SP00257" WIDTH="0" HPOS="0" VPOS="0" />
            <String ID="P100_S00288" HPOS="1655" VPOS="2245" WIDTH="144" HEIGHT="42" STYLEREFS="StyleId-2" CONTENT="system" WC="0.8016667" CC="506000" />
            <SP ID="P100_SP00258" WIDTH="0" HPOS="0" VPOS="0" />
            <String ID="P100_S00289" HPOS="1821" VPOS="2244" WIDTH="45" HEIGHT="43" STYLEREFS="StyleId-2" CONTENT="of" WC="0.765" CC="04" />
          </TextLine>
          <TextLine ID="P100_TL00032" HPOS="334" VPOS="2298" WIDTH="1526" HEIGHT="43">
            <String ID="P100_S00290" HPOS="334" VPOS="2298" WIDTH="151" HEIGHT="43" STYLEREFS="StyleId-2" CONTENT="slavery" WC="0.827142835" CC="8000030" />
            <SP ID="P100_SP00259" WIDTH="0" HPOS="0" VPOS="0" />
            <String ID="P100_S00291" HPOS="499" VPOS="2299" WIDTH="98" HEIGHT="42" STYLEREFS="StyleId-2" CONTENT="than" WC="0.825" CC="0007" />
            <SP ID="P100_SP00260" WIDTH="0" HPOS="0" VPOS="0" />
            <String ID="P100_S00292" HPOS="613" VPOS="2300" WIDTH="51" HEIGHT="41" STYLEREFS="StyleId-2" CONTENT="all" WC="0.98" CC="000" />
            <SP ID="P100_SP00261" WIDTH="0" HPOS="0" VPOS="0" />
            <String ID="P100_S00293" HPOS="677" VPOS="2300" WIDTH="66" HEIGHT="41" STYLEREFS="StyleId-2" CONTENT="the" WC="0.7133333" CC="800" />
            <SP ID="P100_SP00262" WIDTH="0" HPOS="0" VPOS="0" />
            <String ID="P100_S00294" HPOS="756" VPOS="2299" WIDTH="126" HEIGHT="42" STYLEREFS="StyleId-2" CONTENT="books" WC="0.864" CC="00006" />
            <SP ID="P100_SP00263" WIDTH="0" HPOS="0" VPOS="0" />
            <String ID="P100_S00295" HPOS="896" VPOS="2299" WIDTH="93" HEIGHT="42" STYLEREFS="StyleId-2" CONTENT="that" WC="0.6825" CC="0075" />
            <SP ID="P100_SP00264" WIDTH="0" HPOS="0" VPOS="0" />
            <String ID="P100_S00296" HPOS="1002" VPOS="2298" WIDTH="112" HEIGHT="43" STYLEREFS="StyleId-2" CONTENT="could" WC="0.584" CC="00749" />
            <SP ID="P100_SP00265" WIDTH="0" HPOS="0" VPOS="0" />
            <String ID="P100_S00297" HPOS="1127" VPOS="2298" WIDTH="47" HEIGHT="43" STYLEREFS="StyleId-2" CONTENT="be" WC="0.71" CC="50" />
            <SP ID="P100_SP00266" WIDTH="0" HPOS="0" VPOS="0" />
            <String ID="P100_S00298" HPOS="1187" VPOS="2298" WIDTH="151" HEIGHT="43" STYLEREFS="StyleId-2" CONTENT="written" WC="0.6628571" CC="0708106" />
            <SP ID="P100_SP00267" WIDTH="0" HPOS="0" VPOS="0" />
            <String ID="P100_S00299" HPOS="1353" VPOS="2298" WIDTH="39" HEIGHT="43" STYLEREFS="StyleId-2" CONTENT="in" WC="0.455" CC="46" />
            <SP ID="P100_SP00268" WIDTH="0" HPOS="0" VPOS="0" />
            <String ID="P100_S00300" HPOS="1407" VPOS="2308" WIDTH="26" HEIGHT="33" STYLEREFS="StyleId-2" CONTENT="a" WC="0.05" CC="9" />
            <SP ID="P100_SP00269" WIDTH="0" HPOS="0" VPOS="0" />
            <String ID="P100_S00301" HPOS="1446" VPOS="2298" WIDTH="236" HEIGHT="43" STYLEREFS="StyleId-2" CONTENT="generation." WC="0.8127273" CC="00405000064" />
            <SP ID="P100_SP00270" WIDTH="0" HPOS="0" VPOS="0" />
            <String ID="P100_S00302" HPOS="1725" VPOS="2298" WIDTH="42" HEIGHT="43" STYLEREFS="StyleId-2" CONTENT="It" WC="0.5" CC="010" />
            <SP ID="P100_SP00271" WIDTH="0" HPOS="0" VPOS="0" />
            <String ID="P100_S00303" HPOS="1779" VPOS="2299" WIDTH="81" HEIGHT="42" STYLEREFS="StyleId-2" CONTENT="had" WC="0.433333337" CC="709" />
          </TextLine>
          <TextLine ID="P100_TL00033" HPOS="334" VPOS="2352" WIDTH="1525" HEIGHT="44">
            <String ID="P100_S00304" HPOS="334" VPOS="2353" WIDTH="130" HEIGHT="35" STYLEREFS="StyleId-2" CONTENT="shown" WC="0.562" CC="77007" />
            <SP ID="P100_SP00272" WIDTH="0" HPOS="0" VPOS="0" />
            <String ID="P100_S00305" HPOS="491" VPOS="2355" WIDTH="93" HEIGHT="34" STYLEREFS="StyleId-2" CONTENT="that" WC="0.565" CC="0709" />
            <SP ID="P100_SP00273" WIDTH="0" HPOS="0" VPOS="0" />
            <String ID="P100_S00306" HPOS="611" VPOS="2355" WIDTH="151" HEIGHT="41" STYLEREFS="StyleId-2" CONTENT="slavery" WC="0.741428554" CC="7600040" />
            <SP ID="P100_SP00274" WIDTH="0" HPOS="0" VPOS="0" />
            <String ID="P100_S00307" HPOS="789" VPOS="2365" WIDTH="80" HEIGHT="31" STYLEREFS="StyleId-2" CONTENT="was" WC="0.433333337" CC="1007" />
            <SP ID="P100_SP00275" WIDTH="0" HPOS="0" VPOS="0" />
            <String ID="P100_S00308" HPOS="897" VPOS="2364" WIDTH="50" HEIGHT="32" STYLEREFS="StyleId-2" CONTENT="an" WC="0.13" CC="107" />
            <SP ID="P100_SP00276" WIDTH="0" HPOS="0" VPOS="0" />
            <String ID="P100_S00309" HPOS="976" VPOS="2354" WIDTH="159" HEIGHT="42" STYLEREFS="StyleId-2" CONTENT="element" WC="0.834285736" CC="0056000" />
            <SP ID="P100_SP00277" WIDTH="0" HPOS="0" VPOS="0" />
            <String ID="P100_S00310" HPOS="1162" VPOS="2352" WIDTH="42" HEIGHT="44" STYLEREFS="StyleId-2" CONTENT="of" WC="0.925" CC="01" />
            <SP ID="P100_SP00278" WIDTH="0" HPOS="0" VPOS="0" />
            <String ID="P100_S00311" HPOS="1228" VPOS="2353" WIDTH="176" HEIGHT="43" STYLEREFS="StyleId-2" CONTENT="strength" WC="0.625" CC="705071000" />
            <SP ID="P100_SP00279" WIDTH="0" HPOS="0" VPOS="0" />
            <String ID="P100_S00312" HPOS="1432" VPOS="2355" WIDTH="45" HEIGHT="41" STYLEREFS="StyleId-2" CONTENT="to" WC="1" CC="00" />
            <SP ID="P100_SP00280" WIDTH="0" HPOS="0" VPOS="0" />
            <String ID="P100_S00313" HPOS="1505" VPOS="2363" WIDTH="63" HEIGHT="33" STYLEREFS="StyleId-2" CONTENT="us;" WC="0.37" CC="764" />
            <SP ID="P100_SP00281" WIDTH="0" HPOS="0" VPOS="0" />
            <String ID="P100_S00314" HPOS="1597" VPOS="2353" WIDTH="95" HEIGHT="43" STYLEREFS="StyleId-2" CONTENT="that" WC="0.76" CC="9000" />
            <SP ID="P100_SP00282" WIDTH="0" HPOS="0" VPOS="0" />
            <String ID="P100_S00315" HPOS="1719" VPOS="2352" WIDTH="33" HEIGHT="44" STYLEREFS="StyleId-2" CONTENT="it" WC="0.82" CC="30" />
            <SP ID="P100_SP00283" WIDTH="0" HPOS="0" VPOS="0" />
            <String ID="P100_S00316" HPOS="1779" VPOS="2353" WIDTH="80" HEIGHT="43" STYLEREFS="StyleId-2" CONTENT="had" WC="0.203333333" CC="1094" />
          </TextLine>
          <TextLine ID="P100_TL00034" HPOS="334" VPOS="2407" WIDTH="1525" HEIGHT="45">
            <String ID="P100_S00317" HPOS="334" VPOS="2409" WIDTH="162" HEIGHT="35" STYLEREFS="StyleId-2" CONTENT="assisted" WC="0.60875" CC="07726007" />
            <SP ID="P100_SP00284" WIDTH="0" HPOS="0" VPOS="0" />
            <String ID="P100_S00318" HPOS="512" VPOS="2420" WIDTH="44" HEIGHT="24" STYLEREFS="StyleId-2" CONTENT="us" WC="0.495" CC="27" />
            <SP ID="P100_SP00285" WIDTH="0" HPOS="0" VPOS="0" />
            <String ID="P100_S00319" HPOS="570" VPOS="2410" WIDTH="39" HEIGHT="34" STYLEREFS="StyleId-2" CONTENT="in" WC="0.36" CC="57" />
            <SP ID="P100_SP00286" WIDTH="0" HPOS="0" VPOS="0" />
            <String ID="P100_S00320" HPOS="625" VPOS="2420" WIDTH="71" HEIGHT="24" STYLEREFS="StyleId-2" CONTENT="our" WC="0.6166667" CC="065" />
            <SP ID="P100_SP00287" WIDTH="0" HPOS="0" VPOS="0" />
            <String ID="P100_S00321" HPOS="710" VPOS="2409" WIDTH="190" HEIGHT="43" STYLEREFS="StyleId-2" CONTENT="struggle;" WC="0.581111133" CC="705609260" />
            <SP ID="P100_SP00288" WIDTH="0" HPOS="0" VPOS="0" />
            <String ID="P100_S00322" HPOS="916" VPOS="2409" WIDTH="94" HEIGHT="43" STYLEREFS="StyleId-2" CONTENT="that" WC="0.57" CC="07010" />
            <SP ID="P100_SP00289" WIDTH="0" HPOS="0" VPOS="0" />
            <String ID="P100_S00323" HPOS="1022" VPOS="2417" WIDTH="51" HEIGHT="35" STYLEREFS="StyleId-2" CONTENT="no" WC="1" CC="00" />
            <SP ID="P100_SP00290" WIDTH="0" HPOS="0" VPOS="0" />
            <String ID="P100_S00324" HPOS="1089" VPOS="2407" WIDTH="131" HEIGHT="45" STYLEREFS="StyleId-2" CONTENT="servile" WC="0.628571451" CC="6049050" />
            <SP ID="P100_SP00291" WIDTH="0" HPOS="0" VPOS="0" />
            <String ID="P100_S00325" HPOS="1240" VPOS="2407" WIDTH="271" HEIGHT="45" STYLEREFS="StyleId-2" CONTENT="insurrections" WC="0.494615376" CC="5656980270076" />
            <SP ID="P100_SP00292" WIDTH="0" HPOS="0" VPOS="0" />
            <String ID="P100_S00326" HPOS="1525" VPOS="2408" WIDTH="79" HEIGHT="44" STYLEREFS="StyleId-2" CONTENT="had" WC="0.416666657" CC="089" />
            <SP ID="P100_SP00293" WIDTH="0" HPOS="0" VPOS="0" />
            <String ID="P100_S00327" HPOS="1619" VPOS="2407" WIDTH="119" HEIGHT="45" STYLEREFS="StyleId-2" CONTENT="taken" WC="1" CC="00000" />
            <SP ID="P100_SP00294" WIDTH="0" HPOS="0" VPOS="0" />
            <String ID="P100_S00328" HPOS="1752" VPOS="2408" WIDTH="107" HEIGHT="44" STYLEREFS="StyleId-2" CONTENT="place" WC="0.93" CC="03000" />
          </TextLine>
          <TextLine ID="P100_TL00035" HPOS="331" VPOS="2461" WIDTH="1528" HEIGHT="46">
            <String ID="P100_S00329" HPOS="331" VPOS="2463" WIDTH="40" HEIGHT="35" STYLEREFS="StyleId-2" CONTENT="in" WC="0.395" CC="57" />
            <SP ID="P100_SP00295" WIDTH="0" HPOS="0" VPOS="0" />
            <String ID="P100_S00330" HPOS="391" VPOS="2464" WIDTH="67" HEIGHT="34" STYLEREFS="StyleId-2" CONTENT="the" WC="1" CC="000" />
            <SP ID="P100_SP00296" WIDTH="0" HPOS="0" VPOS="0" />
            <String ID="P100_S00331" HPOS="478" VPOS="2464" WIDTH="135" HEIGHT="43" STYLEREFS="StyleId-2" CONTENT="South," WC="0.58" CC="507903" />
            <SP ID="P100_SP00297" WIDTH="0" HPOS="0" VPOS="0" />
            <String ID="P100_S00332" HPOS="636" VPOS="2465" WIDTH="39" HEIGHT="42" STYLEREFS="StyleId-2" CONTENT="in" WC="0.825" CC="30" />
            <SP ID="P100_SP00298" WIDTH="0" HPOS="0" VPOS="0" />
            <String ID="P100_S00333" HPOS="697" VPOS="2465" WIDTH="99" HEIGHT="42" STYLEREFS="StyleId-2" CONTENT="spite" WC="0.652" CC="78100" />
            <SP ID="P100_SP00299" WIDTH="0" HPOS="0" VPOS="0" />
            <String ID="P100_S00334" HPOS="817" VPOS="2464" WIDTH="43" HEIGHT="43" STYLEREFS="StyleId-2" CONTENT="of" WC="0.74" CC="05" />
            <SP ID="P100_SP00300" WIDTH="0" HPOS="0" VPOS="0" />
            <String ID="P100_S00335" HPOS="874" VPOS="2464" WIDTH="68" HEIGHT="43" STYLEREFS="StyleId-2" CONTENT="the" WC="0.8" CC="006" />
            <SP ID="P100_SP00301" WIDTH="0" HPOS="0" VPOS="0" />
            <String ID="P100_S00336" HPOS="963" VPOS="2463" WIDTH="242" HEIGHT="44" STYLEREFS="StyleId-2" CONTENT="allurements" WC="0.54" CC="71565020784" />
            <SP ID="P100_SP00302" WIDTH="0" HPOS="0" VPOS="0" />
            <String ID="P100_S00337" HPOS="1227" VPOS="2461" WIDTH="43" HEIGHT="46" STYLEREFS="StyleId-2" CONTENT="of" WC="0.93" CC="01" />
            <SP ID="P100_SP00303" WIDTH="0" HPOS="0" VPOS="0" />
            <String ID="P100_S00338" HPOS="1286" VPOS="2471" WIDTH="72" HEIGHT="36" STYLEREFS="StyleId-2" CONTENT="our" WC="0.54" CC="076" />
            <SP ID="P100_SP00304" WIDTH="0" HPOS="0" VPOS="0" />
            <String ID="P100_S00339" HPOS="1379" VPOS="2472" WIDTH="150" HEIGHT="35" STYLEREFS="StyleId-2" CONTENT="enemy;" WC="0.6333333" CC="0600105" />
            <SP ID="P100_SP00305" WIDTH="0" HPOS="0" VPOS="0" />
            <String ID="P100_S00340" HPOS="1550" VPOS="2462" WIDTH="95" HEIGHT="45" STYLEREFS="StyleId-2" CONTENT="that" WC="0.75" CC="00010" />
            <SP ID="P100_SP00306" WIDTH="0" HPOS="0" VPOS="0" />
            <String ID="P100_S00341" HPOS="1665" VPOS="2462" WIDTH="66" HEIGHT="45" STYLEREFS="StyleId-2" CONTENT="the" WC="0.6766667" CC="900" />
            <SP ID="P100_SP00307" WIDTH="0" HPOS="0" VPOS="0" />
            <String ID="P100_S00342" HPOS="1752" VPOS="2462" WIDTH="107" HEIGHT="45" STYLEREFS="StyleId-2" CONTENT="slave" WC="0.848" CC="60001" />
          </TextLine>
          <TextLine ID="P100_TL00036" HPOS="331" VPOS="2515" WIDTH="1524" HEIGHT="44">
            <String ID="P100_S00343" HPOS="331" VPOS="2519" WIDTH="79" HEIGHT="34" STYLEREFS="StyleId-2" CONTENT="had" WC="0.766666651" CC="700" />
            <SP ID="P100_SP00308" WIDTH="0" HPOS="0" VPOS="0" />
            <String ID="P100_S00344" HPOS="430" VPOS="2520" WIDTH="106" HEIGHT="34" STYLEREFS="StyleId-2" CONTENT="tilled" WC="0.6066667" CC="036508" />
            <SP ID="P100_SP00309" WIDTH="0" HPOS="0" VPOS="0" />
            <String ID="P100_S00345" HPOS="556" VPOS="2520" WIDTH="67" HEIGHT="35" STYLEREFS="StyleId-2" CONTENT="the" WC="1" CC="000" />
            <SP ID="P100_SP00310" WIDTH="0" HPOS="0" VPOS="0" />
            <String ID="P100_S00346" HPOS="643" VPOS="2520" WIDTH="73" HEIGHT="35" STYLEREFS="StyleId-2" CONTENT="soil" WC="0.8325" CC="6000" />
            <SP ID="P100_SP00311" WIDTH="0" HPOS="0" VPOS="0" />
            <String ID="P100_S00347" HPOS="736" VPOS="2519" WIDTH="107" HEIGHT="36" STYLEREFS="StyleId-2" CONTENT="while" WC="0.768" CC="03520" />
            <SP ID="P100_SP00312" WIDTH="0" HPOS="0" VPOS="0" />
            <String ID="P100_S00348" HPOS="862" VPOS="2518" WIDTH="60" HEIGHT="37" STYLEREFS="StyleId-2" CONTENT="his" WC="0.64" CC="037" />
            <SP ID="P100_SP00313" WIDTH="0" HPOS="0" VPOS="0" />
            <String ID="P100_S00349" HPOS="942" VPOS="2519" WIDTH="145" HEIGHT="36" STYLEREFS="StyleId-2" CONTENT="master" WC="0.673333347" CC="606006" />
            <SP ID="P100_SP00314" WIDTH="0" HPOS="0" VPOS="0" />
            <String ID="P100_S00350" HPOS="1107" VPOS="2515" WIDTH="80" HEIGHT="40" STYLEREFS="StyleId-2" CONTENT="had" WC="0.466666669" CC="1060" />
            <SP ID="P100_SP00315" WIDTH="0" HPOS="0" VPOS="0" />
            <String ID="P100_S00351" HPOS="1207" VPOS="2515" WIDTH="156" HEIGHT="42" STYLEREFS="StyleId-2" CONTENT="fought;" WC="0.5885714" CC="0076707" />
            <SP ID="P100_SP00316" WIDTH="0" HPOS="0" VPOS="0" />
            <String ID="P100_S00352" HPOS="1386" VPOS="2516" WIDTH="92" HEIGHT="41" STYLEREFS="StyleId-2" CONTENT="that" WC="1" CC="0000" />
            <SP ID="P100_SP00317" WIDTH="0" HPOS="0" VPOS="0" />
            <String ID="P100_S00353" HPOS="1498" VPOS="2516" WIDTH="39" HEIGHT="41" STYLEREFS="StyleId-2" CONTENT="in" WC="0.455" CC="37" />
            <SP ID="P100_SP00318" WIDTH="0" HPOS="0" VPOS="0" />
            <String ID="P100_S00354" HPOS="1550" VPOS="2516" WIDTH="107" HEIGHT="42" STYLEREFS="StyleId-2" CONTENT="large" WC="0.834" CC="00601" />
            <SP ID="P100_SP00319" WIDTH="0" HPOS="0" VPOS="0" />
            <String ID="P100_S00355" HPOS="1672" VPOS="2517" WIDTH="183" HEIGHT="42" STYLEREFS="StyleId-2" CONTENT="districts," WC="0.657" CC="7350503053" />
          </TextLine>
          <TextLine ID="P100_TL00037" HPOS="330" VPOS="2569" WIDTH="1528" HEIGHT="48">
            <String ID="P100_S00356" HPOS="330" VPOS="2575" WIDTH="252" HEIGHT="42" STYLEREFS="StyleId-2" CONTENT="unprotected" WC="0.73" CC="75040030008" />
            <SP ID="P100_SP00320" WIDTH="0" HPOS="0" VPOS="0" />
            <String ID="P100_S00357" HPOS="608" VPOS="2575" WIDTH="54" HEIGHT="42" STYLEREFS="StyleId-2" CONTENT="by" WC="1" CC="00" />
            <SP ID="P100_SP00321" WIDTH="0" HPOS="0" VPOS="0" />
            <String ID="P100_S00358" HPOS="690" VPOS="2584" WIDTH="73" HEIGHT="33" STYLEREFS="StyleId-2" CONTENT="our" WC="0.686666667" CC="054" />
            <SP ID="P100_SP00322" WIDTH="0" HPOS="0" VPOS="0" />
            <String ID="P100_S00359" HPOS="782" VPOS="2576" WIDTH="150" HEIGHT="41" STYLEREFS="StyleId-2" CONTENT="troops," WC="0.752857149" CC="0700064" />
            <SP ID="P100_SP00323" WIDTH="0" HPOS="0" VPOS="0" />
            <String ID="P100_S00360" HPOS="956" VPOS="2571" WIDTH="78" HEIGHT="46" STYLEREFS="StyleId-2" CONTENT="and" WC="0.6666667" CC="0010" />
            <SP ID="P100_SP00324" WIDTH="0" HPOS="0" VPOS="0" />
            <String ID="P100_S00361" HPOS="1060" VPOS="2569" WIDTH="93" HEIGHT="48" STYLEREFS="StyleId-2" CONTENT="with" WC="0.26" CC="7777" />
            <SP ID="P100_SP00325" WIDTH="0" HPOS="0" VPOS="0" />
            <String ID="P100_S00362" HPOS="1182" VPOS="2579" WIDTH="25" HEIGHT="38" STYLEREFS="StyleId-2" CONTENT="a" WC="1" CC="0" />
            <SP ID="P100_SP00326" WIDTH="0" HPOS="0" VPOS="0" />
            <String ID="P100_S00363" HPOS="1232" VPOS="2569" WIDTH="113" HEIGHT="48" STYLEREFS="StyleId-2" CONTENT="white" WC="0.328" CC="1010561" />
            <SP ID="P100_SP00327" WIDTH="0" HPOS="0" VPOS="0" />
            <String ID="P100_S00364" HPOS="1371" VPOS="2570" WIDTH="242" HEIGHT="47" STYLEREFS="StyleId-2" CONTENT="population," WC="0.858181834" CC="00006400004" />
            <SP ID="P100_SP00328" WIDTH="0" HPOS="0" VPOS="0" />
            <String ID="P100_S00365" HPOS="1644" VPOS="2571" WIDTH="214" HEIGHT="46" STYLEREFS="StyleId-2" CONTENT="consisting" WC="0.579" CC="0076460377" />
          </TextLine>
          <TextLine ID="P100_TL00038" HPOS="331" VPOS="2623" WIDTH="1525" HEIGHT="48">
            <String ID="P100_S00366" HPOS="331" VPOS="2630" WIDTH="145" HEIGHT="34" STYLEREFS="StyleId-2" CONTENT="almost" WC="0.636666656" CC="1030070" />
            <SP ID="P100_SP00329" WIDTH="0" HPOS="0" VPOS="0" />
            <String ID="P100_S00367" HPOS="496" VPOS="2630" WIDTH="226" HEIGHT="41" STYLEREFS="StyleId-2" CONTENT="exclusively" WC="0.806363642" CC="02006600050" />
            <SP ID="P100_SP00330" WIDTH="0" HPOS="0" VPOS="0" />
            <String ID="P100_S00368" HPOS="743" VPOS="2628" WIDTH="44" HEIGHT="43" STYLEREFS="StyleId-2" CONTENT="of" WC="1" CC="00" />
            <SP ID="P100_SP00331" WIDTH="0" HPOS="0" VPOS="0" />
            <String ID="P100_S00369" HPOS="802" VPOS="2637" WIDTH="146" HEIGHT="34" STYLEREFS="StyleId-2" CONTENT="women" WC="0.94" CC="00300" />
            <SP ID="P100_SP00332" WIDTH="0" HPOS="0" VPOS="0" />
            <String ID="P100_S00370" HPOS="970" VPOS="2624" WIDTH="78" HEIGHT="47" STYLEREFS="StyleId-2" CONTENT="and" WC="1" CC="000" />
            <SP ID="P100_SP00333" WIDTH="0" HPOS="0" VPOS="0" />
            <String ID="P100_S00371" HPOS="1068" VPOS="2623" WIDTH="175" HEIGHT="48" STYLEREFS="StyleId-2" CONTENT="children," WC="0.581111133" CC="008683074" />
            <SP ID="P100_SP00334" WIDTH="0" HPOS="0" VPOS="0" />
            <String ID="P100_S00372" HPOS="1266" VPOS="2623" WIDTH="66" HEIGHT="48" STYLEREFS="StyleId-2" CONTENT="the" WC="0.6666667" CC="0100" />
            <SP ID="P100_SP00335" WIDTH="0" HPOS="0" VPOS="0" />
            <String ID="P100_S00373" HPOS="1353" VPOS="2624" WIDTH="105" HEIGHT="47" STYLEREFS="StyleId-2" CONTENT="slave" WC="0.9" CC="50000" />
            <SP ID="P100_SP00336" WIDTH="0" HPOS="0" VPOS="0" />
            <String ID="P100_S00374" HPOS="1477" VPOS="2625" WIDTH="80" HEIGHT="46" STYLEREFS="StyleId-2" CONTENT="had" WC="1" CC="000" />
            <SP ID="P100_SP00337" WIDTH="0" HPOS="0" VPOS="0" />
            <String ID="P100_S00375" HPOS="1577" VPOS="2625" WIDTH="206" HEIGHT="46" STYLEREFS="StyleId-2" CONTENT="continued" WC="0.543333352" CC="003956708" />
            <SP ID="P100_SP00338" WIDTH="0" HPOS="0" VPOS="0" />
            <String ID="P100_S00376" HPOS="1796" VPOS="2625" WIDTH="60" HEIGHT="46" STYLEREFS="StyleId-2" CONTENT="his" WC="0.353333324" CC="756" />
          </TextLine>
          <TextLine ID="P100_TL00039" HPOS="329" VPOS="2677" WIDTH="1527" HEIGHT="51">
            <String ID="P100_S00377" HPOS="329" VPOS="2685" WIDTH="118" HEIGHT="43" STYLEREFS="StyleId-2" CONTENT="work," WC="0.612" CC="90603" />
            <SP ID="P100_SP00339" WIDTH="0" HPOS="0" VPOS="0" />
            <String ID="P100_S00378" HPOS="464" VPOS="2685" WIDTH="116" HEIGHT="43" STYLEREFS="StyleId-2" CONTENT="quiet," WC="0.761666656" CC="064003" />
            <SP ID="P100_SP00340" WIDTH="0" HPOS="0" VPOS="0" />
            <String ID="P100_S00379" HPOS="596" VPOS="2684" WIDTH="164" HEIGHT="44" STYLEREFS="StyleId-2" CONTENT="faithful," WC="0.8811111" CC="006000003" />
            <SP ID="P100_SP00341" WIDTH="0" HPOS="0" VPOS="0" />
            <String ID="P100_S00380" HPOS="778" VPOS="2682" WIDTH="78" HEIGHT="46" STYLEREFS="StyleId-2" CONTENT="and" WC="0.6066667" CC="560" />
            <SP ID="P100_SP00342" WIDTH="0" HPOS="0" VPOS="0" />
            <String ID="P100_S00381" HPOS="877" VPOS="2679" WIDTH="176" HEIGHT="49" STYLEREFS="StyleId-2" CONTENT="cheerful;" WC="0.75333333" CC="000040557" />
            <SP ID="P100_SP00343" WIDTH="0" HPOS="0" VPOS="0" />
            <String ID="P100_S00382" HPOS="1078" VPOS="2677" WIDTH="78" HEIGHT="51" STYLEREFS="StyleId-2" CONTENT="and" WC="0.5366667" CC="670" />
            <SP ID="P100_SP00344" WIDTH="0" HPOS="0" VPOS="0" />
            <String ID="P100_S00383" HPOS="1175" VPOS="2678" WIDTH="102" HEIGHT="50" STYLEREFS="StyleId-2" CONTENT="that," WC="0.868" CC="00204" />
            <SP ID="P100_SP00345" WIDTH="0" HPOS="0" VPOS="0" />
            <String ID="P100_S00384" HPOS="1302" VPOS="2688" WIDTH="44" HEIGHT="40" STYLEREFS="StyleId-2" CONTENT="as" WC="0.71" CC="05" />
            <SP ID="P100_SP00346" WIDTH="0" HPOS="0" VPOS="0" />
            <String ID="P100_S00385" HPOS="1368" VPOS="2688" WIDTH="25" HEIGHT="40" STYLEREFS="StyleId-2" CONTENT="a" WC="0.44" CC="5" />
            <SP ID="P100_SP00347" WIDTH="0" HPOS="0" VPOS="0" />
            <String ID="P100_S00386" HPOS="1412" VPOS="2680" WIDTH="265" HEIGHT="48" STYLEREFS="StyleId-2" CONTENT="conservative" WC="0.80916667" CC="007500000090" />
            <SP ID="P100_SP00348" WIDTH="0" HPOS="0" VPOS="0" />
            <String ID="P100_S00387" HPOS="1697" VPOS="2680" WIDTH="159" HEIGHT="48" STYLEREFS="StyleId-2" CONTENT="element" WC="0.807142854" CC="0000029" />
          </TextLine>
          <TextLine ID="P100_TL00040" HPOS="327" VPOS="2731" WIDTH="1528" HEIGHT="50">
            <String ID="P100_S00388" HPOS="327" VPOS="2740" WIDTH="41" HEIGHT="34" STYLEREFS="StyleId-2" CONTENT="in" WC="0.63" CC="07" />
            <SP ID="P100_SP00349" WIDTH="0" HPOS="0" VPOS="0" />
            <String ID="P100_S00389" HPOS="383" VPOS="2751" WIDTH="73" HEIGHT="24" STYLEREFS="StyleId-2" CONTENT="our" WC="0.6933333" CC="026" />
            <SP ID="P100_SP00350" WIDTH="0" HPOS="0" VPOS="0" />
            <String ID="P100_S00390" HPOS="470" VPOS="2740" WIDTH="119" HEIGHT="35" STYLEREFS="StyleId-2" CONTENT="social" WC="0.805" CC="600400" />
            <SP ID="P100_SP00351" WIDTH="0" HPOS="0" VPOS="0" />
            <String ID="P100_S00391" HPOS="603" VPOS="2741" WIDTH="157" HEIGHT="40" STYLEREFS="StyleId-2" CONTENT="system," WC="0.7985714" CC="6050001" />
            <SP ID="P100_SP00352" WIDTH="0" HPOS="0" VPOS="0" />
            <String ID="P100_S00392" HPOS="776" VPOS="2737" WIDTH="66" HEIGHT="44" STYLEREFS="StyleId-2" CONTENT="the" WC="1" CC="000" />
            <SP ID="P100_SP00353" WIDTH="0" HPOS="0" VPOS="0" />
            <String ID="P100_S00393" HPOS="855" VPOS="2733" WIDTH="226" HEIGHT="48" STYLEREFS="StyleId-2" CONTENT="institution" WC="0.6545454" CC="37702071106" />
            <SP ID="P100_SP00354" WIDTH="0" HPOS="0" VPOS="0" />
            <String ID="P100_S00394" HPOS="1097" VPOS="2731" WIDTH="43" HEIGHT="50" STYLEREFS="StyleId-2" CONTENT="of" WC="0.94" CC="01" />
            <SP ID="P100_SP00355" WIDTH="0" HPOS="0" VPOS="0" />
            <String ID="P100_S00395" HPOS="1156" VPOS="2732" WIDTH="150" HEIGHT="49" STYLEREFS="StyleId-2" CONTENT="slavery" WC="0.8371429" CC="6400000" />
            <SP ID="P100_SP00356" WIDTH="0" HPOS="0" VPOS="0" />
            <String ID="P100_S00396" HPOS="1319" VPOS="2732" WIDTH="78" HEIGHT="49" STYLEREFS="StyleId-2" CONTENT="had" WC="0.89" CC="030" />
            <SP ID="P100_SP00357" WIDTH="0" HPOS="0" VPOS="0" />
            <String ID="P100_S00397" HPOS="1412" VPOS="2733" WIDTH="210" HEIGHT="48" STYLEREFS="StyleId-2" CONTENT="withstood" WC="0.7811111" CC="040780000" />
            <SP ID="P100_SP00358" WIDTH="0" HPOS="0" VPOS="0" />
            <String ID="P100_S00398" HPOS="1637" VPOS="2734" WIDTH="66" HEIGHT="47" STYLEREFS="StyleId-2" CONTENT="the" WC="1" CC="000" />
            <SP ID="P100_SP00359" WIDTH="0" HPOS="0" VPOS="0" />
            <String ID="P100_S00399" HPOS="1717" VPOS="2733" WIDTH="138" HEIGHT="48" STYLEREFS="StyleId-2" CONTENT="shocks" WC="0.6016667" CC="503077" />
          </TextLine>
          <TextLine ID="P100_TL00041" HPOS="328" VPOS="2786" WIDTH="1526" HEIGHT="52">
            <String ID="P100_S00400" HPOS="328" VPOS="2795" WIDTH="46" HEIGHT="34" STYLEREFS="StyleId-2" CONTENT="of" WC="0.61" CC="52" />
            <SP ID="P100_SP00360" WIDTH="0" HPOS="0" VPOS="0" />
            <String ID="P100_S00401" HPOS="389" VPOS="2806" WIDTH="90" HEIGHT="32" STYLEREFS="StyleId-2" CONTENT="war," WC="0.79" CC="0053" />
            <SP ID="P100_SP00361" WIDTH="0" HPOS="0" VPOS="0" />
            <String ID="P100_S00402" HPOS="503" VPOS="2794" WIDTH="79" HEIGHT="44" STYLEREFS="StyleId-2" CONTENT="and" WC="0.53" CC="076" />
            <SP ID="P100_SP00362" WIDTH="0" HPOS="0" VPOS="0" />
            <String ID="P100_S00403" HPOS="602" VPOS="2794" WIDTH="94" HEIGHT="44" STYLEREFS="StyleId-2" CONTENT="been" WC="0.84" CC="0006" />
            <SP ID="P100_SP00363" WIDTH="0" HPOS="0" VPOS="0" />
            <String ID="P100_S00404" HPOS="718" VPOS="2802" WIDTH="26" HEIGHT="36" STYLEREFS="StyleId-2" CONTENT="a" WC="0.62" CC="3" />
            <SP ID="P100_SP00364" WIDTH="0" HPOS="0" VPOS="0" />
            <String ID="P100_S00405" HPOS="770" VPOS="2790" WIDTH="153" HEIGHT="48" STYLEREFS="StyleId-2" CONTENT="faithful" WC="0.92375" CC="00300030" />
            <SP ID="P100_SP00365" WIDTH="0" HPOS="0" VPOS="0" />
            <String ID="P100_S00406" HPOS="945" VPOS="2789" WIDTH="77" HEIGHT="49" STYLEREFS="StyleId-2" CONTENT="ally" WC="0.7575" CC="0630" />
            <SP ID="P100_SP00366" WIDTH="0" HPOS="0" VPOS="0" />
            <String ID="P100_S00407" HPOS="1051" VPOS="2786" WIDTH="43" HEIGHT="52" STYLEREFS="StyleId-2" CONTENT="of" WC="1" CC="00" />
            <SP ID="P100_SP00367" WIDTH="0" HPOS="0" VPOS="0" />
            <String ID="P100_S00408" HPOS="1110" VPOS="2796" WIDTH="72" HEIGHT="42" STYLEREFS="StyleId-2" CONTENT="our" WC="0.61" CC="065" />
            <SP ID="P100_SP00368" WIDTH="0" HPOS="0" VPOS="0" />
            <String ID="P100_S00409" HPOS="1209" VPOS="2796" WIDTH="121" HEIGHT="42" STYLEREFS="StyleId-2" CONTENT="army," WC="0.844" CC="04003" />
            <SP ID="P100_SP00369" WIDTH="0" HPOS="0" VPOS="0" />
            <String ID="P100_S00410" HPOS="1360" VPOS="2787" WIDTH="190" HEIGHT="51" STYLEREFS="StyleId-2" CONTENT="although" WC="0.56875" CC="000706910" />
            <SP ID="P100_SP00370" WIDTH="0" HPOS="0" VPOS="0" />
            <String ID="P100_S00411" HPOS="1577" VPOS="2788" WIDTH="210" HEIGHT="50" STYLEREFS="StyleId-2" CONTENT="instigated" WC="0.865" CC="0560100000" />
            <SP ID="P100_SP00371" WIDTH="0" HPOS="0" VPOS="0" />
            <String ID="P100_S00412" HPOS="1808" VPOS="2789" WIDTH="46" HEIGHT="49" STYLEREFS="StyleId-2" CONTENT="to" WC="0.915" CC="01" />
          </TextLine>
          <TextLine ID="P100_TL00042" HPOS="326" VPOS="2840" WIDTH="1535" HEIGHT="50">
            <String ID="P100_S00413" HPOS="326" VPOS="2850" WIDTH="222" HEIGHT="35" STYLEREFS="StyleId-2" CONTENT="revolution" WC="0.688" CC="60014005310" />
            <SP ID="P100_SP00372" WIDTH="0" HPOS="0" VPOS="0" />
            <String ID="P100_S00414" HPOS="574" VPOS="2848" WIDTH="55" HEIGHT="42" STYLEREFS="StyleId-2" CONTENT="by" WC="1" CC="00" />
            <SP ID="P100_SP00373" WIDTH="0" HPOS="0" VPOS="0" />
            <String ID="P100_S00415" HPOS="656" VPOS="2857" WIDTH="113" HEIGHT="33" STYLEREFS="StyleId-2" CONTENT="every" WC="0.878" CC="00060" />
            <SP ID="P100_SP00374" WIDTH="0" HPOS="0" VPOS="0" />
            <String ID="P100_S00416" HPOS="797" VPOS="2846" WIDTH="65" HEIGHT="44" STYLEREFS="StyleId-2" CONTENT="art" WC="0.8233333" CC="050" />
            <SP ID="P100_SP00375" WIDTH="0" HPOS="0" VPOS="0" />
            <String ID="P100_S00417" HPOS="891" VPOS="2843" WIDTH="43" HEIGHT="47" STYLEREFS="StyleId-2" CONTENT="of" WC="1" CC="00" />
            <SP ID="P100_SP00376" WIDTH="0" HPOS="0" VPOS="0" />
            <String ID="P100_S00418" HPOS="956" VPOS="2842" WIDTH="66" HEIGHT="48" STYLEREFS="StyleId-2" CONTENT="the" WC="0.35" CC="9100" />
            <SP ID="P100_SP00377" WIDTH="0" HPOS="0" VPOS="0" />
            <String ID="P100_S00419" HPOS="1048" VPOS="2850" WIDTH="142" HEIGHT="40" STYLEREFS="StyleId-2" CONTENT="enemy," WC="0.875" CC="000303" />
            <SP ID="P100_SP00378" WIDTH="0" HPOS="0" VPOS="0" />
            <String ID="P100_S00420" HPOS="1214" VPOS="2840" WIDTH="78" HEIGHT="50" STYLEREFS="StyleId-2" CONTENT="and" WC="0.69" CC="009" />
            <SP ID="P100_SP00379" WIDTH="0" HPOS="0" VPOS="0" />
            <String ID="P100_S00421" HPOS="1311" VPOS="2842" WIDTH="205" HEIGHT="48" STYLEREFS="StyleId-2" CONTENT="prompted" WC="0.915" CC="06000000" />
            <SP ID="P100_SP00380" WIDTH="0" HPOS="0" VPOS="0" />
            <String ID="P100_S00422" HPOS="1536" VPOS="2844" WIDTH="46" HEIGHT="46" STYLEREFS="StyleId-2" CONTENT="to" WC="1" CC="00" />
            <SP ID="P100_SP00381" WIDTH="0" HPOS="0" VPOS="0" />
            <String ID="P100_S00423" HPOS="1602" VPOS="2842" WIDTH="68" HEIGHT="48" STYLEREFS="StyleId-2" CONTENT="the" WC="0.973333359" CC="000" />
            <SP ID="P100_SP00382" WIDTH="0" HPOS="0" VPOS="0" />
            <String ID="P100_S00424" HPOS="1689" VPOS="2841" WIDTH="106" HEIGHT="49" STYLEREFS="StyleId-2" CONTENT="work" WC="0.94" CC="0020" />
            <SP ID="P100_SP00383" WIDTH="0" HPOS="0" VPOS="0" />
            <String ID="P100_S00425" HPOS="1816" VPOS="2841" WIDTH="45" HEIGHT="49" STYLEREFS="StyleId-2" CONTENT="of" WC="1" CC="00" />
          </TextLine>
          <TextLine ID="P100_TL00043" HPOS="327" VPOS="2893" WIDTH="1529" HEIGHT="50">
            <String ID="P100_S00426" HPOS="327" VPOS="2903" WIDTH="289" HEIGHT="37" STYLEREFS="StyleId-2" CONTENT="assassination" WC="0.606153846" CC="06607750601010" />
            <SP ID="P100_SP00384" WIDTH="0" HPOS="0" VPOS="0" />
            <String ID="P100_S00427" HPOS="637" VPOS="2901" WIDTH="79" HEIGHT="39" STYLEREFS="StyleId-2" CONTENT="and" WC="0.5233333" CC="077" />
            <SP ID="P100_SP00385" WIDTH="0" HPOS="0" VPOS="0" />
            <String ID="P100_S00428" HPOS="735" VPOS="2900" WIDTH="141" HEIGHT="43" STYLEREFS="StyleId-2" CONTENT="pillage" WC="0.7157143" CC="9001800" />
            <SP ID="P100_SP00386" WIDTH="0" HPOS="0" VPOS="0" />
            <String ID="P100_S00429" HPOS="895" VPOS="2897" WIDTH="54" HEIGHT="46" STYLEREFS="StyleId-2" CONTENT="by" WC="1" CC="00" />
            <SP ID="P100_SP00387" WIDTH="0" HPOS="0" VPOS="0" />
            <String ID="P100_S00430" HPOS="969" VPOS="2896" WIDTH="67" HEIGHT="47" STYLEREFS="StyleId-2" CONTENT="the" WC="0.766666651" CC="700" />
            <SP ID="P100_SP00388" WIDTH="0" HPOS="0" VPOS="0" />
            <String ID="P100_S00431" HPOS="1056" VPOS="2895" WIDTH="105" HEIGHT="48" STYLEREFS="StyleId-2" CONTENT="most" WC="0.8025" CC="0070" />
            <SP ID="P100_SP00389" WIDTH="0" HPOS="0" VPOS="0" />
            <String ID="P100_S00432" HPOS="1180" VPOS="2893" WIDTH="133" HEIGHT="50" STYLEREFS="StyleId-2" CONTENT="brutal" WC="0.716666639" CC="057022" />
            <SP ID="P100_SP00390" WIDTH="0" HPOS="0" VPOS="0" />
            <String ID="P100_S00433" HPOS="1333" VPOS="2896" WIDTH="191" HEIGHT="47" STYLEREFS="StyleId-2" CONTENT="examples" WC="0.85125" CC="06000005" />
            <SP ID="P100_SP00391" WIDTH="0" HPOS="0" VPOS="0" />
            <String ID="P100_S00434" HPOS="1552" VPOS="2895" WIDTH="44" HEIGHT="48" STYLEREFS="StyleId-2" CONTENT="of" WC="1" CC="00" />
            <SP ID="P100_SP00392" WIDTH="0" HPOS="0" VPOS="0" />
            <String ID="P100_S00435" HPOS="1610" VPOS="2896" WIDTH="66" HEIGHT="47" STYLEREFS="StyleId-2" CONTENT="the" WC="0.75666666" CC="070" />
            <SP ID="P100_SP00393" WIDTH="0" HPOS="0" VPOS="0" />
            <String ID="P100_S00436" HPOS="1702" VPOS="2895" WIDTH="154" HEIGHT="48" STYLEREFS="StyleId-2" CONTENT="Yankee" WC="0.876666665" CC="600001" />
          </TextLine>
          <TextLine ID="P100_TL00044" HPOS="326" VPOS="2957" WIDTH="199" HEIGHT="38">
            <String ID="P100_S00437" HPOS="326" VPOS="2957" WIDTH="199" HEIGHT="38" STYLEREFS="StyleId-2" CONTENT="soldiers.&quot;" WC="0.566" CC="7900645620" />
          </TextLine>
        </TextBlock>
      </PrintSpace>
    </Page>
  </Layout>
</alto>