2200 3299
325 325 99 42 200

632 321 223 46 History
880 332 65 35 of
970 330 98 37 the
1092 317 167 50 Black
1284 311 252 56 Phalanx.

328 459 116 57 only
462 457 176 59 armed,
658 458 90 58 but
767 467 130 49 some
915 453 54 63 of
978 451 133 65 them
1127 445 99 71 had
1241 444 118 72 been
1375 440 50 76 in
1442 431 274 85 skirmishes
1734 428 118 88 with

326 526 85 42 the
436 538 179 40 enemy.
667 522 132 56 That
826 533 55 45 as
908 532 32 46 a
964 514 223 64 Phalanx
1210 509 117 69 they
1352 515 115 63 were
1500 495 278 83 invaluable
1802 493 51 85 in

329 592 224 54 crushing
576 590 85 56 the
685 587 235 59 rebellion,
948 584 66 62 let
1038 578 125 68 their
1190 576 105 70 acts
1321 571 56 75 of
1402 566 209 80 heroism
1644 561 99 85 tell.
1795 558 60 88 In

329 658 84 41 the
430 657 124 55 light
574 656 52 56 of
645 655 189 57 history
854 649 96 63 and
977 646 53 66 of
1048 643 125 69 their
1200 652 106 60 own
1331 634 153 78 deeds,
1503 631 42 81 it
1563 642 92 70 can
1672 627 59 85 be
1748 623 108 89 said

330 724 118 41 that
465 724 48 41 in
532 733 217 42 courage,
770 714 280 61 patriotism
1070 708 95 67 and
1183 704 137 71 dash,
1338 701 117 74 they
1471 709 119 66 were
1607 690 174 85 second
1798 692 58 83 to

333 802 65 28 no
416 791 186 51 troops,
623 785 148 57 either
787 784 50 58 in
856 779 188 63 ancient
1063 788 55 54 or
1136 771 197 71 modern
1352 764 186 78 armies.
1591 760 134 82 They
1740 769 120 73 were

333 854 198 42 enlisted
551 853 122 43 after
690 849 121 55 rigid
831 844 226 60 scrutiny,
1080 839 96 65 and
1193 837 84 67 the
1294 827 331 77 examination
1645 825 54 79 of
1718 836 142 68 every

334 933 117 28 man
485 920 67 51 by
585 915 271 56 competent
891 918 242 53 surgeons.
1188 900 140 71 Their
1363 894 348 77 acquaintance
1743 888 118 83 with

335 986 85 41 the
437 986 206 51 country
659 982 50 55 in
726 979 149 58 which
890 977 117 60 they
1024 968 235 69 marched,
1280 961 256 76 encamped
1556 958 97 79 and
1669 955 190 82 fought,

334 1051 144 44 made
518 1049 133 46 them
684 1047 50 48 in
769 1055 146 40 many
958 1041 239 54 instances
1241 1029 214 66 superior
1495 1029 58 66 to
1596 1024 84 71 the
1721 1020 143 75 white

336 1120 190 49 troops.
563 1114 130 55 Then
710 1114 57 55 to
787 1106 279 63 strengthen
1082 1100 125 69 their
1223 1097 142 72 valor
1383 1094 97 75 and
1496 1090 231 79 tenacity,
1747 1087 116 82 each

337 1182 177 42 soldier
532 1179 54 45 of
605 1179 84 45 the
704 1175 224 49 Phalanx
951 1172 132 52 knew
1108 1166 133 58 when
1265 1163 59 61 he
1348 1160 150 64 heard
1522 1158 85 66 the
1631 1156 118 68 long
1772 1153 93 71 roll

341 1248 117 41 beat
473 1248 58 41 to
550 1257 144 37 arms,
714 1242 97 52 and
836 1239 85 55 the
945 1235 141 59 bugle
1111 1230 156 64 sound
1292 1229 83 65 the
1400 1226 188 68 charge,
1606 1223 118 71 that
1748 1220 118 74 they

341 1325 118 30 were
475 1313 91 42 not
582 1312 57 43 to
656 1321 66 42 go
740 1305 131 58 forth
888 1306 57 57 to
972 1302 124 61 meet
1119 1298 142 65 those
1284 1295 107 68 who
1409 1289 231 74 regarded
1658 1288 133 75 them
1809 1298 56 65 as

340 1378 275 55 opponents
632 1375 50 58 in
700 1384 143 49 arms,
856 1371 91 62 but
963 1367 107 66 who
1088 1366 100 67 met
1203 1362 133 71 them
1355 1372 56 61 as
1429 1371 33 62 a
1477 1369 117 64 man
1609 1355 51 78 in
1675 1347 76 86 his
1767 1352 100 81 last

340 1444 253 54 desperate
624 1440 142 58 effort
790 1437 75 61 for
889 1435 76 63 life
989 1431 156 67 would
1171 1430 126 68 meet
1321 1427 221 71 demons;
1567 1422 118 76 they
1717 1420 149 78 knew,

346 1511 120 51 also,
485 1508 117 54 that
618 1507 134 55 there
767 1516 99 46 was
883 1514 65 48 no
966 1508 297 54 reserve—no
1288 1489 381 73 reinforcements
1694 1484 173 78 behind

342 1580 60 39 to
421 1575 206 54 support
644 1572 132 57 them
792 1569 134 60 when
949 1566 116 63 they
1091 1564 124 65 went
1239 1563 58 66 to
1323 1557 179 72 battle;
1522 1554 125 75 their
1663 1552 207 77 alterna¬

343 1643 104 41 tive
471 1653 100 31 was
595 1638 76 46 life
697 1650 61 34 or
780 1633 159 51 death.
992 1631 50 53 It
1067 1642 98 42 was
1190 1628 84 56 the
1307 1623 356 61 consciousness
1697 1617 55 67 of
1770 1616 99 68 this

346 1710 102 41 fact
471 1707 118 44 that
614 1703 140 48 made
777 1701 85 50 the
887 1692 140 59 blac£
1052 1695 216 56 phalanx
1293 1705 33 46 a
1350 1689 109 62 wall
1484 1687 55 64 of
1558 1685 238 66 adamant
1812 1684 58 67 to

346 1775 87 42 the
451 1784 178 41 enemy.

449 1839 100 41 The
566 1837 91 43 not
674 1831 264 49 unnatural
962 1829 281 54 willingness
1271 1824 54 59 of
1341 1823 85 60 the
1442 1819 141 64 white
1601 1816 197 67 soldiers
1815 1816 56 67 to

350 1906 142 42 allow
509 1904 84 44 the
609 1914 147 42 negro
764 1902 174 54 troops
954 1899 57 57 to
1032 1897 113 59 stop
1161 1892 84 64 the
1262 1890 173 66 bullets
1451 1887 117 69 that
1584 1884 116 72 they
1717 1880 156 76 would

351 1970 250 44 otherwise
626 1968 124 46 have
774 1967 57 47 to
857 1962 173 52 receive
1055 1972 98 42 was
1180 1958 165 56 shown
1377 1954 51 60 in
1463 1949 197 65 General
1693 1946 181 68 Bank's

353 2037 100 42 Red
470 2036 140 43 River
636 2030 276 55 Campaign.
965 2028 66 57 At
1056 2024 231 61 Pleasant
1312 2020 170 65 Grove,
1503 2015 215 70 Dickey's
1735 2012 139 73 black

352 2101 202 55 brigade
571 2096 254 60 prevented
853 2107 32 49 a
910 2092 246 64 slaughter
1183 2089 53 67 of
1255 2087 83 69 the
1362 2084 159 72 Union
1536 2086 188 70 troops.
1777 2079 97 77 The

353 2167 145 43 black
523 2164 222 46 Phalanx
770 2173 116 37 were
909 2154 295 58 represented
1238 2153 133 59 there
1404 2150 66 62 by
1506 2161 31 51 a
1571 2146 199 66 brigade
1805 2145 69 67 at¬

353 2231 178 44 tached
555 2233 57 42 to
638 2229 83 46 the
745 2227 107 48 first
879 2223 204 52 division
1102 2220 53 55 of
1173 2219 83 56 the
1274 2216 122 59 19th
1414 2215 161 60 Corps.
1630 2212 148 63 When
1795 2211 79 64 the

355 2297 324 43 confederates
698 2292 172 48 routed
887 2290 83 50 the
988 2300 138 40 army
1134 2284 149 56 under
1299 2281 163 59 Banks
1482 2282 56 58 at
1557 2278 173 62 Sabine
1739 2277 135 63 Cross

357 2363 182 50 Roads,
579 2359 144 54 below
756 2354 261 59 Mansfield,
1044 2352 116 61 they
1185 2349 147 64 drove
1357 2346 41 67 it
1423 2345 74 68 for
1524 2344 182 69 several
1730 2344 144 69 hours

356 2426 195 45 toward
569 2424 228 47 Pleasant
817 2420 167 51 Grove,
1005 2416 180 55 despite
1200 2414 83 57 the
1302 2411 146 60 ardor
1467 2410 53 61 of
1531 2410 83 61 the
1632 2410 242 61 combined

359 2494 152 42 forces
530 2490 54 46 of
593 2488 165 48 Banks
776 2487 96 49 and
882 2482 242 54 Franklin.
1153 2479 48 57 It
1217 2479 190 57 became
1417 2478 241 58 apparent
1673 2477 117 59 that
1799 2490 75 46 un¬

361 2559 92 42 less
461 2557 83 44 the
561 2553 319 48 confederates
898 2547 139 54 could
1053 2547 59 54 be
1128 2543 192 58 checked
1343 2544 55 57 at
1414 2542 100 59 this
1532 2542 155 59 point,
1700 2543 65 58 all
1782 2556 93 45 wae

361 2624 115 42 lost.
531 2617 195 49 General
751 2616 181 51 Emory
957 2610 229 57 prepared
1210 2608 75 59 for
1308 2608 85 59 the
1417 2621 274 46 emergency
1717 2622 65 45 on
1799 2609 76 58 the

364 2689 199 41 western
580 2685 116 51 edge
713 2681 54 55 of
785 2694 34 42 a
834 2679 153 57 wood,
1007 2677 114 59 with
1139 2688 64 48 an
1221 2686 122 50 open
1359 2673 107 63 field
1484 2674 192 62 sloping
1691 2676 184 60 toward

365 2749 261 47 Mansfield.
679 2746 125 50 Here
829 2743 195 53 General
1049 2740 188 56 Dwight
1261 2739 180 57 formed
1460 2751 32 45 a
1509 2739 201 57 brigade
1727 2739 56 57 of
1800 2740 75 56 the

367 2816 141 45 black
542 2812 220 49 Phalanx
796 2822 162 39 across
991 2808 83 53 the
1107 2805 136 56 road.
1303 2802 191 59 Hardly
1526 2817 99 44 was
1667 2805 85 56 the
1792 2806 83 55 line

369 2880 181 46 formed
566 2878 132 48 when
715 2878 89 48 out
821 2887 132 39 came
967 2873 84 53 the
1066 2871 189 56 gallant
1271 2868 75 59 foe
1361 2868 192 59 driving
1578 2869 181 58 10,000
1777 2884 98 43 mer

371 2946 157 45 before
543 2944 145 47 them.
740 2940 203 51 Flushed
968 2937 115 54 with
1108 2939 97 52 two
1231 2933 136 58 days'
1394 2932 204 59 victory,
1617 2933 118 58 they
1751 2947 124 44 came
