2216 3311
735 305 343 45 Department
1108 319 61 31 of
1197 318 95 32 the
1320 306 163 44 South

1773 303 95 43 281

431 436 112 36 "The
563 439 186 43 efficiency
771 441 78 41 and
870 441 130 41 health
1022 442 43 40 of
1081 452 26 30 a
1124 441 196 41 battalion
1335 440 164 44 depends
1513 450 44 34 so
1572 440 112 44 much
1697 450 106 35 upon
1816 441 53 44 its

346 490 160 46 officers,
529 493 103 44 that,
657 494 39 43 in
717 496 113 41 order
848 498 46 39 to
916 496 176 41 institute
1113 507 25 30 a
1158 496 72 41 fair
1249 495 253 43 comparison,
1525 495 106 43 when
1651 505 44 33 so
1717 496 112 42 small
1844 507 25 31 a

348 546 162 36 number
538 548 45 34 of
603 551 139 41 troops
771 561 65 31 are
862 552 227 43 considered,
1112 551 78 44 this
1217 551 157 44 element
1400 549 138 46 should
1565 549 46 46 be
1637 550 230 45 eliminated.

347 599 95 36 This
457 601 72 36 has
544 606 84 41 not,
644 604 183 44 however,
844 606 91 42 been
950 607 213 43 attempted
1177 606 39 44 in
1230 606 77 44 this
1322 604 154 46 paper."

884 672 137 44 [Reply
1032 673 38 43 in
1086 672 88 44 Full
1189 672 70 44 No.
1276 672 53 44 1.]

943 728 21 16 "
975 728 148 35 Morris
1138 727 153 44 Island,
1308 728 35 43 S.
1361 727 47 44 C.,
1426 727 100 44 Sept.
1543 727 108 44 11th,
1668 727 116 44 1863.

405 776 278 39 "Major:—In
698 790 144 26 answer
856 785 44 32 to
914 793 100 32 your
1027 783 143 42 several
1184 783 141 44 queries
1341 793 43 34 as
1398 793 65 34 per
1476 783 158 44 circular
1648 782 44 45 of
1700 781 165 46 Septem¬

348 830 68 36 ber
437 832 63 46 10,
524 834 115 44 18G3,
662 837 224 43 requesting
901 847 67 33 my
988 839 155 42 opinion
1165 849 44 32 as
1228 841 44 40 to
1294 839 65 42 the
1379 838 156 43 relative
1549 837 130 44 merits
1694 838 44 43 of
1753 838 115 43 white

350 887 79 34 and
443 888 113 35 black
570 889 149 45 trodps,
736 891 58 43 for
808 892 104 42 work
927 893 39 41 in
980 893 65 41 the
1059 893 179 43 trenches,
1254 892 19 44 I
1287 893 97 43 have
1397 893 66 43 the
1475 892 125 44 honor
1613 894 44 42 to
1673 893 112 43 make
1798 894 67 42 the

348 941 69 35 the
430 942 193 45 following
637 945 148 44 replies:

430 997 23 17 "
463 997 30 35 I.
538 998 9 34 '
557 998 111 35 Their
682 1009 165 35 courage
862 1011 44 33 as
920 1002 190 42 indicated
1129 1003 52 42 by
1201 1004 98 41 their
1318 1003 183 42 behavior
1514 1004 118 41 under
1645 1004 91 41 fire.'
1757 1004 19 41 I
1791 1005 73 40 will

346 1061 87 34 eay,
449 1053 40 42 in
503 1063 66 33 my
584 1056 168 41 opinion,
768 1057 99 40 their
881 1061 164 39 courage
1058 1058 32 42 is
1104 1058 130 42 rather
1248 1058 43 42 of
1305 1059 65 41 the
1383 1059 150 43 passive
1545 1059 99 43 than
1657 1059 67 43 the
1737 1059 126 43 active

347 1105 105 36 kind.
497 1107 104 43 They
617 1111 71 39 will
703 1114 102 39 stay,
822 1112 148 42 endure,
993 1113 120 42 resist,
1137 1113 75 42 and
1234 1113 133 43 follow,
1389 1113 71 43 but
1480 1112 90 44 they
1591 1113 98 43 have
1709 1116 73 40 not
1796 1115 66 41 the

347 1162 165 43 restless,
530 1163 218 44 aggressive
763 1166 122 42 spirit.
928 1166 18 42 I
962 1166 49 42 do
1026 1169 71 39 not
1110 1167 137 41 believe
1267 1168 90 42 they
1379 1168 67 42 will
1468 1167 123 43 desert
1604 1168 99 42 their
1717 1170 143 40 officers

346 1215 42 36 in
402 1217 134 44 trying
550 1222 201 40 moments,
768 1220 37 42 in
822 1230 43 32 so
880 1224 112 41 great
1005 1221 175 44 numbers
1196 1233 43 32 as
1253 1223 65 42 the
1330 1223 147 43 whites;
1492 1223 92 43 they
1596 1223 99 43 have
1709 1226 72 40 not
1795 1225 65 41 the

347 1272 86 44 will,
457 1273 185 43 audacity
664 1284 45 32 or
729 1275 158 42 fertility
909 1276 43 41 of
967 1286 131 31 excuse
1118 1277 43 40 of
1174 1277 65 40 the
1260 1277 213 43 straggling
1494 1278 120 42 white,
1631 1279 77 41 and
1729 1281 45 39 at
1795 1280 65 40 the

346 1338 109 24 same
468 1328 93 35 time
575 1330 91 41 they
682 1329 99 42 have
801 1332 72 39 not
892 1331 67 40 the
978 1331 134 43 heroic,
1128 1342 161 32 nervous
1304 1342 145 34 energy,
1465 1342 46 34 or
1524 1332 105 44 vivid
1641 1333 218 44 perception

348 1383 45 34 of
408 1384 67 34 the
489 1384 122 43 white,
629 1385 83 42 who
729 1385 136 42 stands
880 1386 82 41 firm
980 1396 44 31 or
1037 1396 142 33 presses
1192 1387 172 42 forward.

429 1438 44 35 "I
495 1438 50 35 do
567 1441 73 32 not
660 1440 205 34 remember
887 1449 25 26 a
933 1441 117 42 single
1069 1441 177 43 instance,
1262 1442 38 42 in
1321 1453 64 31 my
1398 1442 130 42 labors
1542 1443 38 41 in
1595 1445 65 39 the
1673 1445 182 43 trenches,

348 1493 120 35 where
488 1494 66 34 the
574 1494 111 34 black
707 1505 90 23 man
819 1494 71 35 has
912 1495 156 34 skulked
1089 1505 107 33 away
1210 1496 96 42 from
1320 1496 57 42 his
1393 1497 105 44 duty,
1516 1498 76 43 and
1606 1498 19 43 I
1639 1499 112 42 know
1765 1500 92 41 that

348 1548 193 35 instances
562 1548 44 35 of
623 1549 91 34 that
733 1549 91 34 kind
852 1549 98 35 have
978 1550 174 34 occurred
1172 1559 142 35 among
1333 1551 65 43 the
1424 1552 146 43 whites;
1594 1553 78 42 still
1698 1552 19 43 I
1744 1554 112 41 think

348 1603 94 34 that
455 1603 66 34 the
536 1603 170 43 superior
720 1613 137 33 energy
872 1603 76 43 and
963 1604 226 44 intelligence
1204 1605 42 43 of
1261 1605 109 43 those
1384 1607 218 42 remaining,
1618 1607 240 45 considering

348 1657 94 34 that
462 1657 66 34 the
549 1657 130 34 whites
700 1666 91 25 were
811 1658 66 33 the
896 1657 111 35 lesser
1027 1659 155 34 number
1201 1659 52 43 by
1272 1660 65 42 the
1350 1663 150 40 greater
1514 1661 200 46 desertion,
1730 1664 125 43 would

348 1721 106 25 more
467 1711 98 35 than
579 1714 253 40 compensate.

430 1766 22 16 "
462 1765 49 35 II.
556 1766 9 34 '
575 1765 90 35 Skill
680 1766 77 35 and
772 1767 259 43 appreciation
1046 1768 43 42 of
1103 1768 98 42 their
1220 1769 122 41 duties
1363 1771 176 43 referring
1558 1774 45 40 to
1624 1773 66 41 the
1704 1774 151 43 quality

348 1820 46 34 of
408 1821 67 33 the
488 1820 127 34 work.'

431 1864 21 17 "
463 1864 103 42 They
580 1864 98 42 have
692 1874 26 32 a
731 1864 72 42 fair
816 1866 110 40 share
946 1866 43 40 of
1004 1867 113 43 both;
1134 1869 148 42 enough
1302 1871 47 40 to
1369 1870 111 41 make
1499 1871 105 40 them
1623 1881 93 34 very
1736 1873 119 42 useful

348 1918 79 35 and
448 1918 167 44 efficient,
638 1919 72 43 but
730 1919 90 43 they
841 1920 96 42 have
958 1924 70 38 not
1057 1923 224 42 apparently
1309 1924 91 41 that
1428 1925 169 43 superior
1623 1926 231 44 intelligence

349 1973 78 35 and
442 1972 84 36 skill
547 1974 91 34 that
658 1984 92 32 may
764 1974 45 42 be
828 1975 116 41 found
963 1976 143 43 largely
1127 1987 143 34 among
1289 1979 65 42 the
1373 1980 378 41 non-commissioned
1775 1983 80 38 offi¬

345 2038 83 25 cers
442 2028 75 35 and
532 2028 169 43 privates
718 2028 43 43 of
775 2029 65 42 the
854 2029 109 42 white
976 2031 211 42 regiments.

429 2082 99 36 "III.
573 2083 201 42 'Industry
795 2084 76 41 and
891 2094 254 34 perseverence
1164 2087 91 41 with
1275 2088 177 40 reference
1470 2092 46 36 to
1536 2090 67 38 the
1616 2093 184 41 quantity
1814 2093 44 41 of

346 2138 67 36 the
426 2138 103 36 work
545 2137 117 37 done.'

427 2192 49 34 "I
497 2193 109 34 think
628 2193 91 43 they
733 2193 71 43 will
825 2194 50 42 do
897 2205 103 31 more
1018 2196 98 40 than
1136 2197 66 39 the
1222 2198 147 43 whites;
1392 2200 91 42 they
1512 2201 49 41 do
1588 2204 74 38 not
1687 2203 100 39 have
1806 2213 44 29 so

345 2257 118 32 many
476 2248 229 42 complaints
720 2248 76 42 and
810 2259 159 33 excuses,
985 2250 73 42 but
1071 2251 97 41 stick
1182 2254 44 38 to
1241 2252 98 40 their
1353 2254 104 38 work
1469 2256 202 43 patiently,
1689 2256 165 44 dogged¬

344 2301 52 44 ly,
413 2301 223 44 obediently,
653 2302 76 43 and
745 2305 225 43 accomplish
992 2316 26 32 a
1036 2308 112 41 great
1169 2307 95 43 deal,
1279 2308 151 43 though
1443 2309 20 42 I
1476 2310 100 41 have
1588 2322 113 29 never
1713 2312 139 39 known

344 2357 104 35 them
469 2359 44 36 to
535 2357 101 38 work
665 2358 90 37 with
783 2369 76 32 any
887 2360 154 41 marked
1070 2362 110 43 spirit
1208 2373 44 32 or
1278 2374 148 33 energy.
1469 2364 20 43 I
1510 2365 137 42 should
1667 2366 99 41 liken
1786 2368 66 39 the

344 2411 112 35 white
470 2421 89 25 man
573 2414 44 32 to
631 2412 65 36 the
709 2412 111 36 horse
837 2413 119 43 (often
972 2416 241 40 untractable
1234 2417 79 39 and
1332 2419 148 44 balky),
1495 2420 66 43 the
1575 2420 112 43 black
1700 2431 92 32 man
1805 2425 45 38 to

341 2465 69 36 the
423 2476 62 25 ox.

424 2511 21 17 "
456 2509 61 37 IV.
560 2511 56 35 'If
631 2522 25 24 a
669 2512 143 35 certain
826 2514 103 34 work
943 2525 91 24 were
1053 2518 46 33 to
1120 2516 47 35 be
1187 2518 276 42 accomplished
1482 2519 40 41 in
1542 2520 66 40 the
1620 2521 100 39 least
1732 2522 121 42 possi¬

341 2563 61 39 ble
414 2565 102 44 time,
533 2565 22 44 i.
571 2577 42 32 e.,
630 2567 103 42 when
747 2568 234 41 enthusiasm
1003 2570 78 39 and
1103 2570 117 39 direct
1241 2573 175 41 personal
1436 2574 157 40 interest
1606 2574 33 40 is
1653 2584 198 34 necessary

341 2622 45 35 to
401 2621 131 36 attain
545 2621 65 36 the
623 2622 81 43 end,
720 2623 123 42 would
859 2624 129 41 whites
1004 2635 45 30 or
1062 2625 130 40 blacks
1208 2637 142 28 answer
1364 2628 128 37 best?'

422 2675 22 19 "
456 2676 15 34 I
499 2680 143 32 cannot
662 2679 110 34 make
793 2690 51 32 up
865 2690 64 32 my
950 2680 104 42 mind
1075 2681 92 41 that
1193 2682 33 40 it
1254 2682 30 40 is
1312 2682 217 44 impossible
1546 2686 47 40 to
1621 2695 138 31 arouse
1784 2686 66 40 the

337 2731 238 36 enthusiasm
590 2734 43 34 of
647 2734 65 34 the
726 2734 141 44 blacks,
890 2734 59 44 for
969 2735 19 43 I
1002 2735 98 43 have
1122 2746 84 32 seen
1226 2739 150 41 enough
1398 2739 42 41 of
1455 2739 105 41 them
1573 2741 45 39 to
1632 2739 112 41 know
1757 2740 94 40 that

338 2787 92 43 they
444 2798 66 32 are
531 2798 90 33 very
640 2790 210 41 emotional
870 2793 209 41 creatures;
1102 2792 79 42 still
1200 2792 150 44 though
1370 2794 91 42 they
1481 2794 125 43 might
1625 2794 101 43 have
1743 2805 107 32 more

337 2842 98 35 dash
457 2843 96 35 than
575 2843 18 35 I
614 2844 98 36 have
732 2854 83 26 seen
839 2846 77 35 and
937 2846 111 35 think
1069 2847 174 43 possible,
1267 2848 32 42 it
1318 2848 32 42 is
1371 2850 314 42 unquestionable
1711 2852 45 40 to
1784 2861 65 32 my

336 2898 105 35 mind
463 2898 92 35 that
569 2909 91 24 were
679 2900 65 35 the
764 2900 237 36 enthusiasm
1023 2901 78 35 and
1120 2902 178 42 personal
1317 2902 158 42 interest
1495 2904 44 40 of
1553 2904 98 40 both
1672 2906 174 43 aroused,

335 2953 67 35 the
415 2952 113 36 white
541 2953 124 36 would
680 2954 58 36 far
752 2965 157 34 surpass
924 2955 65 44 the
1002 2954 123 45 black.
