2250 3333
938 969 289 49 CHAPTEK
1269 976 38 46 I.

681 1085 105 38 THE
808 1088 166 40 BLACK
995 1092 245 41 PHALANX
1260 1097 67 36 AT
1348 1098 202 41 SCHOOL.

459 1190 100 45 The
593 1196 173 43 esteem
792 1198 48 44 in
868 1201 148 44 which,
1044 1205 254 45 education
1325 1222 97 31 was
1448 1211 106 45 held
1581 1214 65 56 by
1671 1215 82 55 the
1778 1219 87 51 sol¬

359 1256 122 45 diers
502 1259 51 42 of
574 1261 84 43 the
676 1262 149 45 Black
852 1266 236 57 Phalanx,
1110 1285 88 38 can
1225 1273 57 50 be
1302 1275 177 57 judged
1507 1279 53 53 of
1581 1280 105 52 best
1703 1283 65 56 by
1785 1286 83 53 the

357 1323 165 45 efforts
540 1325 116 58 they
674 1330 141 53 made
841 1334 55 49 to
925 1334 198 49 educate
1148 1339 280 53 themselyes
1448 1345 94 47 and
1563 1347 55 45 to
1637 1350 230 44 establish

358 1402 32 31 a
408 1395 180 51 system
609 1394 52 52 of
683 1396 256 50 education
956 1401 75 45 for
1050 1405 162 43 others
1232 1407 53 42 of
1297 1408 123 43 their
1437 1423 119 31 race.
1612 1412 253 48 Doubtless

356 1468 148 45 many
523 1472 198 42 persons
741 1476 206 44 suppose
973 1469 116 51 that
1114 1472 81 48 the
1221 1485 146 45 negro
1387 1476 173 54 soldier
1577 1479 154 51 elated
1750 1483 115 47 with

354 1522 74 44 his
446 1524 175 45 release
638 1528 123 44 from
790 1530 201 59 slavery,
1013 1548 98 41 was
1138 1541 277 54 contented;
1436 1543 115 52 that
1568 1545 73 50 his
1659 1549 206 53 patriot¬

354 1588 90 45 ism
470 1604 99 30 was
598 1592 247 60 displayed
873 1600 147 55 solely
1047 1615 130 44 upon
1204 1605 81 54 the
1304 1607 104 52 field
1428 1609 53 50 of
1501 1610 169 58 battle,
1691 1614 173 57 simply

352 1657 57 42 to
435 1655 160 46 insure
619 1662 57 41 to
704 1661 187 45 himself
911 1666 117 44 that
1055 1681 88 31 one
1160 1670 194 59 highest
1369 1676 95 53 and
1482 1681 215 51 greatest
1716 1681 143 54 boon,

352 1721 73 44 his
460 1723 221 47 freedom.
738 1727 122 45 Such
897 1744 31 30 a
962 1736 305 55 supposition
1293 1738 39 53 is
1359 1739 73 52 far
1450 1742 122 49 from
1598 1745 83 46 the
1705 1749 153 43 truth.

351 1787 100 45 The
486 1789 224 47 Phalanx
746 1796 196 45 soldiers
969 1799 97 44 had
1096 1813 31 31 a
1152 1806 173 54 strong
1350 1819 107 41 race
1482 1810 144 55 pride,
1656 1814 96 51 and
1779 1815 83 50 the

350 1854 108 45 idea
490 1857 118 44 that
642 1859 258 56 ignorance
934 1878 98 37 was
1067 1867 82 48 the
1183 1883 140 32 cause
1358 1873 53 42 of
1432 1875 123 42 their
1581 1880 279 54 oppression

350 1933 123 45 gave
491 1926 99 52 zest
606 1927 58 51 to
682 1927 126 51 their
827 1928 147 50 desire
991 1935 56 43 to
1067 1933 57 45 be
1141 1936 244 46 educated.

448 1987 149 46 When
614 1992 117 56 they
749 1992 149 56 found
925 1997 240 61 following
1190 2003 81 55 the
1290 2002 170 56 United
1480 2005 163 53 States
1661 2010 148 57 Army
1827 2026 32 41 a

346 2053 134 57 large
505 2058 201 52 number
733 2059 53 51 of
808 2062 228 48 educated
1066 2068 163 55 people
1255 2069 121 54 from
1404 2072 82 51 the
1512 2073 168 55 North,
1700 2079 158 49 estab¬

346 2119 175 60 lishing
548 2124 189 55 schools
763 2128 235 51 wherever
1023 2132 115 55 they
1173 2135 138 52 could
1346 2136 48 51 in
1420 2138 186 58 village,
1635 2142 98 55 city
1759 2146 97 51 and

346 2199 153 44 camp,
522 2190 97 53 and
637 2192 117 51 that
772 2194 257 49 education
1047 2210 97 33 was
1163 2200 90 43 free
1271 2204 55 40 to
1346 2202 77 53 all,
1436 2204 131 51 there
1583 2219 98 36 was
1701 2211 156 44 awak¬

346 2253 114 44 ened
486 2255 49 43 in
561 2256 84 44 the
670 2258 142 43 black
840 2261 212 44 soldier's
1080 2264 164 44 breast
1272 2279 62 30 an
1362 2270 250 54 ambition,
1632 2276 91 48 not
1741 2275 116 55 only

344 2321 57 41 to
430 2321 172 43 obtain
628 2323 289 58 knowledge,
948 2327 88 54 but
1061 2331 57 50 to
1138 2333 271 48 contribute
1426 2347 173 44 money
1625 2338 48 53 in
1700 2340 80 51 aid
1807 2341 54 50 of

345 2386 306 47 educational
669 2390 321 53 institutions,
1002 2394 148 49 which
1168 2409 98 34 was
1286 2398 135 54 done,
1445 2402 94 50 and
1559 2403 113 49 with
1689 2404 166 48 liberal

343 2451 171 56 hands,
536 2454 176 58 during
731 2456 97 56 and
848 2458 286 55 subsequent
1151 2462 60 51 to
1226 2463 84 50 the
1326 2477 112 36 war.

442 2518 276 46 Unlettered
744 2523 295 53 themselves,
1067 2525 115 56 they
1209 2528 190 53 became
1426 2531 130 55 daily
1590 2546 131 40 more
1755 2537 97 49 and

341 2597 134 32 more
502 2586 164 56 deeply
693 2586 272 57 impressed,
993 2589 214 58 through
1241 2594 125 53 their
1399 2596 213 56 military
1649 2602 204 50 associa¬

339 2651 147 54 tions,
519 2653 97 52 and
651 2653 65 56 by
745 2656 199 53 contact
968 2655 116 54 with
1109 2657 164 56 things
1298 2660 117 53 that
1440 2662 212 55 required
1679 2665 174 52 knowl¬

340 2717 131 57 edge,
490 2719 118 55 with
643 2719 84 55 the
761 2719 231 55 necessity
1022 2720 53 54 of
1102 2721 181 57 having
1310 2737 62 41 an
1399 2727 267 51 education.
1720 2731 130 47 Each

340 2784 175 44 soldier
540 2785 82 43 felt
650 2785 117 43 that
793 2785 91 43 but
910 2785 74 43 for
1010 2785 73 43 his
1117 2786 73 43 his
1217 2787 226 59 illiteracy
1471 2792 58 54 he
1554 2795 156 55 might
1735 2797 57 53 be
1819 2810 33 40 a

339 2853 239 53 sergeant,
609 2862 240 44 company
877 2850 136 56 clerk,
1044 2863 55 43 or
1136 2856 388 54 quartermaster,
1563 2861 95 49 and
1693 2864 90 46 not
1817 2875 33 35 a

338 2916 98 54 few,
457 2916 118 54 that
600 2914 39 56 if
660 2915 245 55 educated,
926 2914 115 57 they
1068 2916 156 57 might
1249 2919 55 54 be
1322 2920 287 53 lieutenants
1629 2926 95 47 and
1743 2939 107 45 cap-
