2200 3300
339 319 85 44 L46

634 320 223 44 History
885 332 63 32 of
975 331 96 33 the
1098 318 167 46 Black
1290 315 253 49 Phalanx.

339 459 62 31 lot
416 456 91 42 only
520 457 67 41 the
601 457 176 41 sternest,
792 455 75 43 but
886 454 67 44 the
974 452 181 46 quickest,
1173 451 43 47 of
1232 450 52 48 all
1304 448 190 50 teachers;
1518 446 78 52 and
1610 447 248 51 contrasting

339 512 56 33 the
409 511 106 34 Then
528 511 80 34 and
620 511 94 34 Now
734 511 45 34 of
794 520 73 25 our
886 518 119 33 negro
1025 507 218 44 regiments,
1266 513 44 38 as
1331 513 54 38 we
1404 512 166 39 propose
1589 503 46 48 to
1651 502 51 49 do
1716 502 40 49 in
1777 503 81 48 this

339 568 133 42 sketch,
487 567 67 43 the
567 568 178 42 contrast
760 566 73 44 will
847 564 158 46 forcibly
1018 562 114 48 recall
1146 559 177 51 Galileo's
1345 558 192 52 obdurate
1558 557 191 53 assertion
1763 558 94 52 that

348 623 66 34 the
429 623 118 34 world
562 623 78 34 still
654 620 155 37 moves.'

410 689 84 34 "Be
513 690 35 34 it
560 689 150 41 known,
727 688 103 42 then,
846 686 93 44 that
953 685 66 45 the
1032 684 87 46 first
1131 682 188 48 regiment
1332 680 48 50 of.
1391 679 113 51 black
1517 681 140 49 troops
1670 678 127 52 raised
1816 678 41 52 in

339 756 62 24 )ur
420 747 127 33 recent
567 755 90 31 war,
680 753 79 33 was
780 741 126 45 raised
926 741 40 45 in
992 739 67 47 the
1087 738 139 48 Spring
1247 736 43 50 of
1307 735 102 51 1862
1430 734 54 52 by
1497 734 68 52 the
1584 733 274 53 commanding

339 801 142 42 general
496 800 43 43 of
554 800 67 43 the
636 799 244 44 department
895 795 43 48 of
953 794 67 49 the
1034 792 135 51 South,
1187 792 43 51 of
1246 788 59 55 his
1320 801 85 42 own
1419 789 163 54 motion,
1599 789 78 54 and
1692 788 167 55 without

339 867 68 31 iny
421 856 119 42 direct
555 854 203 44 authority
774 851 44 47 of
831 852 85 46 law,
934 849 122 49 order,
1074 858 45 40 or
1138 857 94 41 even
1252 845 179 53 sanction
1450 844 101 54 from
1563 843 68 55 the
1645 843 211 55 President,

339 911 55 34 the
409 910 197 41 Secretary
621 909 43 42 of
681 908 101 43 War,
807 917 45 34 or
874 916 71 35 our
967 904 132 47 House
1113 902 44 49 of
1173 902 196 49 Congress.
1412 899 40 52 It
1471 909 80 42 was
1573 899 98 52 done
1690 899 53 52 by
1766 897 93 54 Gen-

339 966 68 34 ;ral
421 965 151 35 Hunter
587 974 44 26 as
647 964 9 36 '
667 974 25 26 a
706 962 171 40 military
898 958 204 44 necessity'
1119 958 119 44 under
1259 966 92 36 very
1364 955 167 47 peculiar
1551 955 305 51 circumstances>

339 1032 33 24 to
387 1022 46 34 be
448 1019 163 37 detailed
624 1018 203 42 hereafter;
846 1016 78 44 and
940 1013 191 47 although
1145 1011 225 49 repudiated
1386 1013 46 47 at
1444 1011 87 49 first
1546 1010 50 50 by
1609 1010 68 50 the
1691 1009 168 51 Govern-

339 1078 94 33 nent
448 1087 44 24 as
506 1085 91 26 were
612 1084 44 27 so
671 1083 118 31 many
805 1072 111 42 other
932 1079 191 35 measures
1140 1068 217 46 originated
1377 1066 40 48 in
1438 1066 66 48 the
1518 1076 106 38 same
1638 1068 168 46 quarter,
1823 1066 35 48 it

339 1142 66 24 vas
420 1131 131 41 finally
566 1129 171 43 adopted
751 1139 44 33 as
810 1128 66 44 the
892 1126 138 46 settled
1045 1125 126 47 policy
1187 1124 43 48 of
1245 1123 67 49 the
1332 1124 165 48 country
1518 1121 79 51 and
1618 1122 44 50 of
1677 1132 72 40 our
1763 1121 94 51 mili¬

339 1198 80 31 tary
440 1189 161 40 system;
625 1195 44 34 as
691 1185 99 44 have
809 1183 160 46 likewise
992 1182 99 47 since
1111 1181 92 48 been
1220 1178 180 51 adopted,
1418 1178 51 51 all
1483 1178 66 51 the
1563 1177 112 52 other
1690 1177 166 52 original

339 1252 178 24 neasures
544 1242 60 34 for
630 1240 119 36 which
775 1239 107 37 these
904 1238 155 42 officers,
1083 1240 47 40 at
1150 1237 67 43 the
1237 1235 93 45 time
1352 1234 43 46 of
1416 1234 100 46 their
1536 1234 87 46 first
1643 1243 212 37 announce-

339 1300 105 40 nent,
459 1307 79 33 was
553 1296 111 44 made
676 1298 46 42 to
738 1295 111 45 suffer
863 1294 98 46 both
978 1293 137 47 official
1130 1292 140 48 rebuke
1285 1291 78 49 and
1382 1291 67 49 the
1462 1290 185 50 violently
1661 1289 194 51 vitupera¬

339 1354 67 33 tive
421 1352 269 35 denunciation
705 1351 43 36 of
764 1360 104 27 more
883 1350 99 37 than
999 1349 169 38 one-half
1184 1348 67 39 the
1264 1347 191 40 Northern
1469 1356 116 35 press.

409 1408 77 34 "In
506 1408 66 34 the
593 1407 137 43 Spring
751 1406 44 44 of
817 1406 114 44 1862,
959 1404 156 46 General
1138 1404 161 46 Hunter,
1330 1402 145 48 finding
1495 1401 150 49 himself
1667 1400 91 50 with
1778 1400 76 50 less

338 1464 89 34 than
447 1464 125 34 eleven
591 1461 199 37 thousand
810 1472 86 26 men
916 1460 120 38 under
1056 1460 60 38 his
1138 1459 215 42 command,
1378 1458 78 43 and
1482 1456 165 45 charged
1673 1456 92 45 with
1785 1455 69 46 the

339 1520 87 41 luty
448 1519 43 42 of
506 1518 158 43 holding
684 1518 66 43 the
769 1517 121 44 whole
910 1518 184 43 tortuous
1122 1516 79 45 and
1229 1514 145 47 broken
1402 1514 179 47 seacoast
1608 1511 44 50 of
1675 1510 175 51 Georgia,

339 1574 114 34 South
468 1573 177 35 Carolina
659 1573 79 35 and
752 1572 167 41 Florida,
945 1571 78 42 had
1046 1571 149 43 applied
1218 1570 115 44 often,
1358 1569 77 45 and
1455 1568 40 46 in
1514 1567 104 47 vain,
1634 1568 45 46 to
1699 1566 68 48 the
1788 1575 66 39 au¬

338 1630 168 34 thorities
526 1631 48 33 at
594 1628 255 43 Washington
870 1628 62 43 for
951 1626 315 45 reinforcements.
1307 1625 61 46 All
1389 1624 68 47 the
1474 1625 141 46 troops
1633 1622 95 49 that
1740 1620 114 51 could

339 1696 36 23 :>e
401 1684 185 43 gathered
612 1684 40 43 in
679 1684 66 43 the
773 1682 125 45 North
919 1692 92 35 were
1030 1682 72 45 less
1123 1682 100 45 than
1244 1680 185 47 sufficient
1448 1679 60 48 for
1527 1677 68 50 the
1620 1676 234 51 continuous

339 1740 102 34 Irain
456 1740 44 34 of
517 1739 156 35 General
694 1737 230 37 McClellan's
945 1738 112 42 great
1078 1736 224 44 operations
1323 1734 159 46 against
1495 1733 67 47 the
1574 1731 166 49 enemy's
1754 1729 101 51 capi¬

338 1796 68 42 tal;
423 1795 78 43 and
516 1794 66 44 the
594 1793 205 45 reiterated
814 1802 145 36 answer
972 1792 45 46 of
1030 1791 67 47 the
1110 1791 93 47 War
1215 1790 252 48 Department
1480 1797 99 41 was:
1623 1786 103 52 'You
1747 1787 108 51 must

339 1852 58 40 ?et
411 1850 119 42 along
544 1859 44 33 as
603 1849 85 43 best
701 1858 79 34 you
794 1858 82 34 can.
919 1846 79 46 Not
1010 1857 28 35 a
1052 1856 91 36 man
1156 1846 100 46 from
1269 1845 66 47 the
1348 1843 126 49 North
1488 1853 72 39 can
1574 1842 47 50 be
1635 1840 164 52 spared.'

413 1905 83 34 "On
509 1904 66 35 the
589 1903 197 36 mainland
802 1903 42 36 of
853 1902 105 37 three
973 1901 131 38 States
1117 1900 211 41 nominally
1343 1898 166 43 forming
1522 1897 67 44 the
1601 1897 254 44 Department

339 1960 38 34 of
390 1960 67 34 the
471 1959 134 42 South,
620 1959 68 42 the
700 1959 80 42 flag
795 1957 44 44 of
851 1957 67 44 the
931 1956 125 45 Union
1076 1956 80 45 had
1175 1965 53 36 no
1248 1955 227 46 permanent
1494 1952 191 49 foothold,
1701 1961 94 40 save
1808 1952 48 49 at

339 2014 248 42 Fernandina,
604 2012 56 44 St.
675 2012 222 44 Augustine,
914 2011 78 45 and
1013 2021 104 35 some
1137 2010 66 46 few
1223 2010 273 46 unimportant
1509 2007 132 49 points
1656 2006 120 50 along
1787 2005 69 51 the

339 2070 152 33 Florida
504 2071 122 32 coast.
668 2068 41 35 It
721 2078 79 25 was
815 2077 51 26 on
879 2067 67 36 the
960 2065 229 38 Sea-islands
1205 2065 43 38 of
1264 2063 165 44 Georgia
1443 2063 79 44 and
1536 2062 125 45 South
1675 2060 181 47 Carolina

339 2125 87 33 bhat
446 2134 71 24 our
537 2126 137 39 troops
688 2132 92 33 were
794 2121 207 44 stationed,
1019 2120 78 45 and
1110 2119 238 46 continually
1362 2117 173 48 engaged
1547 2118 41 47 in
1600 2116 256 49 fortifying,—

339 2180 60 34 bhe
425 2189 132 30 enemy
583 2178 114 42 being
722 2177 230 43 everywhere
979 2175 142 46 visible,
1152 2175 77 46 and
1257 2175 41 46 in,
1323 2174 110 47 force,
1457 2182 132 39 across
1609 2171 67 50 the
1702 2180 153 41 narrow

339 2235 119 33 ireeks
480 2232 171 43 dividing
670 2242 45 33 us
728 2232 99 43 from
848 2231 66 44 the
935 2230 214 45 mainland;
1173 2229 77 46 and
1270 2229 40 46 in
1330 2228 159 47 various
1508 2226 107 49 raids
1635 2226 94 49 they
1749 2235 109 40 came

339 2299 125 24 across
484 2291 46 32 to
553 2298 70 25 our
643 2286 155 43 islands,
816 2286 77 43 and
907 2295 53 34 we
974 2286 118 43 drove
1111 2284 105 45 them
1230 2284 100 45 back
1343 2285 44 44 to
1402 2283 67 46 the
1483 2281 209 48 mainland,
1710 2280 79 49 and
1803 2291 53 38 up

339 2344 93 34 bheir
446 2343 135 41 creeks,
598 2342 91 42 with
704 2353 26 31 a
742 2341 66 43 few
822 2340 196 44 gunboats
1032 2342 45 42 to
1092 2339 85 45 help
1191 2338 200 46 us—being
1403 2338 67 46 the
1484 2336 113 48 order
1611 2336 44 48 of
1669 2336 67 48 the
1758 2336 97 48 day;

339 2409 78 32 yea,
434 2398 77 43 and
524 2400 67 41 yet
606 2397 154 44 oftener,
777 2396 43 45 of
835 2396 66 45 the
914 2395 122 46 night.

415 2453 88 34 "No
518 2452 302 35 reinforcements
834 2452 45 35 to
893 2450 47 37 be
953 2450 79 37 had
1045 2450 99 37 from
1158 2450 66 37 the
1237 2448 144 43 North;
1404 2449 94 42 vast
1517 2446 146 45 fatigue
1678 2446 125 45 duties
1817 2446 41 45 in

339 2509 187 40 throwing
539 2517 51 33 up
604 2506 237 44 earthworks
854 2503 173 47 imposed
1041 2515 51 35 on
1107 2515 72 35 our
1192 2503 226 47 insufficient
1430 2502 198 48 garrison;
1643 2502 68 48 the
1724 2511 134 39 enemy

339 2563 234 39 continually
593 2561 213 42 increasing
823 2560 100 43 both
943 2560 40 43 in
1003 2559 186 44 insolence
1211 2559 79 44 and
1303 2558 199 45 numbers;
1519 2568 72 35 our
1605 2557 94 46 only
1712 2566 148 37 success

339 2621 61 33 the
419 2620 159 41 capture
599 2617 43 44 of
658 2616 98 45 Fort
776 2615 168 46 Pulaski,
961 2615 146 46 sealing
1126 2625 52 36 up
1201 2614 43 47 of
1260 2613 229 48 Savannah;
1513 2612 78 49 and
1611 2611 80 50 this
1704 2611 155 50 victory

339 2675 117 41 offset,
472 2673 32 43 if
519 2675 73 41 not
605 2671 92 45 folly
710 2670 367 46 counter-balanced,
1093 2670 54 46 by
1167 2680 118 36 many
1299 2669 127 47 minor
1439 2668 112 48 gains
1566 2667 44 49 of
1624 2667 68 49 the
1705 2677 155 39 enemy;

339 2730 77 35 this
434 2738 79 27 was
534 2726 125 39 about
677 2726 67 39 the
763 2725 198 40 condition
982 2725 44 40 of
1042 2725 131 40 affairs
1194 2735 46 30 as
1260 2735 86 30 seen
1365 2724 100 41 from
1485 2723 68 42 the
1578 2723 282 43 headquarters

339 2785 168 41 fronting
520 2782 99 44 Port
631 2781 127 45 Eoyal
777 2781 90 45 bay,
889 2780 105 46 when
1016 2781 158 45 General
1194 2780 152 46 Hunter
1368 2789 72 37 one
1459 2779 74 47 fine
1552 2777 192 49 morning,
1766 2774 94 52 with

339 2840 161 42 twirling
513 2841 156 41 glasses,
684 2836 185 46 puckered
883 2836 83 46 lips,
984 2836 78 46 and
1077 2835 144 47 dilated
1234 2834 169 48 nostrils,
1423 2834 63 48 (he
1499 2833 80 49 had
1595 2833 85 49 just
1693 2832 168 50 received

338 2895 164 36 another
516 2889 750 42 'don't-bother-us-for-reinforcements'
1283 2889 177 43 dispatch
1472 2889 101 43 from
1580 2887 278 45 Washington)

339 2948 222 40 announced
574 2947 59 41 his
652 2946 192 42 intention
866 2946 44 42 of
927 2946 183 42 'forming
1130 2956 26 32 a
1175 2954 119 34 negro
1314 2944 198 44 regiment,
1535 2944 78 44 and
1633 2942 230 46 compelling
