2207 3305
355 304 98 44 328
658 309 221 45 Histoky
905 324 64 31 of
996 324 96 31 the
1118 312 165 44 Black
1308 313 252 43 Phalanx.

350 441 93 34 with
464 451 85 25 care
571 441 75 36 and
667 443 162 44 hunger;
851 445 106 42 there
977 455 78 32 was
1075 455 51 32 no
1148 444 243 43 brightening
1412 444 43 43 of
1470 444 66 43 the
1550 441 260 46 countenance
1825 442 47 45 or

350 495 166 44 lighting
529 507 51 33 up
596 497 43 43 of
654 498 66 42 the
732 508 77 33 eye,
824 501 45 40 to
883 499 165 42 indicate
1063 508 26 33 a
1101 498 172 43 thought
1287 498 43 43 of
1346 498 190 43 anything
1557 491 153 50 beyond
1725 500 25 41 a
1763 488 109 53 pain¬

348 550 54 34 ful
422 561 106 25 sense
548 552 44 34 of
607 553 243 42 prostration
871 553 43 42 of
930 553 104 42 mind
1062 553 78 42 and
1166 552 117 43 body.
1325 552 117 43 Many
1469 552 100 43 faces
1597 544 153 51 showed
1777 543 95 52 that

348 606 107 34 there
469 616 77 25 was
561 608 164 41 scarcely
740 618 26 31 a
779 618 68 31 ray
866 608 43 41 of
923 607 232 42 intelligence
1167 606 78 43 left.

429 661 23 16 "
461 661 125 42 Every
599 662 251 42 preparation
870 661 79 43 had
970 662 91 42 been
1082 661 112 43 made
1214 660 59 44 for
1292 660 99 44 their
1410 659 194 45 reception
1624 656 38 48 in
1686 650 186 54 anticipa¬

345 715 88 34 tion
448 716 42 33 of
506 716 66 34 the
588 716 142 34 arrival
746 716 41 34 of
797 715 65 35 the
877 718 174 39 steamer,
1070 714 76 43 and
1160 714 255 43 immediately
1430 723 104 34 upon
1552 711 64 46 her
1631 709 113 48 being
1758 705 114 52 made

344 769 82 34 fast
440 773 44 31 to
499 771 66 33 the
579 770 122 35 wharf
716 770 66 35 the
795 769 159 42 paroled
970 779 84 32 men
1069 776 92 35 were
1174 768 138 43 landed
1328 768 76 43 and
1418 768 119 43 taken
1550 762 262 49 immediately
1825 763 47 48 to

343 824 70 33 the
433 825 181 42 hospital,
637 825 128 42 where,
791 824 97 43 after
909 823 185 44 receiving
1115 832 25 35 a
1160 832 117 35 warm
1306 822 109 45 bath,
1437 822 93 45 they
1558 828 93 39 were
1677 816 195 51 furnished

346 879 92 33 with
453 889 26 23 a
492 879 165 34 suitable
671 879 137 41 supply
823 878 43 42 of
881 887 78 33 new
981 876 182 44 clothing,
1187 876 78 44 and
1285 876 165 44 received
1472 876 53 44 all
1544 875 114 45 those
1679 872 113 48 other
1813 874 59 46 at¬

343 933 174 34 tentions
545 933 117 34 which
689 932 99 35 their
815 932 72 35 sad
915 930 198 37 condition
1142 929 221 38 demanded.
1407 929 50 38 Of
1472 929 66 38 the
1558 928 121 39 whole
1698 927 170 43 number,

343 987 108 33 there
466 997 64 24 are
544 988 164 42 perhaps
723 987 84 43 filty
822 988 45 42 to
883 995 71 35 one
969 984 171 46 hundred
1153 984 97 46 who,
1266 984 39 46 in
1321 994 25 36 a
1360 983 99 47 week
1474 993 45 37 or
1532 985 66 45 ten
1613 982 109 48 days,
1739 982 72 48 will
1825 982 46 48 be

342 1041 43 33 in
400 1051 25 24 a
438 1042 264 33 convalescent
716 1043 115 39 state,
847 1040 74 42 but
940 1039 66 43 the
1028 1039 130 43 others
1180 1038 73 44 will
1273 1048 92 34 very
1386 1038 132 44 slowly
1533 1037 132 45 regain
1679 1037 99 45 their
1790 1038 80 44 lost

344 1095 145 34 health.

426 1150 23 17 "
458 1150 105 34 That
578 1160 71 24 our
663 1149 168 42 soldiers,
848 1149 104 42 when
973 1149 40 42 in
1034 1148 66 43 the
1120 1148 126 43 hands
1268 1147 43 44 of
1326 1147 67 44 the
1412 1147 130 44 rebels,
1560 1158 65 33 are
1645 1148 157 43 starved
1822 1151 45 40 to

341 1203 132 43 death,
496 1206 146 40 cannot
661 1204 47 42 be
729 1204 141 42 denied.
913 1203 126 43 Every
1059 1205 133 41 return
1214 1202 44 44 of
1272 1202 67 44 the
1365 1202 253 44 flag-of-truce
1644 1203 100 43 boat
1769 1204 99 42 from

340 1257 89 43 City
444 1258 117 42 Point
575 1259 131 42 brings
720 1269 45 32 us
779 1261 71 40 too
866 1269 118 32 many
998 1256 120 45 living
1134 1257 77 44 and
1233 1257 119 44 dying
1372 1258 191 43 witnesses
1584 1261 44 40 to
1644 1257 125 44 admit
1783 1260 43 41 of
1841 1270 26 31 a

341 1312 128 35 doubt
484 1313 43 34 of
541 1313 79 34 this
634 1313 151 35 terrible
799 1313 90 35 fact.
932 1313 19 35 I
973 1324 63 24 am
1058 1312 184 36 informed
1265 1313 93 35 that
1378 1313 66 35 the
1459 1314 229 34 authorities
1703 1317 45 32 at
1761 1314 106 35 Rich¬

341 1368 120 34 mond
476 1368 124 34 admit
613 1369 66 33 the
693 1368 89 43 fact,
800 1369 71 42 but
885 1379 132 32 excuse
1030 1368 34 43 it
1079 1379 51 32 on
1144 1368 66 43 the
1224 1368 86 44 plea
1324 1368 93 44 that
1430 1369 92 43 they
1542 1370 87 43 give
1641 1370 67 43 the
1721 1370 146 43 prison¬

339 1433 62 24 ers
415 1423 67 34 the
496 1433 105 24 same
614 1423 151 35 rations
779 1424 92 42 they
885 1424 86 42 give
991 1424 100 42 their
1106 1434 84 32 own
1205 1434 96 32 men.
1345 1424 79 42 But
1437 1435 72 31 can
1523 1425 79 41 this
1616 1425 46 41 be
1675 1436 44 30 so
1728 1426 18 40 ?
1787 1425 78 41 Can

339 1488 55 24 an
409 1488 111 32 army
534 1478 91 43 keep
640 1479 66 42 the
719 1479 95 43 field,
832 1480 78 42 and
924 1480 46 42 be
985 1480 125 42 active
1124 1480 78 42 and
1218 1479 168 44 efficient,
1405 1491 50 32 on
1469 1480 67 43 the
1550 1489 106 34 same
1674 1481 79 42 fere
1773 1481 92 42 that

338 1533 88 34 kills
447 1533 190 43 prisoners
660 1534 43 42 of
718 1544 79 32 war
812 1537 44 39 at
878 1545 25 31 a
922 1535 173 43 frightful
1116 1536 252 44 percentage?
1409 1536 20 44 I
1449 1536 112 44 think
1581 1540 90 40 not;
1693 1546 51 34 no
1772 1547 91 33 man

337 1598 75 24 can
426 1589 138 34 believe
578 1589 49 42 it;
645 1589 77 42 and
736 1589 105 42 while
856 1600 25 31 a
900 1591 165 42 practice
1086 1601 44 32 so
1152 1592 187 43 shocking
1351 1594 45 41 to
1411 1592 206 43 humanity
1631 1593 33 42 is
1678 1592 184 43 persisted

338 1643 42 34 in
394 1644 52 41 by
468 1644 66 41 the
553 1643 99 42 rebel
673 1644 240 44 authorities,
930 1645 19 43 I
970 1647 124 41 would
1115 1657 92 33 very
1229 1647 238 43 respectfully
1488 1658 93 34 urge
1601 1648 92 44 that
1712 1648 151 44 retalia¬

337 1701 96 39 tory
460 1708 191 32 measures
677 1699 47 41 be
746 1702 45 38 at
812 1711 91 29 once
923 1701 204 39 instituted
1148 1702 53 43 by
1223 1702 211 44 subjecting
1454 1703 66 43 the
1542 1704 143 42 officers
1705 1713 53 33 we
1777 1714 85 32 now

339 1753 93 35 hold
448 1764 44 24 as
506 1754 190 43 prisoners
712 1755 44 42 of
772 1766 78 31 war
863 1758 44 39 to
924 1767 25 30 a
963 1757 145 40 similar
1122 1760 222 37 treatment.

422 1808 50 34 "I
485 1810 99 34 took
599 1809 223 44 advantage
837 1811 43 42 of
895 1812 65 41 the
976 1813 256 42 opportunity
1254 1813 117 42 which
1391 1813 80 42 this
1485 1814 93 41 visit
1590 1816 45 39 to
1650 1813 210 44 Annapolis

336 1874 103 32 gave
453 1874 58 32 me
525 1867 44 39 to
585 1865 112 41 ma,ke
712 1876 25 30 a
750 1866 118 42 hasty
882 1867 211 42 inspection
1109 1868 43 41 of
1168 1867 117 45 Camp
1299 1868 149 44 Parole,
1466 1869 78 43 and
1557 1868 20 44 I
1592 1880 64 32 am
1670 1869 131 43 happy
1815 1872 44 40 to

335 1921 137 40 report
485 1919 93 42 that
591 1919 19 42 I
624 1920 117 41 found
755 1921 33 40 it
801 1921 40 40 in
855 1931 111 32 every
979 1922 144 41 branch
1140 1923 38 40 in
1194 1934 25 29 a
1232 1926 106 37 most
1351 1924 285 39 commendable
1650 1925 207 38 condition.

336 1973 83 33 The
433 1983 84 24 men
532 1974 51 34 all
598 1975 144 34 seemed
755 1977 44 32 to
815 1975 46 34 be
875 1976 158 35 cheerful
1048 1978 77 34 and
1139 1978 40 34 in
1193 1979 72 33 fine
1279 1978 143 44 health,
1439 1979 78 43 and
1531 1979 66 43 the
1610 1979 118 43 police
1742 1980 118 42 inside

335 2028 83 33 and
433 2031 71 31 out
518 2039 77 23 was
610 2030 189 34 excellent.
842 2030 151 35 Colonel
1013 2031 116 44 Root,
1153 2033 66 42 the
1239 2034 271 43 commanding
1532 2034 133 43 officer,
1690 2034 168 43 deserves

334 2083 117 33 much
465 2083 119 34 credit
597 2083 58 36 for
669 2084 66 35 the
748 2095 91 31 very
855 2086 248 44 satisfactory
1119 2088 198 42 condition
1338 2091 44 39 to
1404 2089 118 41 which
1543 2089 46 41 he
1602 2089 72 41 has
1688 2089 171 44 brought

333 2136 64 34 his
411 2138 215 33 command.

417 2191 53 33 "I
484 2191 98 34 have
595 2193 66 33 the
674 2193 126 34 honor
812 2195 45 32 to
872 2194 57 43 be,
946 2204 90 33 very
1050 2197 249 43 respectfully,
1315 2208 101 32 your
1431 2199 177 41 obedient
1622 2201 168 42 servant,

1210 2252 55 34 W.
1290 2252 253 45 HOFFMAN,

616 2300 179 35 "Colonel
813 2302 73 34 3rd
896 2303 189 44 Infantry,
1104 2304 258 44 Commissary
1375 2306 161 42 General
1548 2309 49 39 of
1604 2309 210 39 Prisoners.

411 2354 29 16 ■"
450 2354 101 33 Hon.
566 2353 45 35 E.
627 2354 50 34 M.
694 2355 193 44 Stanton,
903 2356 201 45 Secretary
1117 2358 49 43 of
1181 2359 96 43 War,
1300 2360 261 46 Washington,
1577 2363 45 43 D.
1640 2363 62 43 C."

427 2429 122 42 This
565 2433 165 52 report
748 2432 113 53 does
879 2436 90 49 not
986 2434 115 51 refer
1117 2437 57 48 to
1200 2435 83 50 the
1307 2438 265 47 treatment
1591 2440 54 45 of
1665 2441 82 44 the
1765 2441 91 44 sol¬

335 2496 122 41 diers
486 2494 53 43 of
557 2495 82 42 the
664 2494 223 44 Phalanx
912 2499 105 41 who
1044 2512 114 29 were
1183 2500 148 41 taken
1349 2501 65 53 by
1431 2501 83 53 the
1532 2504 322 50 confederates

335 2560 50 41 in
418 2559 197 53 battle,*
648 2559 123 53 after
796 2562 83 50 the
904 2564 246 48 surrender
1177 2564 54 48 of
1250 2564 122 48 Fort
1398 2565 177 56 Pillow,
1606 2569 249 52 Lawrence

400 2669 16 14 *
435 2667 130 27 General
576 2668 134 30 Brisbin,
723 2669 33 29 in
767 2669 49 29 his
829 2671 136 27 account
977 2671 36 27 of
1025 2672 55 26 the
1091 2672 180 32 expedition
1283 2672 107 32 which,
1403 2673 33 31 in
1453 2674 56 30 the
1526 2675 121 30 "Winter
1659 2681 37 25 of
1708 2682 75 30 1864,
1797 2683 56 29 left

334 2712 87 26 Bean
434 2711 139 29 Station,
587 2711 106 30 Tenn.,
707 2712 98 29 under
817 2714 168 27 command
998 2715 36 26 of
1043 2715 129 26 General
1185 2716 182 29 Stoneman,
1380 2716 50 29 for
1441 2716 55 29 the
1508 2725 138 27 purpose
1658 2724 37 28 of
1709 2725 145 34 destroy¬

332 2756 58 32 ing
401 2755 54 33 the
466 2754 196 34 confederate
675 2755 70 33 Salt
756 2755 113 33 Works
887 2757 32 31 in
932 2758 87 30 West
1030 2758 150 36 Virginia,
1195 2765 75 29 says
1288 2759 54 35 the
1357 2760 216 34 confederates
1586 2765 81 29 after
1680 2770 173 33 capturing

332 2806 90 19 some
440 2798 35 27 of
488 2798 54 27 the
559 2797 130 28 soldiers
708 2798 35 27 of
750 2798 55 27 the
823 2799 91 26 Sixth
938 2800 146 27 Phalanx
1107 2801 136 32 Cavalry
1265 2802 173 31 Begiment,
1463 2803 171 31 butchered
1656 2810 97 28 them.
1790 2813 61 28 His

331 2842 178 27 statement
520 2841 26 28 is
559 2847 36 22 as
607 2840 135 29 follows:

402 2888 18 12 "
428 2886 64 25 For
503 2885 55 26 the
569 2884 65 27 last
646 2885 64 26 two
724 2885 79 30 days
817 2892 20 23 a
848 2885 83 30 force
943 2886 36 29 of
992 2886 202 29 Confederate
1205 2888 139 31 cavalry,
1358 2888 98 31 under
1467 2889 146 32 Witcher,
1627 2893 66 29 had
1705 2896 77 29 been
1794 2900 57 27 fol¬

329 2917 120 32 lowing
465 2925 60 24 our
542 2918 168 31 command
728 2918 126 31 picking
871 2925 41 25 up
931 2920 174 30 stragglers
1123 2921 64 29 and
1199 2922 158 28 worn-out
1369 2921 108 29 horses
1489 2922 32 28 in
1534 2931 59 19 our
1605 2932 81 21 rear.
1722 2930 83 28 Part
1817 2934 37 26 of

329 2958 65 18 our
405 2952 113 30 troops
531 2957 76 25 were
619 2950 168 32 composed
800 2951 35 31 of
849 2957 130 25 negroes
992 2953 64 29 and
1068 2952 87 30 these
1171 2953 50 29 the
1233 2953 218 29 Confederates
1468 2955 93 27 killed
1578 2963 38 20 as
1632 2959 67 27 fast
1716 2967 38 21 as
1771 2964 79 33 they
