2200 3300
707 287 106 43 The
838 286 148 44 Army
1013 297 63 33 of
1102 297 96 33 the
1224 283 267 47 Frontier.

1759 276 96 42 223

343 421 85 42 the
463 418 156 46 active
652 421 212 54 military
898 420 123 55 force
1055 418 53 57 of
1142 418 82 57 the
1257 415 229 60 National
1522 412 332 63 Government.

345 486 102 43 The
470 488 232 55 regiment
727 500 97 43 was
850 484 275 59 designated
1159 484 83 59 the
1267 482 81 61 1st
1371 481 54 62 A.
1455 480 53 63 D.
1541 479 208 64 (African
1775 479 83 64 De¬

346 554 153 53 scent)
539 551 246 57 Regiment
810 552 131 56 Iowa
967 551 287 57 Volunteers,
1276 548 95 60 and
1397 560 97 48 was
1521 545 236 63 mustered
1783 545 75 63 for

347 619 134 43 three
504 632 156 42 years,
688 631 56 43 or
770 618 172 56 during
964 617 82 57 the
1079 629 110 45 war.
1259 614 214 60 Leaving
1504 612 204 62 Keokuk
1741 611 117 63 Bar¬

349 685 154 53 racks,
523 686 83 52 the
630 686 228 54 regiment
885 683 249 57 proceeded
1159 684 56 56 to
1243 680 68 60 St.
1332 680 159 60 Louis,
1511 678 112 62 Mo.,
1645 677 95 63 and
1759 689 98 51 was

351 751 254 55 quartered
631 751 48 55 in
705 750 186 56 Benton
917 748 248 58 Barracks,
1187 761 54 45 as
1260 760 32 46 a.
1309 749 113 57 part
1440 746 53 60 of
1512 745 82 61 the
1611 744 146 62 forces
1775 756 82 50 un¬

351 817 83 42 der
467 817 252 43 command
755 817 53 43 of
843 814 366 56 Major-General
1251 813 45 57 J.
1332 812 63 58 M.
1432 810 241 60 Schofield.
1734 808 124 62 Here

351 896 239 42 company
609 882 51 56 G.
675 882 159 56 joined
860 882 82 56 the
966 881 242 57 regiment,
1237 879 195 59 making
1456 880 81 58 ten
1562 877 82 61 full
1670 887 188 51 compa¬

351 949 113 42 nies.
515 949 42 42 A
575 948 284 43 memorable
885 947 96 44 and
1007 946 228 55 patriotic
1259 944 204 57 incident
1489 941 218 60 occurred
1725 941 130 60 here:

351 1014 113 43 Mrs.
493 1014 37 44 I.
558 1014 53 44 N.
641 1014 191 54 Triplet,
861 1013 48 55 in
935 1009 160 59 behalf
1116 1012 52 56 of
1186 1012 83 56 the
1294 1010 146 58 ladies
1467 1009 52 59 of
1538 1009 82 59 the
1646 1007 138 61 State
1810 1006 50 62 of

352 1080 145 53 Iowa,
518 1080 95 53 and
632 1080 54 53 of
697 1080 83 53 the
796 1079 98 54 city
912 1079 54 54 of
977 1078 274 55 Muscatine,
1270 1076 242 57 presented
1530 1075 82 58 the
1630 1073 228 60 regiment

351 1146 115 42 with
501 1159 32 29 a
566 1145 228 43 beautiful
829 1144 89 44 silk
952 1144 220 44 national
1205 1144 110 54 flag,
1352 1141 146 57 which
1539 1153 98 45 was
1679 1138 179 60 carried

350 1211 214 56 through
598 1211 82 56 the
706 1213 179 54 storms
913 1207 52 60 of
985 1210 168 57 battle,
1183 1209 95 58 and
1304 1204 218 63 returned
1550 1208 55 59 at
1629 1205 83 62 the
1737 1204 123 63 close

352 1277 55 43 of
425 1278 83 42 the
525 1290 98 30 war
639 1279 56 41 to
713 1276 83 44 the
814 1274 151 46 State.

451 1344 72 42 On
548 1344 82 42 the
656 1343 106 43 first
788 1343 97 53 day
913 1342 53 54 of
985 1340 233 56 January,
1240 1339 141 57 1864,
1401 1338 82 58 the
1508 1336 228 60 regiment
1761 1347 98 49 was

351 1410 195 43 ordered
563 1413 57 40 to
638 1410 164 53 report
819 1410 57 53 to
896 1406 194 57 General
1107 1405 228 58 Beaufort
1354 1406 55 57 at
1425 1403 193 60 Helena,
1638 1402 128 61 Ark.,
1787 1401 73 62 be¬

351 1476 190 55 coming
559 1488 31 43 a
608 1477 114 54 part
749 1473 53 58 of
821 1473 82 58 the
928 1472 221 59 garrison
1175 1470 54 61 of
1247 1470 114 61 that
1386 1468 130 63 place
1541 1467 122 64 until
1679 1467 83 64 the
1779 1466 81 65 fol¬

351 1541 175 55 lowing
541 1540 178 56 March.

453 1606 97 43 One
567 1606 229 54 Sergeant
822 1603 208 57 Phillips,
1050 1602 114 58 with
1190 1613 129 47 some
1346 1599 174 61 others,
1542 1598 218 62 agitated
1777 1597 84 63 the

353 1671 247 56 propriety
635 1671 53 56 of
707 1670 205 57 refusing
953 1671 54 56 to
1052 1669 160 58 accept
1253 1666 81 61 the
1377 1677 136 50 seven
1557 1664 178 63 dollars
1779 1676 82 51 per

354 1738 171 43 month
553 1737 169 44 offered
747 1736 130 45 them
904 1735 63 53 by
994 1734 81 54 the
1101 1731 328 57 Government,
1460 1730 95 58 and
1582 1729 53 59 of
1655 1729 206 59 refusing

352 1805 57 40 to
428 1804 63 41 do
510 1803 122 54 duty
650 1815 63 42 on
740 1802 202 55 account
969 1799 53 58 of
1041 1799 53 58 it.
1156 1796 227 61 Sergeant
1409 1796 201 61 Barton,
1630 1795 227 62 however,

352 1868 105 43 held
474 1869 42 42 it
526 1881 96 30 was
640 1867 155 44 better
810 1870 56 41 to
878 1878 129 33 serve
1017 1864 202 47 without
1236 1875 97 42 pay
1341 1862 124 55 than
1481 1864 56 53 to
1555 1861 148 56 refuse
1721 1861 136 56 duty,

353 1947 55 29 as
425 1934 82 42 the
524 1934 311 42 enforcement
855 1931 52 45 of
926 1931 80 45 the
1033 1929 283 47 President's
1335 1927 368 54 Emancipation
1722 1926 139 55 Proc¬

349 2000 237 42 lamation
606 2012 97 30 was
720 1996 220 46 essential
964 1999 57 43 to
1046 1996 83 46 the
1152 1995 203 47 freedom
1384 1993 54 49 of
1456 1993 84 49 the
1564 2005 147 42 negro
1736 2005 121 42 race.

349 2065 72 42 To
447 2065 98 43 this
571 2065 147 44 latter
743 2064 83 45 the
859 2062 227 55 regiment
1113 2060 183 57 agreed,
1335 2059 96 58 and
1465 2059 171 58 passed
1671 2071 190 46 concur¬

347 2134 106 40 rent
479 2130 300 51 resolutions,
807 2128 147 53 which
980 2127 177 56 quelled
1185 2139 32 44 a
1243 2125 262 58 discussion
1530 2124 148 59 which
1705 2124 156 59 other¬

346 2197 107 43 wise
470 2197 155 55 might
643 2196 122 56 have
782 2194 72 58 led
872 2198 56 54 to
947 2193 201 59 mutiny.

445 2262 148 44 While
609 2263 82 43 the
708 2261 229 56 regiment
955 2272 96 45 was
1078 2261 56 56 at
1160 2258 181 59 Helena
1366 2258 40 59 it
1423 2257 123 60 took
1564 2260 114 57 part
1696 2255 49 62 in
1763 2268 98 49 sev¬

345 2329 98 43 eral
470 2328 269 44 skirmishes
767 2327 95 45 and
890 2325 226 56 captured
1145 2337 31 44 a
1201 2324 197 57 number
1424 2323 54 58 of
1497 2322 253 59 prisoners.
1804 2321 57 60 In

345 2395 127 55 July,
494 2394 187 56 Colonel
700 2393 68 57 W.
782 2392 44 58 S.
847 2392 200 58 Brooks,
1060 2391 47 59 in
1127 2389 253 61 command
1401 2388 53 62 of
1465 2388 82 62 the
1566 2387 134 63 56th,
1723 2387 135 63 60th,

344 2464 94 40 and
460 2474 32 30 a
508 2461 305 43 detachment
831 2459 54 45 of
903 2459 83 45 the
1003 2457 88 47 3rd
1109 2456 224 51 Artillery
1350 2454 222 53 Phalanx
1597 2452 260 55 Regiment,

343 2528 115 43 with
482 2530 98 41 two
607 2527 106 44 field
740 2539 136 42 guns,
897 2523 163 58 sallied
1087 2524 89 57 out
1203 2521 52 60 of
1275 2519 182 62 Helena
1483 2519 94 62 and
1606 2518 254 63 proceeded

344 2594 137 44 down
507 2594 83 44 the
614 2591 265 55 Mississppi
905 2590 154 56 River,
1077 2590 56 56 to
1159 2586 83 60 the
1259 2585 172 61 mouth
1458 2584 53 62 of
1531 2583 156 63 White
1704 2583 153 63 River,

344 2674 63 30 on
426 2674 32 30 a
473 2660 270 56 transport.
798 2657 123 59 Here
936 2655 84 61 the
1036 2656 173 60 troops
1235 2647 340 69 disembarked.
1630 2649 98 67 The
1745 2650 114 66 next

340 2727 236 54 morning,
601 2726 121 55 after
739 2722 248 59 marching
1006 2718 64 63 all
1086 2717 153 64 night,
1260 2715 187 66 Brooks
1465 2715 162 66 halted
1646 2714 73 67 his
1736 2726 125 55 com¬

341 2794 148 46 mand
515 2793 75 47 for
615 2790 270 50 breakfast;
907 2797 130 43 arms
1061 2795 118 45 were
1203 2781 195 59 stacked
1426 2781 95 59 and
1546 2780 84 60 the
1655 2792 104 48 men
1786 2779 74 61 be¬

340 2873 134 32 came
500 2857 238 48 scattered
766 2865 114 40 over
904 2852 84 53 the
1012 2848 145 57 fields.
1211 2845 250 60 Suddenly,
1508 2845 195 60 General
1738 2843 122 62 Dob¬

340 2928 122 52 bins,
491 2927 58 53 at
573 2924 85 56 the
673 2920 125 60 head
816 2918 56 62 of
890 2930 33 50 a
940 2913 214 67 superior
1169 2912 298 68 confederate
1481 2911 137 69 force,
1638 2909 141 71 made
1795 2921 66 59 an

661 2987 51 35 11
