2221 3314
357 294 96 42 252
662 301 221 45 History
909 315 64 31 of
1000 316 96 32 the
1123 304 164 44 Black
1314 305 250 43 Phalanx.

355 430 99 36 have
474 433 158 35 collided
652 434 91 35 with
764 435 90 34 each
877 435 127 43 other;
1027 435 92 43 they
1140 435 111 43 could
1274 435 99 43 have
1392 444 85 34 seen
1498 430 101 48 their
1613 433 89 45 foes,
1720 433 78 45 and
1811 432 68 46 the

355 496 119 25 arena
488 487 44 34 of
546 489 168 44 combat,
731 490 77 43 and
822 491 66 42 the
901 491 85 42 fleet
1000 490 111 43 could
1126 490 99 43 have
1240 488 163 45 assisted
1424 489 105 44 them
1545 487 92 46 with
1652 487 99 46 their
1764 497 111 36 guns,

355 542 78 33 and
448 543 204 42 prevented
665 544 66 41 the
744 545 158 42 landing
916 545 43 42 of
974 545 66 42 the
1053 544 324 43 re-enforcements
1392 543 97 44 from
1505 542 236 45 Chaileston.

434 597 71 34 "It
518 608 78 24 was
611 609 25 23 a
650 599 183 34 beautiful
848 600 78 34 and
939 600 96 34 calin
1058 599 160 42 evening
1239 599 104 42 when
1365 599 64 42 the
1449 601 140 40 troops
1611 598 84 43 who
1718 606 92 35 were
1829 598 45 43 to

351 651 99 34 form
470 653 66 33 the
558 654 215 42 assaulting
794 655 151 41 column
966 655 138 41 moved
1125 655 71 41 out
1218 664 52 32 on
1290 656 45 40 to
1363 654 65 42 the
1455 654 127 42 broad
1610 653 79 43 and
1716 652 158 44 smooth

351 705 117 35 beach
482 707 67 35 left
563 708 51 41 by
630 709 65 40 the
709 709 172 43 receding
894 709 89 43 tide.

432 761 110 34 "The
555 762 79 34 last
648 773 92 32 rays
756 763 43 42 of
814 764 66 41 the
894 763 145 44 setting
1053 773 71 34 sun
1145 764 191 43 illumined
1357 764 66 43 the
1442 765 99 42 grim
1555 765 106 42 walls
1676 764 78 43 and
1769 764 106 43 shat¬

349 816 106 33 tered
469 817 163 34 mounds
648 818 43 33 of
708 817 163 42 Wagner
891 818 91 41 with
1005 828 25 31 a
1050 818 106 41 flood
1177 819 44 40 of
1236 818 165 41 crimson
1422 819 109 43 light,
1548 822 72 40 too
1642 829 108 34 soon,
1768 820 84 43 alas
1862 821 9 42 I

349 872 45 32 to
408 870 47 34 be
470 871 130 44 deeper
615 871 97 44 dyed
727 872 91 43 with
832 873 66 42 the
912 872 65 43 red
991 872 119 43 blood
1126 873 43 42 of
1185 873 218 43 struggling
1416 885 96 31 men.

430 925 103 34 "Our
546 936 85 24 men
645 927 142 41 halted,
806 926 77 42 and
897 926 145 42 formed
1056 928 100 40 their
1169 928 118 40 ranks
1302 938 104 34 upon
1426 929 67 43 the
1506 929 130 44 beach,
1653 940 25 33 a
1692 930 86 43 mile
1792 931 78 42 and

347 989 106 24 more
481 990 109 32 away
610 981 99 41 from
729 982 65 40 the
817 982 136 41 deadly
976 982 149 41 breach.
1170 981 150 45 Quietly
1340 984 92 42 they
1454 985 118 41 stood
1592 986 152 43 leaning
1766 996 104 33 upon

347 1034 99 37 their
460 1044 109 34 guns,
587 1035 78 43 and
680 1036 183 44 awaiting
875 1036 67 44 the
957 1037 124 43 signal
1096 1038 43 42 of
1156 1038 147 42 attack.
1348 1038 117 42 There
1479 1040 128 42 stood,
1618 1039 78 43 side
1710 1041 53 42 by
1776 1040 89 44 side,

346 1089 66 33 the
434 1089 139 35 hunter
595 1090 43 34 of
652 1091 67 33 the
738 1091 59 33 far
817 1091 115 42 "West,
957 1092 66 41 the
1043 1092 139 41 farmer
1203 1093 43 40 of
1261 1094 66 39 the
1347 1093 135 44 North,
1498 1095 66 42 the
1585 1097 111 40 stout
1709 1096 159 41 lumber¬

346 1153 95 24 man
455 1144 99 34 from
575 1145 65 33 the
661 1145 137 34 forests
820 1146 43 34 of
880 1145 134 44 Maine,
1040 1148 77 41 and
1138 1148 65 41 the
1225 1148 111 41 black
1357 1149 177 40 Phalanx
1562 1149 303 40 Massachusetts

345 1198 79 35 had
440 1199 131 34 armed
586 1199 77 34 and
678 1202 85 32 sent
776 1202 44 32 to
835 1201 66 34 the
914 1201 96 35 field.

426 1253 77 34 "In
523 1254 80 33 this
624 1254 99 34 hour
744 1253 44 35 of
809 1256 91 42 peril
921 1257 105 41 there
1047 1267 78 31 was
1145 1267 52 31 no
1220 1258 186 44 jealousy,
1429 1270 51 32 no
1500 1262 237 40 contention.
1786 1262 79 40 The

344 1307 112 34 black
472 1308 177 35 Phalanx
663 1318 92 25 were
775 1312 45 32 to
841 1311 85 33 lead
947 1312 66 34 the
1033 1312 145 34 forlorn
1199 1313 108 43 hope.
1350 1314 85 42 And
1455 1315 91 43 they
1567 1325 92 33 were
1679 1317 125 43 proud
1826 1318 40 42 of

343 1362 100 34 their
457 1363 183 43 position,
658 1364 77 42 and
749 1364 196 42 conscious
961 1366 43 40 of
1012 1367 52 39 its
1080 1367 154 44 danger.
1277 1368 196 44 Although
1488 1380 52 32 we
1553 1371 78 41 had
1646 1381 84 31 seen
1746 1382 116 33 many

344 1416 44 35 of
402 1418 67 33 the
489 1418 152 34 famous
662 1419 204 42 regiments
888 1420 44 41 of
946 1421 65 40 the
1033 1421 167 43 English,
1225 1423 153 43 French,
1402 1425 78 41 and
1499 1425 184 41 Austrian
1711 1428 147 43 armies,

341 1481 54 25 we
416 1482 92 24 were
529 1483 112 26 never
662 1481 104 28 more
787 1474 202 44 impressed
1011 1477 90 41 with
1123 1477 65 41 the
1208 1477 85 42 fury
1317 1479 75 40 and
1413 1480 164 42 majesty
1599 1481 42 41 of
1657 1492 79 30 war
1762 1482 98 40 than

342 1526 106 35 when
463 1538 52 23 we
529 1528 138 34 looked
682 1538 104 33 upon
800 1529 66 42 the
881 1530 96 41 solid
992 1541 103 30 mass
1112 1532 42 39 of
1169 1532 66 39 the
1255 1533 197 38 thousand
1472 1535 112 36 black
1598 1546 95 32 men,
1710 1547 44 31 as
1767 1537 93 43 they

341 1582 130 43 stood,
494 1582 73 43 like
587 1583 112 43 giant
719 1586 151 40 statues
891 1585 44 41 of
950 1586 154 42 marble,
1128 1597 104 32 upon
1252 1587 67 42 the
1340 1589 229 40 snow-white
1590 1591 117 38 sands
1729 1592 43 37 of
1792 1592 67 37 the

341 1636 129 44 beach,
495 1638 158 42 waiting
672 1638 66 42 the
760 1639 110 41 order
890 1642 44 38 to
957 1640 179 40 advance.
1181 1641 84 39 And
1286 1643 99 37 little
1413 1644 64 36 did
1504 1655 53 25 we
1583 1645 121 43 think,
1735 1657 44 31 as
1806 1657 52 31 we

339 1693 121 41 gazed
480 1692 91 42 with
594 1693 235 41 admiration
856 1703 105 34 upon
988 1695 92 42 that
1107 1697 171 41 splendid
1305 1708 31 30 c(
1353 1699 102 39 1'imn
1484 1699 44 39 of
1548 1700 86 38 four
1660 1701 197 37 thousand

339 1747 120 34 brave
479 1758 96 32 men,
598 1748 92 42 that
710 1758 60 32 ere
791 1759 50 31 an
862 1749 99 41 hour
981 1750 77 40 had
1080 1752 148 42 passed,
1252 1752 84 42 half
1352 1753 44 41 of
1410 1754 104 40 them
1535 1755 124 39 would
1680 1756 46 38 be
1739 1759 117 41 swept

338 1811 124 33 away,
486 1802 163 42 maimed
672 1812 45 32 or
736 1804 156 40 crushed
911 1804 41 40 in
974 1805 64 39 the
1058 1806 205 43 gathering
1284 1808 204 41 whirlwind
1509 1809 44 40 of
1575 1810 114 39 death
1701 1811 8 38 I
1752 1811 103 38 Time

338 1857 139 42 passed
498 1857 161 43 quickly,
683 1858 77 42 and
781 1859 164 42 twilight
965 1870 78 31 was
1065 1861 79 40 fast
1172 1860 203 46 deepening
1402 1864 83 42 into
1513 1865 66 41 the
1607 1865 181 41 darkness
1816 1866 44 40 of

336 1911 124 43 night,
477 1912 104 42 when
602 1912 66 42 the
689 1913 123 42 signal
833 1923 78 32 was
931 1914 123 42 given.
1098 1915 164 41 Onward
1283 1918 136 38 moved
1441 1919 66 37 the
1532 1920 138 36 chosen
1697 1921 78 35 and
1801 1921 53 35 ill-

337 1966 104 34 fated
457 1965 114 43 band,
589 1967 157 42 making
759 1967 66 42 the
838 1968 111 41 earth
963 1969 158 40 tremble
1137 1971 117 38 under
1274 1972 66 37 the
1361 1973 123 43 heavy
1499 1974 77 42 and
1591 1977 261 39 monotonous

335 2021 113 33 tread
468 2021 44 33 of
527 2021 66 35 the
614 2021 110 35 dense
745 2032 103 24 mass
871 2022 44 34 of
930 2023 216 35 thousands
1169 2025 44 34 of
1228 2037 95 24 men.
1367 2027 164 43 Wagner
1551 2029 65 42 lay
1635 2029 112 42 black
1774 2031 78 40 and

334 2074 99 43 grim
446 2075 40 42 in
499 2076 67 41 the
580 2076 179 41 distance,
777 2076 77 41 and
868 2077 121 40 silent.
1019 2077 79 40 Not
1113 2089 26 28 a
1153 2080 171 42 glimmer
1339 2082 44 40 of
1397 2082 99 43 light
1509 2094 79 31 was
1602 2094 96 31 seen,
1734 2084 78 41 Not
1826 2096 26 29 a

333 2139 79 32 gun
426 2129 138 43 replied
577 2132 45 40 to
637 2130 66 42 the
716 2130 137 42 bombs
868 2131 116 41 which
1007 2142 72 30 our
1100 2137 170 35 mortars
1291 2136 77 36 still
1383 2139 223 41 constantly
1621 2138 131 42 hurled
1766 2140 83 40 into

332 2184 68 34 the
419 2184 90 34 fort.
551 2184 79 34 Not
650 2195 26 23 a
696 2185 92 34 shot
807 2196 78 24 was
906 2188 177 33 returned
1105 2190 44 32 to
1171 2189 66 34 the
1256 2190 139 35 terrific
1415 2192 144 42 volleys
1581 2193 43 41 of
1645 2194 67 40 the
1737 2195 112 42 giant

333 2238 138 42 frigate
492 2238 200 42 Ironsides,
714 2239 126 41 whose
861 2240 120 43 shells,
1006 2251 85 32 ever
1112 2242 77 41 and
1211 2254 113 32 anon,
1348 2246 163 42 plunged
1533 2248 84 40 into
1638 2248 66 40 the
1724 2249 125 39 earth¬

333 2293 135 37 works,
491 2293 257 42 illuminating
767 2294 99 41 their
884 2305 159 30 recesses
1066 2296 57 39 for
1138 2307 50 28 an
1202 2298 151 37 instant
1367 2300 38 35 in
1419 2301 66 34 the
1498 2302 106 42 glare
1619 2302 44 42 of
1677 2303 98 41 their
1788 2314 60 30 ex¬

332 2347 161 42 plosion,
510 2347 72 42 but
595 2348 191 42 revealing
799 2359 51 31 no
867 2349 103 42 signs
986 2349 43 42 of
1043 2350 69 41 life.

413 2400 135 35 "Were
568 2401 66 34 the
653 2401 117 35 rebels
792 2403 51 33 all
866 2404 123 34 dead?
1037 2404 90 35 Had
1148 2405 91 43 they
1259 2407 72 41 fled
1352 2409 97 39 from
1470 2409 66 39 the
1549 2411 144 43 pitiless
1721 2416 123 38 storm

333 2456 115 34 which
470 2465 72 25 our
562 2455 183 35 batteries
766 2457 78 34 had
864 2459 145 41 poured
1030 2460 110 40 down
1160 2470 104 33 upon
1284 2463 104 40 them
1410 2464 59 39 for
1489 2475 44 28 so
1555 2477 119 33 many
1700 2467 145 43 hours?

331 2510 131 34 Where
476 2520 91 24 were
580 2510 117 42 they?

411 2565 21 16 "
441 2564 119 35 Down
574 2564 89 43 deep
678 2565 164 42 beneath
863 2567 66 40 the
949 2568 97 39 sand
1067 2569 117 43 heaps
1205 2581 90 31 were
1316 2575 210 37 excavated
1547 2579 111 39 great
1672 2588 169 34 caverns,

329 2619 125 34 whose
474 2619 117 34 floors
612 2630 92 24 were
724 2620 91 34 level
837 2621 90 35 with
948 2623 66 33 the
1033 2623 89 43 tide,
1146 2625 76 41 and
1250 2626 125 40 whose
1401 2629 104 37 roofs
1526 2641 92 25 were
1638 2631 144 37 formed
1804 2635 45 34 of

328 2674 99 41 huge
453 2673 138 42 trunks
619 2674 44 41 of
677 2676 98 39 trees
802 2674 79 41 laid
907 2676 39 39 in
975 2677 136 38 double
1138 2689 107 26 rows.
1289 2680 84 35 Still
1401 2683 124 35 above
1545 2685 105 35 these
1677 2689 167 35 massive

327 2728 132 33 beams
473 2728 98 34 sand
585 2738 77 24 was
676 2729 143 43 heaped
841 2740 42 32 so
907 2731 129 43 deeply
1057 2733 91 41 that
1168 2743 91 31 even
1281 2745 71 29 our
1372 2746 204 28 enormous
1597 2740 111 36 shells
1729 2744 112 34 could

326 2783 74 33 not
412 2785 198 40 penetrate
623 2783 67 42 the
703 2784 114 41 roofs,
833 2784 150 44 though
1004 2787 92 42 they
1115 2788 60 41 fell
1195 2789 96 40 from
1305 2789 67 40 the
1386 2792 97 37 skies
1498 2794 134 35 above.
1675 2796 45 34 In
1734 2797 107 36 these

325 2837 100 33 dark
439 2837 276 35 subterranean
728 2841 163 32 retreats
906 2843 76 31 two
997 2840 195 36 thousand
1207 2854 84 23 men
1304 2844 66 42 lay
1384 2845 76 43 hid,
1476 2846 73 42 like
1562 2850 184 41 panthers
1760 2852 39 39 in
1814 2864 26 27 a

323 2901 158 34 ewamp,
498 2892 156 43 waiting
669 2895 43 40 to
727 2892 83 43 leap
827 2894 102 41 forth
944 2895 38 40 in
996 2895 84 42 fury
1095 2907 103 31 upon
1213 2898 97 40 their
1324 2908 102 34 prey.

406 2947 111 34 "The
537 2946 124 43 signal
681 2946 121 43 given,
827 2957 71 32 our
918 2949 117 40 forces
1056 2951 194 38 advanced
1277 2954 151 42 rapidly
1455 2958 171 38 towards
1653 2959 66 37 the
1745 2960 93 46 fort,
