2213 3308
858 296 105 43 The
990 296 123 44 War
1141 308 63 32 of
1232 296 144 46 1775.

1810 303 61 43 61

341 426 149 36 neither
504 428 40 35 in
558 440 141 26 reason
713 442 73 25 nor
800 433 229 44 experience;
1053 432 78 45 and
1153 444 51 33 an
1225 434 278 43 unwillingness
1516 437 45 40 to
1577 438 93 41 part
1683 446 193 35 company

340 481 94 36 with
451 488 187 40 property
648 487 44 41 of
707 497 45 31 so
767 489 180 39 valuable
955 499 25 29 a
986 489 93 39 kind
1094 489 72 39 will
1180 490 144 38 furnish
1340 500 25 28 a
1378 490 199 38 thousand
1592 495 223 39 arguments
1828 494 47 40 to

339 537 109 36 show
475 540 68 37 the
572 541 341 45 impracticability
941 555 45 31 or
1013 545 211 43 pernicious
1252 546 186 42 tendency
1466 546 43 42 of
1539 557 25 31 a
1591 548 145 40 scheme
1755 548 120 40 which

338 595 168 42 requires
524 597 92 40 such
634 608 26 29 a
674 599 176 38 sacrifice.
894 600 79 37 But
988 600 32 37 it
1034 601 138 36 should
1192 601 47 36 be
1259 601 229 44 considered,
1503 602 103 43 that,
1622 603 32 42 if
1669 614 52 31 we
1736 603 50 42 do
1801 606 75 39 not

338 650 115 35 make
473 661 67 25 use
563 652 44 34 of
624 653 106 35 them
752 654 40 34 in
812 655 79 34 this
912 665 96 34 way,
1032 656 66 43 the
1118 666 133 33 enemy
1271 657 191 43 probably
1484 658 88 44 will;
1597 659 78 43 and
1695 659 93 43 that
1807 659 70 43 the

337 704 89 36 best
440 716 86 33 way
541 710 45 39 to
603 710 229 41 counteract
845 710 67 41 the
926 711 66 40 the
1006 711 258 43 temptations
1277 712 93 42 they
1383 713 74 41 will
1470 713 92 41 hold
1577 715 71 39 out
1668 714 73 40 will
1760 714 48 40 be
1827 716 47 38 to

337 760 95 35 offer
445 762 107 35 them
570 764 205 35 ourselves.
820 765 59 34 An
894 766 179 34 essential
1086 767 93 42 part
1193 766 44 43 of
1252 768 66 41 the
1337 768 93 42 plan
1450 768 33 42 is
1496 770 45 40 to
1555 769 87 43 give
1655 769 105 43 them
1774 770 101 42 their

335 815 169 37 freedom
519 819 93 34 with
629 819 100 35 their
746 821 183 34 muskets.
974 821 91 34 This
1079 822 73 34 will
1166 832 125 24 secure
1305 823 99 34 their
1417 823 155 44 fidelity,
1590 824 171 43 animate
1773 825 102 42 their

336 881 178 35 courage,
533 874 88 43 and,
639 874 20 43 I
689 875 150 43 believe,
858 875 73 43 will
959 876 99 42 have
1086 887 26 31 a
1138 877 105 43 good
1264 878 179 42 influence
1463 889 105 34 upon
1588 880 113 43 those
1720 879 85 44 who
1820 891 55 32 re¬

335 928 118 44 main,
476 929 53 43 by
552 930 166 44 opening
742 941 26 33 a
791 931 98 43 door
910 934 46 40 to
978 932 99 42 their
1098 932 295 44 emancipation.
1437 934 91 42 This
1548 935 281 44 circumstance,
1852 935 22 44 I

335 983 146 35 confess
510 985 72 34 has
603 996 52 24 no
680 986 113 34 small
817 987 140 42 weight
977 987 39 42 in
1038 987 180 45 inducing
1237 999 60 33 me
1316 990 45 42 to
1383 989 91 43 wish
1495 990 67 42 the
1581 1001 144 31 success
1747 991 43 41 of
1805 991 69 41 the

333 1038 165 44 project;
522 1040 60 42 for
596 1031 67 51 ttie
687 1041 165 41 dictates
878 1042 43 40 of
937 1042 206 43 humanity
1165 1043 78 42 and
1262 1046 87 39 true
1368 1045 136 43 policy,
1534 1046 151 42 equally
1712 1046 161 42 interest

333 1103 60 24 me
407 1093 40 35 in
461 1094 113 35 favor
591 1095 42 34 of
650 1096 79 34 this
749 1097 254 35 unfortunate
1017 1098 99 34 class
1132 1098 42 34 of
1190 1098 123 35 men."

436 1170 99 44 The
552 1174 235 54 patriotic
808 1175 100 53 zeal
929 1174 53 54 of
995 1174 94 54 Col.
1113 1174 214 54 Laurens
1376 1176 73 52 for
1465 1176 83 52 the
1567 1178 305 56 accomplish¬

333 1239 133 41 ment
504 1239 54 42 of
594 1240 74 42 his
708 1241 165 55 design
910 1254 99 42 was
1044 1244 190 52 earnest
1261 1242 96 54 and
1383 1243 358 53 conscientious.
1795 1244 76 52 He

333 1305 152 42 wrote
500 1308 58 40 to
576 1306 74 43 his
670 1307 151 43 friend
842 1307 258 44 Hamilton
1116 1308 50 43 in
1182 1309 133 42 these
1332 1309 178 42 words:

417 1394 23 16 "
449 1393 173 36 Ternant
637 1396 73 34 will
725 1396 120 35 relate
861 1399 44 32 to
928 1407 80 32 you
1029 1397 86 42 how
1129 1407 118 33 many
1268 1397 145 43 violent
1434 1398 189 42 struggles
1637 1397 19 43 I
1670 1399 99 41 have
1788 1400 80 40 had

331 1448 169 35 between
516 1450 98 42 duty
632 1451 78 41 and
726 1451 354 41 inclination—how
1103 1452 111 40 much
1235 1462 66 32 my
1321 1452 113 42 heart
1453 1462 79 32 was
1552 1453 91 41 with
1656 1464 90 33 you,
1761 1456 108 41 while

332 1503 21 34 I
368 1505 192 43 appeared
581 1507 46 41 to
650 1506 47 42 be
717 1509 108 39 most
849 1507 165 42 actively
1036 1507 197 43 employed
1247 1507 96 43 here.
1386 1507 79 43 But
1483 1507 34 43 it
1538 1518 163 33 appears
1721 1511 45 40 to
1794 1521 70 33 me,

332 1559 95 34 that
441 1558 19 35 I
476 1560 138 34 should
630 1561 47 33 be
691 1561 240 35 inexcusable
946 1563 39 33 in
1000 1562 66 34 the
1081 1562 99 42 light
1196 1561 43 43 of
1255 1572 25 32 a
1294 1562 141 43 citizen,
1445 1562 31 43 if
1491 1561 19 44 I
1525 1561 64 44 did
1603 1566 72 39 not
1688 1565 179 40 continue

333 1624 66 31 my
415 1615 153 40 utmost
590 1615 131 40 efforts
744 1616 59 39 for
826 1617 178 42 carrying
1025 1617 66 42 the
1113 1617 91 42 plan
1227 1617 44 42 of
1285 1617 65 42 the
1371 1617 112 42 black
1503 1618 110 41 levies
1634 1619 84 40 into
1740 1629 127 30 execu¬

333 1669 99 43 tion,
451 1670 106 42 while
570 1670 106 42 there
691 1672 165 40 remains
871 1672 67 40 the
953 1672 171 40 smallest
1138 1672 99 42 hope
1253 1672 43 42 of
1312 1672 181 42 success."

437 1745 100 43 The
580 1746 249 43 condition
865 1748 54 42 of
938 1747 82 43 the
1065 1749 204 42 colonies
1298 1749 95 42 and
1436 1750 82 41 the
1560 1749 305 45 Continental

335 1824 142 42 army
496 1814 56 52 at
569 1813 116 53 that
704 1813 116 53 time
838 1827 98 39 was
965 1814 179 52 critical
1171 1814 49 52 in
1245 1815 82 51 the
1353 1817 218 49 extreme.
1625 1816 98 50 The
1740 1830 124 36 cam¬

332 1878 152 55 paign
512 1878 52 55 of
596 1878 127 55 1779
762 1880 98 53 had
897 1880 154 53 closed
1089 1881 229 54 gloomily
1352 1881 72 54 for
1458 1882 82 53 the
1575 1882 284 53 Americans.

334 1943 100 42 The
460 1943 181 43 British
668 1945 99 42 had
797 1948 91 39 not
924 1946 114 55 only
1073 1947 113 54 been
1223 1947 153 54 active
1401 1948 49 53 in
1475 1948 190 56 raiding
1688 1949 50 55 in
1763 1949 101 55 Vir¬

333 2009 134 56 ginia
494 2010 97 55 and
619 2011 285 56 destroying
930 2016 243 52 property,
1194 2014 90 54 but
1317 2014 49 54 in
1402 2015 279 56 organizing
1712 2028 148 43 negro

331 2077 190 53 troops.
578 2076 129 54 Lord
755 2077 251 54 Dunmore,
1046 2091 54 40 as
1135 2093 66 38 we
1234 2080 124 51 have
1392 2093 118 41 seen,
1549 2094 55 40 as
1639 2082 131 56 early
1804 2096 57 42 as

333 2141 279 54 November,
637 2143 144 53 1775,
803 2144 98 52 had
927 2144 156 52 issued
1113 2159 30 37 a
1168 2147 366 54 proclamation,
1555 2147 205 57 inviting
1777 2149 85 55 the

333 2221 198 42 negroes
549 2211 56 52 to
628 2209 104 55 join
760 2210 83 54 the
870 2210 155 57 Royal
1052 2212 160 55 forces,
1234 2215 55 52 to
1315 2214 148 53 which
1490 2225 32 42 a
1546 2216 140 52 great
1711 2228 149 42 many

334 2274 156 43 slaves
517 2276 279 55 responded,
810 2266 110 65 *and
951 2290 116 41 were
1086 2279 251 55 organized
1356 2279 104 55 into
1481 2280 283 55 companies.
1817 2281 42 54 A

332 2341 233 56 regiment
609 2343 98 54 had
753 2344 114 53 been
912 2344 252 55 organized
1208 2345 65 54 by
1298 2346 82 53 the
1414 2345 180 54 British
1630 2359 63 40 on
1720 2346 142 56 Long

332 2406 164 45 Island
515 2409 50 42 in
585 2409 144 53 177G,
762 2410 95 52 and
885 2423 119 39 now,
1026 2409 72 53 Sir
1116 2409 164 57 Henry
1307 2410 187 56 Clinton
1520 2411 180 55 invited
1726 2412 134 54 them

332 2473 66 56 by
414 2474 84 55 the
515 2475 244 56 following
777 2476 375 55 proclamation:

414 2553 91 42 "By
532 2553 59 42 his
620 2553 219 42 Excellency
867 2553 57 42 Sir
952 2551 132 44 Henry
1112 2553 161 43 Clinton,
1303 2553 50 43 K.
1375 2553 57 44 B.,
1463 2553 156 44 General
1647 2556 77 41 and
1752 2555 107 42 Com¬

332 2607 332 36 mander-in-Chief
680 2609 43 34 of
739 2609 52 36 all
805 2609 59 36 his
879 2607 197 46 Majesty's
1092 2608 148 45 Forces,
1257 2609 130 44 within
1407 2609 66 44 the
1494 2609 169 44 Colonies
1684 2611 106 42 lying
1804 2622 52 31 on

330 2663 68 34 the
412 2663 174 35 Atlantic
600 2663 134 43 Ocean,
745 2664 99 42 from
858 2662 113 44 Nova
985 2662 132 44 Scotia
1130 2665 44 41 to
1189 2662 106 44 West
1309 2663 166 44 Florida,
1491 2664 189 44 inclusive,
1698 2665 75 43 &c.,
1790 2666 64 42 &c.

899 2728 392 37 PROCLAMATION.

415 2795 209 35 "Whereas
644 2796 67 35 the
730 2806 133 31 enemy
883 2795 100 42 have
1004 2794 170 43 adopted
1196 2806 25 31 a
1240 2796 165 42 practice
1426 2796 44 42 of
1484 2797 185 43 enrolling
1686 2797 170 45 Negroes

329 2861 148 32 among
490 2851 100 42 their
607 2850 159 43 Troops,
783 2851 19 42 I
818 2851 50 42 do
883 2850 139 43 hereby
1042 2850 86 43 give
1147 2851 126 42 notice
1297 2851 101 42 That
1419 2852 52 41 all
1490 2852 164 43 Negroes
1674 2853 118 42 taken
1812 2853 41 42 in

328 2916 118 33 arms,
464 2915 45 34 or
523 2915 104 34 upon
644 2916 78 33 any
743 2905 172 44 military
935 2905 116 44 Duty,
1075 2905 97 44 shall
1192 2906 46 43 be
1258 2907 211 42 purchased
1489 2907 59 42 for
1563 2908 65 41 the
1636 2907 130 44 public
1777 2919 76 32 ser¬

333 2960 78 38 vice
424 2962 45 36 at
484 2971 26 27 a
524 2961 131 37 stated
669 2960 124 45 Price;
809 2960 67 45 the
889 2969 138 36 money
1040 2961 45 44 to
1101 2960 45 45 be
1159 2960 92 45 paid
1264 2963 44 42 to
1324 2961 65 44 the
1405 2961 173 44 Captors.
