2200 3300
906 305 181 43 Public
1114 305 217 45 Opinion.

1771 307 97 43 107

343 424 241 61 Wickliffe,
606 434 55 51 of
670 434 280 57 Kentucky;
970 436 261 56 Salisbury,
1253 437 58 55 of
1317 437 252 55 Delaware,
1591 439 96 53 and
1707 439 167 53 others

342 492 51 43 in
411 494 248 59 Congress.

444 561 168 47 Public
638 568 198 54 opinion
860 583 100 39 was
986 583 106 39 now
1119 570 226 54 changed,
1375 569 229 58 Congress
1630 571 98 56 had
1763 584 107 43 pro¬

341 625 185 47 hibited
551 631 85 43 the
660 636 250 41 surrender
936 636 53 42 of
1010 648 196 43 negroes
1231 638 56 53 to
1314 635 83 56 the
1423 636 161 55 rebels,
1612 636 84 55 the
1722 636 147 55 Presi¬

342 693 116 43 dent
492 695 158 46 issued
685 699 74 43 his
794 700 371 57 Emancipation
1199 701 377 56 Proclamation,
1606 702 96 55 and
1737 715 136 42 more

339 759 125 43 than
493 761 216 54 150,000
734 779 199 42 negroes
959 780 116 41 were
1099 767 209 56 fighting
1331 767 76 56 for
1431 768 83 55 the
1547 767 169 56 Union.
1771 767 101 56 The

340 824 293 57 Republican
676 834 150 52 party
868 835 98 51 met
1008 833 49 53 in
1100 833 288 53 convention
1424 835 56 51 at
1514 832 218 55 Chicago,
1771 833 98 54 and

339 892 284 44 nominated
650 894 88 45 Mr.
768 896 198 44 Lincoln
991 899 75 42 for
1090 900 84 41 the
1200 900 171 42 second
1397 901 124 41 term
1548 911 55 31 as
1621 898 250 44 President

340 958 56 43 of
413 959 85 43 the
534 959 172 44 United
742 961 186 55 States;
957 965 83 51 the
1066 976 165 40 course
1258 965 53 51 of
1330 965 74 51 his
1431 965 106 51 first
1563 964 304 52 administra¬

338 1025 109 43 tion
473 1039 100 30 was
599 1040 108 30 now
732 1030 57 41 to
817 1030 57 41 be
901 1032 246 53 approved
1176 1044 56 41 or
1256 1030 197 55 rejected
1479 1030 65 55 by
1568 1030 83 55 the
1685 1030 181 55 people.

339 1091 58 43 In
414 1092 84 43 the
514 1093 292 44 resolutions
825 1096 227 54 adopted,
1064 1097 85 53 the
1164 1096 107 54 fifth
1290 1108 90 42 one
1398 1095 54 55 of
1462 1096 131 54 them
1610 1095 180 55 related
1809 1098 61 52 to

340 1158 374 56 Emancipation
750 1161 97 53 and
882 1162 84 52 the
999 1175 147 42 negro
1174 1162 209 55 soldiers.
1437 1161 49 56 It
1511 1174 98 43 was
1635 1161 230 56 endorsed

340 1226 65 54 by
424 1238 32 42 a
480 1239 117 41 very
621 1226 134 55 large
781 1227 233 55 majority
1040 1228 55 54 of
1114 1228 82 54 the
1221 1231 177 51 voters.
1452 1226 41 56 A
1518 1227 158 55 writer
1699 1226 51 56 in
1777 1239 94 43 one

341 1292 54 42 of
413 1292 83 42 the
522 1292 287 56 magazines,
839 1293 133 55 prior
996 1295 57 53 to
1079 1293 84 55 the
1196 1292 346 56 election,,thus
1568 1292 189 56 reviews
1783 1292 88 56 the

339 1358 312 43 resolutions:

420 1469 112 35 "The
564 1470 86 34 fifth
684 1470 213 35 resolution
931 1470 178 35 commits
1129 1480 46 25 us
1194 1472 47 33 to
1267 1470 68 35 the
1363 1470 192 43 approval
1582 1470 45 43 of
1646 1471 79 42 two
1747 1479 120 34 meas¬

339 1535 85 24 ures
438 1525 94 35 that
545 1525 100 35 have
660 1525 164 35 aroused
838 1526 66 34 the
919 1528 105 32 most
1045 1525 158 35 various
1225 1525 76 35 and
1324 1527 204 33 strenuous
1549 1524 234 43 opposition,
1799 1524 68 43 the

340 1579 290 36 Proclamation
653 1581 43 34 of
712 1580 298 43 Emancipation
1032 1580 78 43 and
1130 1580 67 43 the
1217 1590 66 33 use
1304 1580 44 43 of
1362 1589 117 34 negro
1501 1582 150 41 troops.
1693 1578 46 45 In
1759 1579 107 44 refer¬

339 1645 86 25 ence
452 1638 44 32 to
524 1636 67 34 the
612 1636 96 42 first,
730 1635 34 43 it
784 1636 32 42 is
837 1638 45 40 to
904 1636 46 42 be
964 1635 251 43 remembered
1229 1635 93 43 that
1335 1635 34 43 it
1381 1635 32 43 is
1429 1645 26 33 a
1467 1645 80 33 war
1561 1644 182 34 measure.
1786 1633 82 45 The

339 1701 172 33 expresss
538 1692 193 42 language
752 1691 44 43 of
824 1691 34 43 it
878 1690 50 44 is:
974 1690 76 44 'By
1078 1690 126 44 virtue
1232 1690 43 44 of
1296 1690 66 44 the
1381 1700 126 34 power
1526 1690 40 44 in
1587 1699 59 35 me
1666 1688 132 46 vested
1820 1699 45 35 as

339 1746 410 35 commander-in-chief
766 1746 43 35 of
824 1746 67 35 the
913 1756 111 31 army
1046 1746 77 41 and
1143 1756 106 31 navy
1271 1745 43 42 of
1328 1745 67 42 the
1414 1743 139 44 United
1574 1743 131 44 States
1719 1744 39 43 in
1771 1744 98 43 time

339 1803 46 34 of
398 1802 132 35 actual
551 1799 132 38 armed
703 1802 179 35 rebellion
904 1801 160 42 against
1077 1801 67 42 the
1157 1800 205 43 authority
1375 1797 78 46 and
1469 1799 257 44 Government
1739 1799 45 44 of
1798 1799 70 44 the

337 1857 140 36 United
498 1858 142 43 States,
665 1858 77 43 and
764 1868 45 33 as
832 1868 25 33 a
877 1857 47 44 fit
945 1856 81 45 and
1044 1866 201 35 necessary
1266 1866 79 35 war
1362 1865 172 36 measure
1547 1855 62 46 for
1618 1854 249 47 suppressing

337 1914 89 34 said
436 1913 204 36 rebellion.'
684 1913 224 36 Considered
923 1912 102 42 thus,
1042 1912 66 42 the
1124 1911 288 43 Proclamation
1427 1911 33 43 is
1474 1912 73 42 not
1560 1910 138 44 merely
1714 1909 152 45 defensi¬

337 1969 70 42 ble,
424 1970 73 41 but
510 1969 33 42 it
555 1969 33 42 is
609 1979 123 33 more;
754 1969 34 43 it
810 1969 33 43 is
865 1979 25 33 a
911 1978 138 34 proper
1071 1966 77 46 and
1169 1967 159 45 efficient
1349 1976 131 36 means
1502 1964 43 48 of
1560 1964 219 48 weakening
1797 1964 69 48 the

337 2025 178 34 rebellion
557 2025 117 34 which
716 2035 113 32 every
870 2034 137 33 person
1051 2022 165 45 desiring
1248 2022 52 45 its
1336 2021 137 46 speedy
1508 2020 217 47 overthrow
1758 2021 106 46 must

337 2081 191 42 zealously
544 2081 76 42 and
635 2081 166 42 perforce
816 2079 156 44 uphold.
1016 2078 179 45 Whether
1215 2077 34 46 it
1268 2078 33 45 is
1323 2076 43 47 of
1382 2085 78 38 any
1479 2075 99 48 legal
1592 2076 106 47 effect
1710 2074 153 49 beyond

336 2134 67 36 the
417 2136 131 35 actual
561 2134 120 37 limits
690 2136 44 35 of
743 2146 73 25 our
829 2135 172 42 military
1013 2134 105 43 lines,
1133 2134 34 43 is
1182 2143 26 34 a
1222 2131 175 46 question
1413 2131 92 46 that
1518 2130 93 47 need
1625 2132 73 45 not
1712 2129 153 48 agitate

336 2201 57 25 us.
436 2191 45 35 In
504 2192 71 34 due
595 2192 93 34 time
708 2192 67 34 the
796 2200 173 34 supreme
988 2188 172 46 tribunal
1182 2187 43 47 of
1247 2187 66 47 the
1339 2186 139 48 nation
1505 2185 73 49 will
1605 2185 47 49 be
1678 2184 118 50 called
1816 2186 48 48 to

337 2246 204 35 determine
554 2247 105 42 that,
676 2247 79 42 And
768 2249 45 40 to
828 2246 53 43 its
897 2245 163 44 decision
1080 2244 66 45 the
1166 2245 165 44 country
1345 2241 73 48 will
1431 2240 99 49 yield
1544 2239 91 50 with
1651 2239 53 50 all
1717 2240 147 49 respect

338 2302 77 34 and
429 2303 164 41 loyalty.
636 2302 79 42 But
741 2302 40 42 in
801 2302 67 42 the
888 2310 111 34 mean
1019 2299 93 45 time
1132 2298 54 46 let
1205 2296 67 48 the
1292 2294 291 50 Proclamation
1603 2304 51 40 go
1677 2293 190 51 wherever

336 2357 67 35 the
424 2368 111 32 army
555 2367 103 33 goes,
681 2357 54 43 let
755 2357 33 43 it
808 2366 51 34 go
881 2355 185 45 wherever
1085 2352 67 48 the
1172 2361 106 39 navy
1299 2360 144 40 secures
1471 2359 26 41 a
1518 2348 179 52 foothold
1719 2358 51 42 on
1797 2347 70 53 the

337 2415 112 32 outer
467 2413 141 34 border
629 2412 43 35 of
687 2412 67 35 the
773 2410 100 37 rebel
893 2409 195 40 territory,
1112 2406 78 43 and
1210 2406 54 43 let
1282 2405 34 44 it
1338 2414 178 35 summon
1538 2405 47 44 to
1608 2413 71 36 our
1706 2401 64 48 aid
1796 2402 70 47 the

335 2479 159 32 negroes
521 2468 85 43 who
636 2477 65 34 are
727 2469 107 42 truer
853 2467 45 44 to
920 2464 65 47 the
1004 2462 127 49 Union
1151 2460 99 51 than
1271 2459 100 52 their
1394 2458 165 53 disloyal
1579 2459 181 52 masters;
1784 2456 79 55 and

336 2524 105 34 when
455 2524 92 41 they
561 2523 100 42 have
674 2530 106 35 come
794 2523 44 42 to
853 2529 46 36 us
915 2517 77 48 and
1005 2518 74 47 put
1091 2515 100 50 their
1210 2514 92 51 lives
1324 2513 39 52 in
1380 2523 70 42 our
1465 2512 170 53 keeping,
1651 2511 53 54 let
1717 2520 45 45 us
1776 2520 89 45 pro¬

335 2581 80 33 tect
429 2578 78 36 and
522 2577 131 37 defend
667 2577 106 37 them
793 2574 92 40 with
899 2573 67 41 the
985 2570 120 44 whole
1124 2579 126 35 power
1266 2568 42 46 of
1324 2568 66 46 the
1406 2567 148 47 nation.
1598 2565 39 49 Is
1651 2565 105 49 there
1771 2574 92 40 any¬

335 2634 113 42 thing
461 2630 353 46 unconstitutional
827 2629 40 47 in
880 2626 119 50 that?
1041 2623 138 53 Thank
1201 2623 94 53 God,
1319 2623 105 53 there
1445 2622 32 54 is
1492 2624 83 52 not.
1617 2620 86 56 And
1716 2619 46 57 he
1776 2619 88 57 who

334 2689 34 34 is
388 2689 140 41 willing
547 2690 46 40 to
614 2687 87 43 give
721 2684 100 46 back
848 2686 44 44 to
922 2681 151 49 slavery
1095 2689 25 41 a
1140 2678 118 52 single
1279 2687 138 43 person
1438 2677 83 53 who
1551 2676 72 54 has
1650 2674 119 56 heard
1795 2673 69 57 the

335 2753 199 26 summons
563 2741 78 38 and
668 2750 107 29 come
801 2737 133 42 within
962 2745 72 34 our
1059 2734 93 45 lines
1179 2735 45 44 to
1253 2731 136 48 obtain
1417 2731 60 48 his
1503 2730 176 49 freedom,
1702 2729 47 50 he
1774 2728 89 51 who

335 2799 126 34 would
475 2798 87 42 give
576 2806 51 34 up
643 2805 26 35 a
683 2794 119 46 single
815 2802 103 38 man,
935 2798 162 42 woman,
1121 2797 45 43 or
1179 2786 109 54 child,
1305 2795 92 45 once
1410 2785 92 55 thus
1518 2784 168 56 actually
1702 2782 109 58 freed,
1827 2781 35 59 is

335 2857 74 32 not
423 2853 152 41 worthy
587 2851 68 43 the
669 2858 112 36 name
795 2847 46 47 of
854 2844 210 50 American.
1106 2840 60 54 He
1186 2850 92 44 may
1296 2839 74 55 call
1389 2838 153 56 himself
1555 2837 255 57 Confederate,
1832 2835 34 59 if

335 2909 48 35 he
397 2908 83 36 will.

418 2961 98 35 "Let
530 2960 34 36 it
576 2959 47 37 be
636 2952 265 44 remembered,
924 2951 83 45 also
1028 2949 92 47 that
1140 2947 66 49 the
1225 2946 289 50 Proclamation
1534 2946 72 50 has
1626 2944 80 52 had
1727 2954 25 42 a
1765 2953 95 43 very
