2220 3314
763 269 363 47 Benevolence
1153 286 98 31 and
1277 277 300 47 Frugality.
1772 284 94 43 513

357 394 141 36 should
525 396 47 35 be
598 397 102 38 built
728 402 221 43 essentially
968 404 52 42 by
1041 405 194 44 freedmen,
1262 408 76 41 and
1367 410 137 39 should
1531 412 46 37 be
1598 414 271 44 emphatically

357 440 191 35 national.
592 441 126 45 Every
734 445 125 41 dollar
873 448 138 38 should
1025 459 106 27 come
1144 450 98 36 from
1257 452 66 34 the
1337 452 136 35 former
1487 456 134 42 slaves,
1631 467 110 32 every
1756 458 112 41 State

358 484 140 34 should
512 485 145 35 furnish
673 497 26 23 a
713 491 123 39 stone,
848 491 78 39 and
940 492 67 38 the
1021 496 224 34 monument
1260 495 137 35 should
1411 497 47 33 be
1471 501 144 32 erected
1631 503 44 32 at
1689 502 65 34 the
1767 504 98 41 capi¬

355 528 62 34 tal
431 528 44 34 of
491 529 66 33 the
572 530 151 35 nation-
767 532 173 44 Nothing
953 536 112 40 could
1087 537 45 39 be
1147 538 125 38 better
1286 540 211 36 calculated
1518 544 44 32 to
1578 544 196 35 stimulate
1787 547 79 33 this

356 572 281 35 downtrodden
665 575 80 34 and
772 576 145 35 abused
944 588 85 25 race
1056 583 45 30 to
1131 582 166 33 renewed
1331 583 131 34 efforts
1491 585 58 34 for
1578 596 24 24 a
1629 589 124 33 moral
1788 590 77 34 and

353 616 183 35 national
550 620 144 32 status.

438 661 225 35 "Charlotte
684 661 122 44 Scott,
830 664 127 41 whose
977 666 251 45 photograph
1260 668 155 43 General
1444 670 124 41 Smith
1589 674 72 37 will
1687 675 174 43 forward,

353 715 80 25 was
460 706 102 34 born
583 716 25 25 a
629 707 107 35 slave
763 708 39 34 in
824 707 190 44 Campbell
1044 710 161 44 Couhty,
1231 712 180 43 Virginia.
1456 716 72 39 She
1554 716 33 39 is
1608 718 125 37 about
1758 720 105 41 sixty

353 759 113 32 years
490 750 74 42 old,
590 751 71 41 but
688 752 33 40 is
741 762 93 31 very
856 752 85 41 hale
964 753 77 40 and
1070 756 133 37 active.
1251 756 77 37 Her
1349 759 223 41 reputation
1594 761 58 39 for
1672 762 189 43 industry,

353 793 244 44 intelligence,
622 795 78 42 and
721 797 126 40 moral
867 797 196 42 integrity,
1088 799 72 40 has
1183 801 149 41 always-
1349 802 91 40 been
1462 805 242 41 appreciated
1724 806 52 42 by
1796 807 67 41 her

352 837 141 35 friends
508 839 78 34 and
602 840 308 43 acquaintances,
928 841 98 42 both
1036 843 111 40 white
1163 845 78 38 and
1255 846 162 37 colored.
1462 848 72 35 She
1547 859 78 24 was
1638 850 122 42 given,
1772 851 89 41 with

354 882 112 34 other
488 884 136 41 slaves,
647 886 45 39 to
714 895 65 31 my
802 885 87 42 wife,
914 886 51 41 by
988 887 66 40 her
1081 887 135 43 father,
1243 889 170 41 Thomas
1435 891 48 39 H.
1507 891 122 39 Scott.
1672 893 116 37 When
1810 905 51 25 we

352 926 167 35 received
539 928 67 33 the
620 938 99 24 news
734 928 43 34 of
793 929 69 35 Mr.
886 930 192 36 Lincoln's
1094 933 292 44 assassination,
1410 936 66 41 the
1490 938 181 43 morning
1691 939 98 42 after
1809 940 52 41 its

353 980 230 34 occurrence,
614 973 66 41 she
706 983 79 31 was
815 975 130 42 deeply
974 976 213 41 distressed.
1232 978 45 39 In
1306 989 25 28 a
1351 982 272 35 conversation
1655 984 88 33 with
1772 984 88 34 Mrs.

353 1014 156 44 Rucker,
533 1018 66 40 she
620 1016 102 42 said:
768 1019 8 39 '
791 1018 75 40 The
887 1019 154 39 colored
1064 1023 135 42 people
1218 1024 100 41 have
1339 1024 79 41 lost
1448 1026 100 39 their
1567 1028 86 37 best
1672 1028 120 37 Mend
1812 1038 49 27 on

353 1060 123 33 earth.
519 1059 70 36 Mr.
612 1061 158 36 Lincoln
789 1073 77 26 was
883 1075 72 24 our
976 1066 82 34 best
1080 1067 128 38 friend,
1226 1069 79 36 and
1324 1068 23 37 I
1367 1070 72 35 will
1455 1071 87 41 give
1562 1072 74 40 five
1659 1071 143 41 dollars
1824 1073 46 39 of

352 1113 68 31 my
429 1113 124 33 wages
568 1106 171 40 towards
753 1108 169 44 erecting
934 1120 24 32 a
973 1115 226 37 monument
1216 1116 42 36 to
1272 1113 61 39 his
1346 1115 196 43 memory.'
1586 1114 73 44 She
1673 1117 116 41 asked
1803 1128 59 30 me

352 1141 84 40 who
452 1149 126 33 would
598 1149 48 34 be
664 1151 68 33 the
751 1151 87 35 best
858 1162 139 33 person
1018 1156 45 39 to
1078 1156 99 39 raise
1191 1167 137 31 money
1350 1158 59 40 for
1429 1159 66 39 the
1516 1170 175 33 purpose.
1734 1161 19 42 I
1773 1171 87 33 sug¬

350 1192 135 43 gested
499 1192 69 43 Mr.
585 1192 176 45 Battelle,
780 1196 78 41 and
874 1197 65 40 she
953 1208 99 32 gave
1067 1198 78 42 him
1159 1199 67 41 the
1239 1201 72 39 five
1327 1201 153 39 dollars.

735 1239 49 34 "I
798 1250 76 33 am,
891 1251 65 32 my
972 1242 90 41 dear
1077 1243 63 42 sir,
1157 1243 106 42 truly
1278 1245 77 40 and
1369 1247 247 42 respectfully,

1240 1288 254 35 "WILLIAM
1515 1291 43 33 P.
1581 1291 234 36 RUCKER."

1067 1353 252 45 "Marietta,
1338 1354 107 44 Ohio,
1462 1356 98 42 June
1575 1359 108 41 29th,
1701 1359 114 41 1865.

353 1391 22 16 "
385 1390 69 35 Mr.
470 1391 37 36 J.
523 1391 44 36 E.
590 1392 203 36 Yeatman.

433 1436 20 16 "
463 1435 113 36 Dear
598 1437 65 34 Sir
674 1449 8 22 :
724 1438 19 33 I
766 1449 78 24 was
864 1440 299 44 providentially
1184 1443 117 41 called
1323 1454 104 33 upon
1447 1445 53 42 by
1515 1445 196 42 Charlotte
1732 1447 121 43 Scott,

350 1479 178 43 formerly
543 1491 26 31 a
583 1482 106 40 slave
705 1482 43 40 of
764 1483 62 39 Dr.
845 1482 55 40 W.
918 1484 42 38 P.
977 1484 154 43 Rucker,
1149 1496 86 31 now
1248 1487 119 43 living
1380 1489 38 41 in
1433 1489 78 41 this
1525 1490 116 42 place,
1658 1491 44 41 to
1717 1492 139 40 receive

350 1523 66 34 the
429 1525 172 34 enclosed
617 1524 61 43 $5,
690 1536 44 31 as
749 1527 66 40 the
829 1532 319 35 commencement
1163 1531 42 36 of
1214 1541 26 26 a
1254 1531 92 36 fund
1360 1535 44 32 to
1419 1533 46 34 be
1480 1534 150 42 applied
1644 1536 45 40 to
1704 1536 151 42 rearing

351 1577 26 25 a
390 1572 226 31 monument
629 1572 44 32 to
689 1571 66 33 the
770 1581 171 32 memory
956 1572 44 41 of
1015 1572 101 41 Hon.
1134 1574 196 39 Abraham
1345 1575 167 38 Lincoln.

433 1613 20 15 "
463 1612 19 33 I
502 1614 165 33 received
689 1615 66 33 her
776 1615 168 43 offering,
962 1616 78 42 and
1060 1628 100 31 gave
1173 1619 125 40 notice
1318 1619 168 43 through
1510 1621 66 41 the
1596 1632 105 32 press
1721 1622 93 42 that
1834 1622 19 42 I

348 1656 127 34 would
496 1657 139 34 receive
656 1659 112 34 other
789 1659 221 42 donations,
1028 1661 78 40 and
1126 1662 197 42 cheerfully
1339 1662 50 42 do
1406 1665 103 39 what
1530 1665 18 39 I
1569 1665 112 39 could
1702 1668 44 36 to
1769 1676 85 33 pro¬

349 1702 106 31 mote
470 1710 43 24 so
530 1702 111 33 noble
658 1712 51 25 an
725 1703 135 41 object.
905 1704 117 40 Other
1043 1715 157 32 persons
1215 1706 97 41 have
1327 1707 170 43 signified
1518 1709 97 41 their
1630 1710 222 43 willingness

348 1745 45 32 to
408 1744 87 42 give
509 1745 105 41 when
628 1746 67 40 the
711 1757 170 29 measure
894 1748 33 38 is
941 1748 92 43 fully
1047 1749 268 43 inaugurated.

422 1791 91 41 "By
534 1791 67 41 the
622 1791 133 41 advice
776 1792 44 40 of
838 1790 156 42 General
1016 1791 42 41 T.
1076 1792 35 40 C.
1130 1793 48 39 H.
1203 1793 123 39 Smith
1348 1794 20 38 I
1388 1794 178 38 herewith
1586 1796 165 36 forward
1771 1808 81 31 you

340 1835 67 34 her
428 1835 279 41 contribution,
725 1835 79 41 and
825 1834 19 42 1
866 1835 99 43 hope
979 1838 44 40 to
1045 1836 87 42 here
1152 1837 98 41 from
1264 1847 78 32 you
1358 1848 104 32 upon
1482 1839 53 41 its
1549 1841 148 43 receipt,
1720 1842 94 42 that
1833 1843 20 41 I

340 1889 92 31 may
448 1879 105 41 show
561 1881 44 39 to
621 1878 202 42 Charlotte
841 1880 75 40 and
934 1880 129 40 others
1079 1880 91 40 that
1185 1881 64 39 the
1264 1891 137 32 money
1416 1883 71 40 has
1502 1893 99 33 gone
1615 1884 38 42 in
1668 1885 65 41 the
1747 1886 105 42 right

340 1924 197 34 direction.
581 1923 107 35 After
703 1924 161 43 hearing
878 1924 94 43 from
989 1934 80 33 you
1083 1924 19 43 I
1117 1924 98 44 hope
1228 1928 45 40 to
1289 1926 45 42 be
1349 1926 85 42 able
1448 1929 44 39 to
1508 1928 72 40 stir
1594 1938 51 33 up
1661 1929 66 42 the
1741 1931 111 40 other

340 1968 153 35 colored
506 1967 101 36 folks
624 1977 51 26 on
689 1968 80 35 this
786 1967 154 43 subject.

422 2013 20 15 "
453 2012 19 33 I
486 2012 142 41 rejoice,
649 2012 92 41 dear
756 2012 62 41 sir,
836 2011 93 42 that
942 2011 19 42 I
975 2012 99 41 have
1089 2022 105 31 some
1208 2014 223 39 connection
1440 2012 92 41 with
1547 2016 78 37 this
1640 2017 210 36 honorable

340 2058 219 32 movement
572 2056 40 34 in
626 2055 52 35 its
693 2055 219 42 incipiency.
956 2055 18 42 I
989 2056 97 41 shall
1108 2058 73 39 not
1201 2056 65 41 fail
1288 2060 45 37 to
1349 2058 123 39 watch
1494 2058 53 39 its
1567 2070 177 34 progress
1759 2063 90 41 with

339 2100 173 42 thrilling
525 2100 170 42 interest,
714 2099 80 43 and
815 2100 100 42 hope
928 2101 44 41 to
987 2099 74 43 live
1075 2100 98 42 until
1187 2101 68 41 the
1268 2103 71 40 top
1355 2105 112 38 stone
1481 2103 97 40 shall
1593 2104 46 39 be
1652 2103 78 40 laid
1745 2105 104 38 amid

339 2144 66 34 the
414 2144 172 43 jubilant
593 2143 181 44 rejoicing
783 2143 43 44 of
828 2143 264 44 emancipated
1101 2144 163 43 millions
1273 2144 133 43 crying
1416 2145 139 43 'Grace,
1565 2157 113 32 grace
1686 2151 95 38 unto
1789 2149 57 40 it.'

1081 2187 129 43 "Very
1226 2190 240 41 respectfully
1480 2200 128 33 yours,

1347 2233 69 34 "C.
1440 2234 43 33 D.
1507 2234 299 36 BATTELLE."

421 2298 23 18 "
453 2299 79 34 The
551 2298 240 44 publication
814 2297 44 45 of
873 2297 66 45 the
960 2299 94 43 note
1075 2298 44 44 of
1135 2298 69 44 Mr.
1221 2298 202 44 Yeatman,
1448 2300 77 42 and
1552 2301 67 41 the
1638 2302 86 40 first
1750 2312 99 30 com¬

339 2354 237 35 munication
597 2353 168 36 received
786 2353 223 42 concerning
1024 2352 67 43 the
1104 2353 152 42 colored
1272 2354 183 41 woman's
1470 2356 192 41 proposed
1678 2356 167 44 offering,

338 2409 173 43 brought
525 2409 66 43 the
604 2408 194 44 following
812 2408 131 44 letters
959 2407 78 45 and
1051 2408 298 44 contributions,
1367 2409 171 43 showing
1552 2409 85 43 how
1650 2419 198 33 generous¬

337 2463 40 44 ly
397 2464 67 43 the
483 2463 247 44 proposition
752 2463 44 44 of
812 2462 198 45 Charlotte
1033 2462 111 45 Scott
1167 2472 78 35 was
1266 2462 212 45 responded
1492 2464 45 43 to
1552 2463 51 44 by
1617 2464 67 43 the
1697 2464 150 43 colored

337 2521 138 41 troops
491 2518 198 44 stationed
706 2520 45 42 at
765 2517 175 45 Natchez,
958 2517 103 45 Miss.
1104 2517 118 45 These
1243 2517 282 45 contributions
1540 2517 98 45 have
1652 2519 89 43 been
1758 2520 88 42 duly

337 2573 198 44 deposited
549 2574 60 43 for
624 2573 79 44 safe
716 2572 161 45 keeping
890 2572 173 45 towards
1083 2571 66 46 the
1170 2571 236 46 Freedmen's
1427 2571 183 46 National
1624 2571 223 46 Monument

335 2631 45 33 to
396 2628 70 36 Mr.
482 2628 172 36 Lincoln.

584 2693 338 40 Head-quarters
946 2692 76 41 6th
1042 2691 44 42 TL
1110 2690 35 43 S.
1170 2689 181 44 Colored
1373 2691 145 42 Heavy
1539 2690 266 56 Artillery,^

731 2738 144 33 "Fort
897 2735 255 40 McPherson,
1169 2734 175 43 Natchez,
1366 2735 92 42 May
1480 2735 107 42 19th,
1605 2735 114 42 1865.
1780 2732 25 48 /

335 2793 168 38 "James
515 2792 44 39 E.
574 2792 202 41 Yeatman,
785 2790 202 43 President
1007 2788 163 45 Western
1185 2788 188 45 Sanitary
1379 2788 259 45 Commission,
1648 2787 56 46 St.
1713 2789 132 44 Louis:

417 2849 145 34 "Dear
584 2847 83 36 Sir:
711 2846 19 37 I
752 2845 138 40 hereby
912 2843 185 42 transmit
1118 2845 44 40 to
1184 2853 89 32 you,
1290 2845 44 40 to
1356 2843 47 42 be
1424 2844 276 42 appropriated
1720 2846 44 40 to
1778 2845 66 41 the

333 2896 228 32 monument
575 2894 45 34 to
636 2892 46 36 be
696 2889 146 39 erected
856 2890 45 38 to
916 2887 67 41 the
1004 2887 79 41 late
1104 2885 198 43 President
1323 2885 168 43 Lincoln,
1508 2887 66 41 the
1594 2897 84 31 sum
1700 2888 43 40 of
1759 2888 84 40 four

332 2937 203 36 thousand
549 2938 79 35 two
644 2932 172 41 hundred
832 2931 77 42 and
924 2931 197 42 forty-two
1137 2929 154 44 dollars,
1307 2929 67 44 the
1395 2930 73 43 gift
1487 2928 99 45 from
1606 2931 67 42 the
1686 2931 156 42 soldiers

576 3000 52 34 26
