2209 3306
338 314 65 44 72

618 316 221 44 History
865 329 65 31 of
956 327 97 33 the
1079 314 166 46 Black
1270 310 252 50 Phalanx.

909 926 290 47 CHAPTER
1223 925 64 48 II.

872 1050 104 35 THE
999 1048 112 37 WAR
1132 1047 65 38 OF
1219 1045 117 40 1812.

443 1163 149 44 While
615 1164 134 43 there
773 1161 41 46 is
839 1174 68 33 no
930 1159 240 48 intention
1197 1158 53 49 of
1269 1158 216 56 entering
1499 1158 106 56 into
1625 1171 63 43 an
1705 1172 157 42 exam¬

343 1229 190 43 ination
553 1230 53 42 of
616 1230 83 42 the
717 1238 163 34 causes
899 1226 54 46 of
963 1226 83 46 the
1063 1238 99 34 war
1188 1225 205 47 between
1410 1225 82 47 the
1508 1223 171 49 United
1698 1224 160 48 States

345 1296 97 41 and
463 1294 145 44 Great
625 1294 191 44 Britain
833 1288 48 50 in
901 1292 142 52 1812,
1071 1293 82 52 yet
1180 1291 48 54 in
1254 1291 138 54 order
1418 1293 55 52 to
1500 1303 139 44 carry
1665 1295 88 52 out
1778 1293 81 54 the

343 1361 166 54 design
536 1359 54 56 of
608 1360 83 55 the
719 1359 180 56 author
923 1359 57 56 to
1007 1358 130 57 show
1161 1358 116 57 that
1310 1358 49 57 in
1384 1357 98 58 this
1508 1358 253 57 war,—like
1795 1360 63 55 all

345 1427 164 41 others
542 1426 50 42 in
628 1425 146 43 which
807 1425 83 43 the
924 1427 311 52 government
1271 1424 53 55 of
1359 1424 83 55 the
1483 1424 171 55 United
1696 1425 161 54 States

344 1492 91 42 has
462 1492 115 42 been
594 1491 363 56 engaged,—the
982 1504 161 43 negro,
1174 1504 53 43 as
1256 1504 31 43 a
1313 1492 183 55 soldier,
1516 1494 123 53 took
1664 1496 125 53 part,
1818 1494 39 55 it

344 1558 41 42 is
412 1558 188 42 deemed
627 1571 247 42 necessary
898 1560 56 53 to
982 1558 89 55 cite
1100 1560 54 53 at
1180 1558 122 55 least
1329 1572 88 41 one
1445 1559 52 54 of
1516 1561 82 52 the
1615 1559 239 55 incidents,

345 1625 206 54 perhaps
581 1625 79 54 the
684 1624 219 55 incident,
927 1625 145 54 which
1106 1628 130 51 most
1254 1626 114 53 fired
1384 1627 83 52 the
1484 1628 220 51 national
1720 1629 138 50 heart

344 1691 57 42 of
421 1690 227 54 America,
670 1692 96 52 and
784 1692 229 52 hastened
1032 1693 82 51 the
1132 1693 255 55 beginning
1405 1694 53 54 of
1476 1694 265 54 hostilities.

446 1756 98 43 The
577 1770 100 29 war
711 1758 204 42 between
951 1758 219 56 England
1207 1759 95 55 and
1338 1759 180 55 France
1543 1773 122 42 gave
1689 1763 55 52 to
1777 1761 81 54 the

345 1823 248 43 American
619 1824 246 42 merchant
891 1825 181 42 marine
1097 1826 196 42 interest
1321 1839 63 29 an
1410 1824 204 57 impetus
1648 1827 113 54 that
1794 1827 68 54 in¬

345 1890 189 41 creased
561 1890 82 42 the
669 1891 197 41 number
892 1890 54 42 of
965 1892 171 41 vessels
1162 1892 246 42 three-fold
1442 1892 49 42 in
1527 1906 31 29 a
1591 1893 81 43 few
1697 1906 157 43 years;

345 1955 41 41 it
405 1955 104 41 also
528 1967 122 42 gave
668 1956 254 53 command
950 1956 52 53 of
1030 1957 82 52 the
1130 1957 221 55 carrying
1376 1959 139 53 trade
1543 1959 53 53 of
1623 1959 81 53 the
1730 1958 127 54 West

345 2020 169 52 Indies,
535 2020 122 52 from
675 2021 147 51 which
841 2021 285 55 Napoleon's
1152 2022 196 55 frigates
1375 2024 227 53 debarred
1630 2026 83 51 the
1739 2025 120 55 Eng¬

344 2085 91 42 lish
469 2085 366 43 merchantmen.
888 2086 57 42 In
971 2100 311 42 consequence
1308 2088 220 55 England
1555 2091 181 57 sought
1763 2091 94 57 and

343 2150 115 42 used
501 2163 139 41 every
676 2151 317 55 opportunity
1026 2154 57 52 to
1119 2153 171 54 cripple
1322 2152 247 55 American
1604 2169 254 38 commerce

342 2216 99 41 and
461 2215 233 55 shipping.
750 2215 96 55 One
863 2217 113 53 plan
995 2230 96 40 was
1109 2220 55 50 to
1184 2218 187 54 deprive
1388 2218 248 54 American
1662 2223 130 55 ships
1811 2222 53 56 of

340 2282 86 41 the
460 2280 172 43 service
659 2280 53 43 of
731 2280 195 55 English
953 2295 200 40 seamen.
1207 2282 97 53 Her
1329 2296 99 39 war
1453 2287 172 48 vessels
1661 2288 196 47 claimed

344 2346 96 41 and
467 2345 229 42 exercised
721 2345 84 42 the
838 2346 130 54 right
1004 2347 53 53 of
1076 2348 245 54 searching
1345 2348 74 54 for
1444 2349 198 56 English
1668 2366 189 39 seamen

344 2425 64 28 on
442 2409 154 44 board
622 2408 246 45 American
893 2411 184 42 vessels.
1131 2411 180 56 During
1335 2413 82 54 the
1450 2424 117 44 year
1601 2416 144 56 1807,
1773 2420 84 52 the

343 2476 196 54 English
572 2473 214 57 Admiral
820 2475 232 55 Berkeley,
1097 2476 48 54 in
1188 2478 251 52 command
1485 2479 54 51 of
1573 2482 83 48 the
1699 2483 156 47 North

341 2540 247 42 American
614 2539 208 52 Station,
850 2540 155 51 issued
1030 2541 310 50 instructions
1366 2544 56 47 to
1450 2550 329 43 commanders
1807 2552 54 42 of

341 2605 172 43 vessels
547 2604 49 44 in
629 2604 73 44 his
736 2605 106 43 fleet
866 2607 56 41 to
949 2605 114 43 look
1089 2608 88 40 out
1202 2606 74 42 for
1299 2607 83 41 the
1407 2607 247 48 American
1679 2614 176 57 frigate

342 2670 306 53 Chesapeake,
673 2669 94 54 and
793 2669 38 54 if
849 2670 114 54 they
989 2670 73 54 fell
1086 2670 49 54 in
1159 2670 115 54 with
1299 2671 81 53 her
1408 2675 55 49 at
1490 2687 94 43 sea,
1612 2679 57 51 to
1696 2680 157 50 board

340 2737 83 41 her
441 2734 96 44 and
555 2734 162 44 search
734 2734 74 44 for
825 2735 241 52 deserters,
1088 2748 54 39 as
1169 2736 63 51 all
1259 2735 195 56 English
1480 2753 189 38 seamen
1694 2745 50 46 in
1770 2749 83 42 the

339 2800 247 42 American
619 2799 171 43 service
823 2811 115 31 were
971 2800 226 54 regarded
1231 2800 64 55 by
1323 2801 233 57 England.
1610 2807 133 51 With
1768 2814 84 44 the

339 2864 324 52 instructions,
691 2876 115 40 were
830 2865 82 51 the
938 2864 308 55 descriptions
1281 2866 55 53 of
1354 2867 107 52 four
1495 2872 186 56 sailors,
1718 2878 135 50 three

338 2942 196 42 negroes
554 2929 94 55 and
668 2941 88 43 one
772 2929 139 55 white
928 2942 127 42 man,
1075 2930 104 54 who
1197 2943 115 41 were
1328 2932 211 59 missing.
