2200 3300
842 299 108 43 The
977 298 124 44 War
1128 311 64 31 of
1219 299 146 43 1775.

1801 294 64 43 51

329 432 331 44 manumitted
686 433 67 55 by
779 433 199 55 especial
1014 435 81 53 act
1130 433 54 55 of
1202 433 85 55 the
1311 432 217 56 Virginia
1553 432 311 56 Legislature,

333 499 162 43 whose
521 499 249 43 attention
795 512 99 30 was
921 499 148 43 called
1095 502 57 40 to
1178 500 84 42 the
1286 499 282 43 worthiness
1596 499 54 43 of
1667 500 84 42 the
1776 513 91 29 ser¬

333 565 103 44 vice
453 566 224 43 rendered
695 567 67 55 by
779 565 287 57 Armistead.

437 633 100 43 The
564 633 281 56 opposition
870 635 57 54 to
953 633 84 56 the
1063 642 323 47 employment
1413 633 54 56 of
1486 646 198 43 negroes
1703 646 55 43 as
1777 633 91 56 sol¬

336 699 140 55 diers,
496 700 68 55 by
579 700 84 55 the
680 700 292 56 persistency
990 700 53 56 of
1063 700 66 56 i£s
1156 700 263 56 advocates
1447 700 96 56 and
1561 699 83 57 the
1661 696 208 60 bravery

337 766 56 43 of
411 767 145 43 those
580 767 107 43 who
713 780 117 30 were
854 767 117 43 then
997 767 191 55 serving
1221 766 49 56 in
1304 765 141 57 white
1470 766 269 56 regiments,
1768 779 99 43 was

335 833 169 55 finally
523 847 263 41 overcome,
806 847 55 41 so
879 834 117 54 that
1012 833 125 55 their
1162 833 274 55 enlistment
1462 833 190 55 became
1677 833 190 55 general

337 900 99 42 and
463 900 250 56 regulated
740 900 66 56 by
830 900 106 56 law.
990 899 294 57 Companies,
1313 899 272 57 battalions
1621 899 96 57 and
1751 899 117 57 regi¬

335 968 161 42 ments
532 967 55 43 of
623 980 148 43 negro
806 969 174 54 troops
1016 979 123 44 soon
1173 966 189 57 entered
1396 966 84 57 the
1512 965 107 58 field
1655 966 96 57 and
1784 966 84 57 the

334 1033 223 57 struggle
572 1033 76 57 for
666 1033 341 57 independence
1034 1033 97 57 and
1156 1033 187 57 liberty,
1364 1032 166 58 giving
1553 1034 56 56 to
1627 1032 84 58 the
1728 1044 140 46 cause

335 1100 87 42 the
439 1100 175 55 reality
634 1099 53 56 of
707 1099 274 56 freedmen's
1000 1100 138 55 fight.
1191 1099 98 56 For
1314 1099 133 56 three
1471 1111 140 44 years
1628 1099 83 56 the
1730 1111 138 44 army

335 1165 104 44 had
474 1166 116 43 been
624 1166 211 56 fighting
867 1165 151 57 under
1050 1166 85 56 the
1167 1167 157 55 smart
1351 1165 54 57 of
1428 1165 195 57 defeats,
1651 1164 116 58 with
1802 1178 66 44 an

339 1233 276 43 occasional
633 1232 158 56 signal
807 1232 205 56 victory,
1033 1232 90 56 but
1141 1244 107 44 now
1273 1232 83 56 the
1380 1231 100 62 t}de
1503 1244 99 49 was
1630 1231 155 62 about
1809 1233 57 60 to

337 1299 61 43 be
430 1299 176 43 turned
642 1299 198 55 against
873 1298 84 56 the
991 1298 212 56 English.
1257 1298 99 56 The
1389 1297 230 57 colonists
1644 1298 98 56 had
1767 1297 102 57 wit¬

339 1366 167 42 nessed
540 1365 84 43 the
657 1365 209 43 heroism
901 1364 54 44 of
982 1364 83 44 the
1099 1377 147 42 negro
1280 1363 50 56 in
1363 1363 216 56 "Virginia
1621 1365 56 54 at
1721 1362 146 57 Great

339 1431 190 56 Bridge,
552 1431 97 56 and
669 1433 56 54 at
743 1430 221 57 Norfolk;
992 1430 49 57 in
1067 1429 379 58 Massachusetts
1474 1431 55 56 at
1554 1429 189 58 Boston
1770 1430 97 57 and

339 1497 194 43 Bunker
550 1497 114 53 Hill,
685 1496 221 56 fighting,
926 1496 50 56 in
992 1496 83 56 the
1092 1496 186 56 former,
1298 1495 75 57 for
1389 1495 205 57 freedom
1620 1495 148 57 under
1784 1496 84 56 the

340 1563 184 43 British
542 1564 113 55 flag,
676 1563 50 56 in
751 1563 83 56 the
859 1562 149 57 latter
1033 1562 74 57 for
1132 1561 187 58 liberty,
1339 1561 149 58 under
1503 1561 83 58 the
1620 1561 181 58 banner
1820 1561 55 58 of

338 1630 87 42 the
442 1629 222 43 colonies.
718 1628 100 44 The
834 1627 202 56 echoing
1051 1628 172 55 shouts
1241 1627 56 56 of
1306 1626 83 57 the
1405 1626 164 57 whites
1586 1626 75 57 fell
1677 1627 193 56 heavily

341 1709 134 42 upon
493 1695 83 56 the
593 1708 107 43 ears
720 1694 54 57 of
792 1694 84 57 the
893 1694 140 57 black
1051 1693 186 59 people;
1257 1693 115 59 they
1397 1692 180 60 caught
1602 1693 83 59 the
1712 1693 156 59 strain

343 1775 57 29 as
418 1762 67 54 by
502 1760 201 56 martial
720 1760 212 56 instinct,
962 1759 96 57 and
1076 1758 328 58 reverberated
1421 1758 84 58 the
1523 1758 184 58 appeal,
1730 1758 138 58 "Lib¬

342 1830 112 50 erty
469 1826 104 54 and
593 1825 396 55 Independence."

444 1892 99 43 The
560 1892 190 56 negro's
769 1893 246 55 ancestors
1024 1903 115 45 were
1156 1892 90 56 not
1265 1890 169 58 slaves,
1447 1902 55 46 so
1512 1902 131 46 upon
1652 1889 83 59 the
1745 1890 123 58 alter

341 1958 58 43 of
410 1958 125 43 their
551 1958 166 43 hearts
735 1958 83 43 the
828 1957 80 44 fire
919 1956 53 45 of
983 1956 173 54 liberty
1165 1968 98 42 was
1281 1955 254 55 re-kindled
1554 1955 64 55 by
1627 1956 83 54 the
1718 1958 150 52 utter¬

343 2038 142 30 ances
504 2024 54 44 of
577 2024 84 44 the
686 2023 142 45 white
854 2022 242 46 colonists.
1150 2021 131 55 They
1306 2021 148 55 heard
1481 2020 196 56 Patrick
1703 2020 165 56 Henry

342 2091 99 43 and
459 2089 191 45 Samuel
666 2089 197 53 Adams,
883 2089 157 53 whose
1066 2088 248 55 eloquence
1338 2087 297 56 vehemently
1662 2088 204 55 aroused

339 2157 128 43 their
485 2156 337 56 compatriots,
845 2155 109 57 and,
974 2155 92 57 like
1082 2154 145 58 them,
1248 2154 116 58 they
1388 2156 89 56 too
1505 2153 212 59 resolved
1735 2156 56 56 to
1810 2154 57 58 be

339 2224 108 42 free.
501 2223 132 56 They
666 2222 109 57 held
810 2235 62 44 no
900 2221 191 58 regular
1117 2220 253 59 organized
1405 2219 253 60 meetings;
1696 2222 55 57 at
1784 2220 83 59 the

342 2289 159 44 North
525 2289 118 56 they
669 2288 262 57 assembled
957 2286 115 59 with
1098 2286 124 59 their
1247 2286 141 59 white
1413 2285 377 60 fellow-citizens;
1812 2288 55 57 at

339 2357 86 43 the
443 2355 157 45 South
617 2355 116 45 each
751 2355 164 54 balmy
932 2353 108 56 gale
1060 2352 113 57 that
1191 2354 147 55 swept
1357 2351 149 58 along
1529 2352 84 57 the
1637 2351 156 58 banks
1821 2351 54 58 of

339 2424 86 43 the
459 2422 148 45 rivers
633 2435 117 32 were
783 2421 140 46 laden
957 2419 116 48 with
1106 2419 83 48 the
1224 2418 189 55 negro's
1447 2417 312 56 ejaculations
1793 2418 76 55 for

340 2490 224 52 freedom,
595 2488 97 54 and
719 2487 115 55 each
859 2487 164 55 breast
1056 2497 99 45 was
1189 2484 208 58 resolute
1432 2484 96 58 and
1564 2484 300 58 determined.

340 2557 101 43 The
461 2556 263 44 advocates
744 2553 97 47 and
859 2551 173 49 friends
1051 2550 52 50 of
1122 2550 84 50 the
1240 2562 214 38 measure
1487 2549 75 51 for
1597 2550 189 55 arming
1803 2550 65 55 all

340 2637 109 29 men
467 2622 75 44 for
558 2621 222 52 freedom,
800 2631 116 42 were
935 2631 64 42 on
1016 2611 83 62 the
1117 2617 135 56 alert,
1274 2617 96 56 and
1396 2630 107 43 now
1519 2617 84 56 the
1620 2616 247 57 condition

339 2689 58 44 of
408 2689 84 44 the
510 2700 140 42 army
666 2699 100 43 was
785 2684 114 58 such
918 2697 55 45 as
990 2685 56 57 to
1065 2682 165 60 enable
1246 2683 131 59 them
1394 2685 57 57 to
1472 2696 130 46 press
1618 2683 84 59 the
1718 2696 148 46 neces¬

340 2755 103 56 sity
461 2754 54 57 of
524 2754 86 57 the
619 2764 216 47 measure
843 2762 132 49 upon
991 2749 83 62 the
1085 2748 244 63 attention
1340 2749 54 62 of
1403 2749 84 62 the
1496 2749 246 62 American
1760 2763 107 48 peo¬

341 2821 89 56 ple.
483 2819 325 58 Washington
833 2816 173 61 needed
1032 2815 402 62 reinforcements;
1461 2829 112 48 nay,
1602 2829 144 48 more,
1783 2816 83 61 the

342 2886 207 56 perilous
568 2884 239 58 situation
827 2882 53 60 of
898 2882 84 60 the
1001 2894 138 48 army
1158 2894 54 48 as
1238 2881 41 61 it
1304 2881 82 61 lay
1403 2882 49 60 in
1470 2895 139 47 camp
1628 2884 55 58 at
1702 2881 164 61 Valley

342 2952 172 56 Forge,
544 2953 56 55 at
624 2952 85 56 the
734 2947 273 61 conclusion
1042 2946 54 62 of
1122 2947 83 61 the
1239 2947 254 61 campaign
1521 2948 54 60 of
1595 2947 144 61 1777,
1766 2961 100 47 was
