<?xml version="1.0" encoding="utf-8"?>
<alto xmlns:xlink="http://www.w3.org/1999/xlink" xmlns:xsi="http://www.w3.org/2001/XMLSchema-instance" xsi:schemaLocation="http://www.loc.gov/standards/alto/ns-v2# http://www.loc.gov/standards/alto/alto-v2.0.xsd" xmlns="http://www.loc.gov/standards/alto/ns-v2#">
  <Description>
    <MeasurementUnit>pixel</MeasurementUnit>
    <sourceImageInformation>
      <fileName>0106.tif</fileName>
    </sourceImageInformation>
    <OCRProcessing ID="Processing">
      <ocrProcessingStep>
        <processingStepSettings>Image Resolution:400</processingStepSettings>
        <processingSoftware>
          <softwareCreator>I2S Kirtas</softwareCreator>
          <softwareName>Limb</softwareName>
          <softwareVersion>1.0</softwareVersion>
          <applicationDescription>Abbyy10 OCR Engine</applicationDescription>
        </processingSoftware>
      </ocrProcessingStep>
    </OCRProcessing>
  </Description>
  <Styles>
    <TextStyle ID="StyleId-0" FONTSIZE="11" FONTFAMILY="Times New Roman" />
    <TextStyle ID="StyleId-1" FONTSIZE="10" FONTFAMILY="Times New Roman" />
    <TextStyle ID="StyleId-2" FONTSIZE="8" FONTFAMILY="Times New Roman" />
  </Styles>
  <Layout>
    <Page ID="P105" PHYSICAL_IMG_NR="105" HEIGHT="3300" WIDTH="2200" ACCURACY="0.7010193" QUALITY_DETAIL="461 words, 2185 chars, 1435 with recognition greater than 50% (65.68%)">
      <TopMargin ID="P105_TM00001" HPOS="0" VPOS="0" WIDTH="2200" HEIGHT="306" />
      <LeftMargin ID="P105_LM00001" HPOS="0" VPOS="306" WIDTH="320" HEIGHT="2692" />
      <RightMargin ID="P105_RM00001" HPOS="1888" VPOS="306" WIDTH="312" HEIGHT="2692" />
      <BottomMargin ID="P105_BM00001" HPOS="0" VPOS="2998" WIDTH="2200" HEIGHT="302" />
      <PrintSpace ID="P105_PS00001" HPOS="320" VPOS="306" WIDTH="1568" HEIGHT="2692">
        <TextBlock ID="P105_TB00001" HPOS="330" VPOS="309" WIDTH="111" HEIGHT="59">
          <TextLine ID="P105_TL00001" HPOS="338" VPOS="317" WIDTH="95" HEIGHT="43">
            <String ID="P105_S00001" HPOS="338" VPOS="317" WIDTH="95" HEIGHT="43" STYLEREFS="StyleId-0" CONTENT="104" WC="0.526666641" CC="418" />
          </TextLine>
        </TextBlock>
        <TextBlock ID="P105_TB00002" HPOS="633" VPOS="304" WIDTH="919" HEIGHT="57">
          <TextLine ID="P105_TL00002" HPOS="641" VPOS="312" WIDTH="903" HEIGHT="41">
            <String ID="P105_S00002" HPOS="641" VPOS="314" WIDTH="223" HEIGHT="44" STYLEREFS="StyleId-1" CONTENT="History" WC="0.59" CC="6015274" />
            <SP ID="P105_SP00001" WIDTH="0" HPOS="0" VPOS="0" />
            <String ID="P105_S00003" HPOS="890" VPOS="325" WIDTH="64" HEIGHT="33" STYLEREFS="StyleId-1" CONTENT="of" WC="0.41" CC="55" />
            <SP ID="P105_SP00002" WIDTH="0" HPOS="0" VPOS="0" />
            <String ID="P105_S00004" HPOS="980" VPOS="323" WIDTH="96" HEIGHT="35" STYLEREFS="StyleId-1" CONTENT="the" WC="0.45" CC="556" />
            <SP ID="P105_SP00003" WIDTH="0" HPOS="0" VPOS="0" />
            <String ID="P105_S00005" HPOS="1103" VPOS="313" WIDTH="164" HEIGHT="45" STYLEREFS="StyleId-1" CONTENT="Black" WC="0.45" CC="77741" />
            <SP ID="P105_SP00004" WIDTH="0" HPOS="0" VPOS="0" />
            <String ID="P105_S00006" HPOS="1293" VPOS="308" WIDTH="251" HEIGHT="50" STYLEREFS="StyleId-1" CONTENT="Phalanx." WC="0.405" CC="75757464" />
          </TextLine>
        </TextBlock>
        <TextBlock ID="P105_TB00003" HPOS="321" VPOS="429" WIDTH="1567" HEIGHT="2569">
          <TextLine ID="P105_TL00003" HPOS="336" VPOS="437" WIDTH="1525" HEIGHT="45">
            <String ID="P105_S00007" HPOS="336" VPOS="446" WIDTH="185" HEIGHT="44" STYLEREFS="StyleId-2" CONTENT="required." WC="0.6811111" CC="700532054" />
            <SP ID="P105_SP00005" WIDTH="0" HPOS="0" VPOS="0" />
            <String ID="P105_S00008" HPOS="562" VPOS="447" WIDTH="47" HEIGHT="43" STYLEREFS="StyleId-2" CONTENT="In" WC="0.355" CC="48" />
            <SP ID="P105_SP00006" WIDTH="0" HPOS="0" VPOS="0" />
            <String ID="P105_S00009" HPOS="623" VPOS="455" WIDTH="77" HEIGHT="35" STYLEREFS="StyleId-2" CONTENT="any" WC="0.35" CC="585" />
            <SP ID="P105_SP00007" WIDTH="0" HPOS="0" VPOS="0" />
            <String ID="P105_S00010" HPOS="715" VPOS="448" WIDTH="111" HEIGHT="42" STYLEREFS="StyleId-2" CONTENT="other" WC="0.586" CC="06706" />
            <SP ID="P105_SP00008" WIDTH="0" HPOS="0" VPOS="0" />
            <String ID="P105_S00011" HPOS="838" VPOS="447" WIDTH="164" HEIGHT="43" STYLEREFS="StyleId-2" CONTENT="country" WC="0.5" CC="00710664" />
            <SP ID="P105_SP00009" WIDTH="0" HPOS="0" VPOS="0" />
            <String ID="P105_S00012" HPOS="1015" VPOS="445" WIDTH="99" HEIGHT="45" STYLEREFS="StyleId-2" CONTENT="than" WC="0.3225" CC="8746" />
            <SP ID="P105_SP00010" WIDTH="0" HPOS="0" VPOS="0" />
            <String ID="P105_S00013" HPOS="1136" VPOS="452" WIDTH="72" HEIGHT="38" STYLEREFS="StyleId-2" CONTENT="our" WC="0.59" CC="057" />
            <SP ID="P105_SP00011" WIDTH="0" HPOS="0" VPOS="0" />
            <String ID="P105_S00014" HPOS="1228" VPOS="450" WIDTH="85" HEIGHT="40" STYLEREFS="StyleId-2" CONTENT="own" WC="0.486666679" CC="356" />
            <SP ID="P105_SP00012" WIDTH="0" HPOS="0" VPOS="0" />
            <String ID="P105_S00015" HPOS="1334" VPOS="436" WIDTH="90" HEIGHT="54" STYLEREFS="StyleId-2" CONTENT="such" WC="0.6425" CC="6007" />
            <SP ID="P105_SP00013" WIDTH="0" HPOS="0" VPOS="0" />
            <String ID="P105_S00016" HPOS="1439" VPOS="446" WIDTH="26" HEIGHT="44" STYLEREFS="StyleId-2" CONTENT="a" WC="0.89" CC="1" />
            <SP ID="P105_SP00014" WIDTH="0" HPOS="0" VPOS="0" />
            <String ID="P105_S00017" HPOS="1479" VPOS="433" WIDTH="106" HEIGHT="57" STYLEREFS="StyleId-2" CONTENT="draft" WC="0.59" CC="55630" />
            <SP ID="P105_SP00015" WIDTH="0" HPOS="0" VPOS="0" />
            <String ID="P105_S00018" HPOS="1598" VPOS="431" WIDTH="112" HEIGHT="59" STYLEREFS="StyleId-2" CONTENT="could" WC="0.832" CC="01700" />
            <SP ID="P105_SP00016" WIDTH="0" HPOS="0" VPOS="0" />
            <String ID="P105_S00019" HPOS="1725" VPOS="431" WIDTH="73" HEIGHT="59" STYLEREFS="StyleId-2" CONTENT="not" WC="0.66" CC="900" />
            <SP ID="P105_SP00017" WIDTH="0" HPOS="0" VPOS="0" />
            <String ID="P105_S00020" HPOS="1810" VPOS="428" WIDTH="51" HEIGHT="62" STYLEREFS="StyleId-2" CONTENT="be" WC="0.26" CC="77" />
          </TextLine>
          <TextLine ID="P105_TL00004" HPOS="339" VPOS="491" WIDTH="1519" HEIGHT="44">
            <String ID="P105_S00021" HPOS="339" VPOS="504" WIDTH="89" HEIGHT="40" STYLEREFS="StyleId-2" CONTENT="met," WC="0.745" CC="6004" />
            <SP ID="P105_SP00018" WIDTH="0" HPOS="0" VPOS="0" />
            <String ID="P105_S00022" HPOS="445" VPOS="502" WIDTH="72" HEIGHT="42" STYLEREFS="StyleId-2" CONTENT="but" WC="0.7" CC="170" />
            <SP ID="P105_SP00019" WIDTH="0" HPOS="0" VPOS="0" />
            <String ID="P105_S00023" HPOS="530" VPOS="502" WIDTH="66" HEIGHT="42" STYLEREFS="StyleId-2" CONTENT="the" WC="0.576666653" CC="066" />
            <SP ID="P105_SP00020" WIDTH="0" HPOS="0" VPOS="0" />
            <String ID="P105_S00024" HPOS="610" VPOS="501" WIDTH="189" HEIGHT="43" STYLEREFS="StyleId-2" CONTENT="Southern" WC="0.69125" CC="50700047" />
            <SP ID="P105_SP00021" WIDTH="0" HPOS="0" VPOS="0" />
            <String ID="P105_S00025" HPOS="821" VPOS="501" WIDTH="130" HEIGHT="43" STYLEREFS="StyleId-2" CONTENT="States" WC="0.7866667" CC="600006" />
            <SP ID="P105_SP00022" WIDTH="0" HPOS="0" VPOS="0" />
            <String ID="P105_S00026" HPOS="971" VPOS="510" WIDTH="72" HEIGHT="34" STYLEREFS="StyleId-2" CONTENT="can" WC="0.24666667" CC="5107" />
            <SP ID="P105_SP00023" WIDTH="0" HPOS="0" VPOS="0" />
            <String ID="P105_S00027" HPOS="1063" VPOS="496" WIDTH="144" HEIGHT="48" STYLEREFS="StyleId-2" CONTENT="furnish" WC="0.45714286" CC="5726087" />
            <SP ID="P105_SP00024" WIDTH="0" HPOS="0" VPOS="0" />
            <String ID="P105_S00028" HPOS="1228" VPOS="495" WIDTH="93" HEIGHT="49" STYLEREFS="StyleId-2" CONTENT="that" WC="0.965" CC="0010" />
            <SP ID="P105_SP00025" WIDTH="0" HPOS="0" VPOS="0" />
            <String ID="P105_S00029" HPOS="1341" VPOS="492" WIDTH="157" HEIGHT="52" STYLEREFS="StyleId-2" CONTENT="number" WC="0.5683333" CC="774006" />
            <SP ID="P105_SP00026" WIDTH="0" HPOS="0" VPOS="0" />
            <String ID="P105_S00030" HPOS="1513" VPOS="488" WIDTH="43" HEIGHT="56" STYLEREFS="StyleId-2" CONTENT="of" WC="0.815" CC="02" />
            <SP ID="P105_SP00027" WIDTH="0" HPOS="0" VPOS="0" />
            <String ID="P105_S00031" HPOS="1573" VPOS="497" WIDTH="95" HEIGHT="47" STYLEREFS="StyleId-2" CONTENT="men," WC="0.63" CC="3074" />
            <SP ID="P105_SP00028" WIDTH="0" HPOS="0" VPOS="0" />
            <String ID="P105_S00032" HPOS="1687" VPOS="484" WIDTH="77" HEIGHT="60" STYLEREFS="StyleId-2" CONTENT="and" WC="0.75333333" CC="070" />
            <SP ID="P105_SP00029" WIDTH="0" HPOS="0" VPOS="0" />
            <String ID="P105_S00033" HPOS="1779" VPOS="482" WIDTH="79" HEIGHT="62" STYLEREFS="StyleId-2" CONTENT="still" WC="0.698" CC="70007" />
          </TextLine>
          <TextLine ID="P105_TL00005" HPOS="338" VPOS="546" WIDTH="1519" HEIGHT="39">
            <String ID="P105_S00034" HPOS="339" VPOS="558" WIDTH="73" HEIGHT="32" STYLEREFS="StyleId-2" CONTENT="not" WC="0.336666673" CC="1009" />
            <SP ID="P105_SP00030" WIDTH="0" HPOS="0" VPOS="0" />
            <String ID="P105_S00035" HPOS="431" VPOS="557" WIDTH="106" HEIGHT="33" STYLEREFS="StyleId-2" CONTENT="leave" WC="0.736" CC="00570" />
            <SP ID="P105_SP00031" WIDTH="0" HPOS="0" VPOS="0" />
            <String ID="P105_S00036" HPOS="555" VPOS="557" WIDTH="67" HEIGHT="33" STYLEREFS="StyleId-2" CONTENT="the" WC="0.75" CC="070" />
            <SP ID="P105_SP00032" WIDTH="0" HPOS="0" VPOS="0" />
            <String ID="P105_S00037" HPOS="643" VPOS="556" WIDTH="178" HEIGHT="34" STYLEREFS="StyleId-2" CONTENT="material" WC="0.68" CC="09016206" />
            <SP ID="P105_SP00033" WIDTH="0" HPOS="0" VPOS="0" />
            <String ID="P105_S00038" HPOS="839" VPOS="556" WIDTH="179" HEIGHT="34" STYLEREFS="StyleId-2" CONTENT="interests" WC="0.553333342" CC="270060698" />
            <SP ID="P105_SP00034" WIDTH="0" HPOS="0" VPOS="0" />
            <String ID="P105_S00039" HPOS="1038" VPOS="553" WIDTH="45" HEIGHT="37" STYLEREFS="StyleId-2" CONTENT="of" WC="1" CC="00" />
            <SP ID="P105_SP00035" WIDTH="0" HPOS="0" VPOS="0" />
            <String ID="P105_S00040" HPOS="1095" VPOS="552" WIDTH="67" HEIGHT="38" STYLEREFS="StyleId-2" CONTENT="the" WC="0.75666666" CC="070" />
            <SP ID="P105_SP00036" WIDTH="0" HPOS="0" VPOS="0" />
            <String ID="P105_S00041" HPOS="1182" VPOS="550" WIDTH="165" HEIGHT="40" STYLEREFS="StyleId-2" CONTENT="country" WC="0.73" CC="0247050" />
            <SP ID="P105_SP00037" WIDTH="0" HPOS="0" VPOS="0" />
            <String ID="P105_S00042" HPOS="1359" VPOS="546" WIDTH="40" HEIGHT="44" STYLEREFS="StyleId-2" CONTENT="in" WC="0.635" CC="07" />
            <SP ID="P105_SP00038" WIDTH="0" HPOS="0" VPOS="0" />
            <String ID="P105_S00043" HPOS="1414" VPOS="555" WIDTH="26" HEIGHT="35" STYLEREFS="StyleId-2" CONTENT="a" WC="0.44" CC="5" />
            <SP ID="P105_SP00039" WIDTH="0" HPOS="0" VPOS="0" />
            <String ID="P105_S00044" HPOS="1453" VPOS="542" WIDTH="181" HEIGHT="48" STYLEREFS="StyleId-2" CONTENT="suffering" WC="0.636666656" CC="650005374" />
            <SP ID="P105_SP00040" WIDTH="0" HPOS="0" VPOS="0" />
            <String ID="P105_S00045" HPOS="1645" VPOS="538" WIDTH="212" HEIGHT="52" STYLEREFS="StyleId-2" CONTENT="condition." WC="0.545" CC="04685100073" />
          </TextLine>
          <TextLine ID="P105_TL00006" HPOS="340" VPOS="602" WIDTH="1520" HEIGHT="44">
            <String ID="P105_S00046" HPOS="340" VPOS="610" WIDTH="125" HEIGHT="34" STYLEREFS="StyleId-2" CONTENT="Those" WC="0.788" CC="50050" />
            <SP ID="P105_SP00041" WIDTH="0" HPOS="0" VPOS="0" />
            <String ID="P105_S00047" HPOS="479" VPOS="611" WIDTH="84" HEIGHT="33" STYLEREFS="StyleId-2" CONTENT="who" WC="0.836666644" CC="400" />
            <SP ID="P105_SP00042" WIDTH="0" HPOS="0" VPOS="0" />
            <String ID="P105_S00048" HPOS="585" VPOS="621" WIDTH="65" HEIGHT="23" STYLEREFS="StyleId-2" CONTENT="are" WC="0.566666663" CC="840" />
            <SP ID="P105_SP00043" WIDTH="0" HPOS="0" VPOS="0" />
            <String ID="P105_S00049" HPOS="669" VPOS="609" WIDTH="283" HEIGHT="43" STYLEREFS="StyleId-2" CONTENT="incapacitated" WC="0.8230769" CC="0640700040000" />
            <SP ID="P105_SP00044" WIDTH="0" HPOS="0" VPOS="0" />
            <String ID="P105_S00050" HPOS="972" VPOS="608" WIDTH="59" HEIGHT="44" STYLEREFS="StyleId-2" CONTENT="for" WC="0.7633333" CC="007" />
            <SP ID="P105_SP00045" WIDTH="0" HPOS="0" VPOS="0" />
            <String ID="P105_S00051" HPOS="1051" VPOS="605" WIDTH="159" HEIGHT="47" STYLEREFS="StyleId-2" CONTENT="bearing" WC="0.6842857" CC="0007246" />
            <SP ID="P105_SP00046" WIDTH="0" HPOS="0" VPOS="0" />
            <String ID="P105_S00052" HPOS="1230" VPOS="611" WIDTH="104" HEIGHT="41" STYLEREFS="StyleId-2" CONTENT="arms" WC="0.785" CC="1007" />
            <SP ID="P105_SP00047" WIDTH="0" HPOS="0" VPOS="0" />
            <String ID="P105_S00053" HPOS="1354" VPOS="610" WIDTH="73" HEIGHT="42" STYLEREFS="StyleId-2" CONTENT="can" WC="0.533333361" CC="4100" />
            <SP ID="P105_SP00048" WIDTH="0" HPOS="0" VPOS="0" />
            <String ID="P105_S00054" HPOS="1448" VPOS="606" WIDTH="152" HEIGHT="46" STYLEREFS="StyleId-2" CONTENT="oversee" WC="0.741428554" CC="0505600" />
            <SP ID="P105_SP00049" WIDTH="0" HPOS="0" VPOS="0" />
            <String ID="P105_S00055" HPOS="1619" VPOS="595" WIDTH="67" HEIGHT="57" STYLEREFS="StyleId-2" CONTENT="the" WC="1" CC="000" />
            <SP ID="P105_SP00050" WIDTH="0" HPOS="0" VPOS="0" />
            <String ID="P105_S00056" HPOS="1706" VPOS="594" WIDTH="154" HEIGHT="58" STYLEREFS="StyleId-2" CONTENT="planta¬" WC="0.444285721" CC="63077104" />
          </TextLine>
          <TextLine ID="P105_TL00007" HPOS="339" VPOS="656" WIDTH="1520" HEIGHT="44">
            <String ID="P105_S00057" HPOS="339" VPOS="666" WIDTH="117" HEIGHT="41" STYLEREFS="StyleId-2" CONTENT="tions," WC="0.75333333" CC="000374" />
            <SP ID="P105_SP00051" WIDTH="0" HPOS="0" VPOS="0" />
            <String ID="P105_S00058" HPOS="473" VPOS="666" WIDTH="77" HEIGHT="41" STYLEREFS="StyleId-2" CONTENT="and" WC="0.54" CC="049" />
            <SP ID="P105_SP00052" WIDTH="0" HPOS="0" VPOS="0" />
            <String ID="P105_S00059" HPOS="564" VPOS="665" WIDTH="66" HEIGHT="42" STYLEREFS="StyleId-2" CONTENT="the" WC="0.75666666" CC="070" />
            <SP ID="P105_SP00053" WIDTH="0" HPOS="0" VPOS="0" />
            <String ID="P105_S00060" HPOS="644" VPOS="675" WIDTH="156" HEIGHT="32" STYLEREFS="StyleId-2" CONTENT="negroes" WC="0.66" CC="10107005" />
            <SP ID="P105_SP00054" WIDTH="0" HPOS="0" VPOS="0" />
            <String ID="P105_S00061" HPOS="815" VPOS="674" WIDTH="71" HEIGHT="33" STYLEREFS="StyleId-2" CONTENT="can" WC="0.766666651" CC="007" />
            <SP ID="P105_SP00055" WIDTH="0" HPOS="0" VPOS="0" />
            <String ID="P105_S00062" HPOS="900" VPOS="673" WIDTH="51" HEIGHT="34" STYLEREFS="StyleId-2" CONTENT="go" WC="1" CC="00" />
            <SP ID="P105_SP00056" WIDTH="0" HPOS="0" VPOS="0" />
            <String ID="P105_S00063" HPOS="974" VPOS="672" WIDTH="51" HEIGHT="35" STYLEREFS="StyleId-2" CONTENT="on" WC="1" CC="00" />
            <SP ID="P105_SP00057" WIDTH="0" HPOS="0" VPOS="0" />
            <String ID="P105_S00064" HPOS="1045" VPOS="657" WIDTH="251" HEIGHT="50" STYLEREFS="StyleId-2" CONTENT="undisturbed" WC="0.5890909" CC="777010075000" />
            <SP ID="P105_SP00058" WIDTH="0" HPOS="0" VPOS="0" />
            <String ID="P105_S00065" HPOS="1316" VPOS="656" WIDTH="38" HEIGHT="51" STYLEREFS="StyleId-2" CONTENT="in" WC="0.63" CC="07" />
            <SP ID="P105_SP00059" WIDTH="0" HPOS="0" VPOS="0" />
            <String ID="P105_S00066" HPOS="1375" VPOS="653" WIDTH="99" HEIGHT="54" STYLEREFS="StyleId-2" CONTENT="their" WC="0.72" CC="06007" />
            <SP ID="P105_SP00060" WIDTH="0" HPOS="0" VPOS="0" />
            <String ID="P105_S00067" HPOS="1494" VPOS="651" WIDTH="113" HEIGHT="56" STYLEREFS="StyleId-2" CONTENT="usual" WC="0.39" CC="766100" />
            <SP ID="P105_SP00061" WIDTH="0" HPOS="0" VPOS="0" />
            <String ID="P105_S00068" HPOS="1627" VPOS="650" WIDTH="143" HEIGHT="57" STYLEREFS="StyleId-2" CONTENT="labors." WC="0.7128571" CC="5700060" />
            <SP ID="P105_SP00062" WIDTH="0" HPOS="0" VPOS="0" />
            <String ID="P105_S00069" HPOS="1813" VPOS="647" WIDTH="46" HEIGHT="60" STYLEREFS="StyleId-2" CONTENT="In" WC="0.43" CC="110" />
          </TextLine>
          <TextLine ID="P105_TL00008" HPOS="340" VPOS="711" WIDTH="1522" HEIGHT="43">
            <String ID="P105_S00070" HPOS="340" VPOS="720" WIDTH="66" HEIGHT="33" STYLEREFS="StyleId-2" CONTENT="the" WC="1" CC="000" />
            <SP ID="P105_SP00063" WIDTH="0" HPOS="0" VPOS="0" />
            <String ID="P105_S00071" HPOS="420" VPOS="720" WIDTH="124" HEIGHT="33" STYLEREFS="StyleId-2" CONTENT="North" WC="0.57" CC="22780" />
            <SP ID="P105_SP00064" WIDTH="0" HPOS="0" VPOS="0" />
            <String ID="P105_S00072" HPOS="557" VPOS="720" WIDTH="67" HEIGHT="33" STYLEREFS="StyleId-2" CONTENT="the" WC="0.356666654" CC="9100" />
            <SP ID="P105_SP00065" WIDTH="0" HPOS="0" VPOS="0" />
            <String ID="P105_S00073" HPOS="637" VPOS="730" WIDTH="86" HEIGHT="23" STYLEREFS="StyleId-2" CONTENT="case" WC="0.6075" CC="1850" />
            <SP ID="P105_SP00066" WIDTH="0" HPOS="0" VPOS="0" />
            <String ID="P105_S00074" HPOS="742" VPOS="719" WIDTH="33" HEIGHT="34" STYLEREFS="StyleId-2" CONTENT="is" WC="0.595" CC="26" />
            <SP ID="P105_SP00067" WIDTH="0" HPOS="0" VPOS="0" />
            <String ID="P105_S00075" HPOS="796" VPOS="719" WIDTH="188" HEIGHT="40" STYLEREFS="StyleId-2" CONTENT="different;" WC="0.699" CC="0211072707" />
            <SP ID="P105_SP00068" WIDTH="0" HPOS="0" VPOS="0" />
            <String ID="P105_S00076" HPOS="1006" VPOS="716" WIDTH="66" HEIGHT="43" STYLEREFS="StyleId-2" CONTENT="the" WC="0.336666673" CC="9100" />
            <SP ID="P105_SP00069" WIDTH="0" HPOS="0" VPOS="0" />
            <String ID="P105_S00077" HPOS="1092" VPOS="723" WIDTH="86" HEIGHT="36" STYLEREFS="StyleId-2" CONTENT="men" WC="0.473333329" CC="807" />
            <SP ID="P105_SP00070" WIDTH="0" HPOS="0" VPOS="0" />
            <String ID="P105_S00078" HPOS="1198" VPOS="712" WIDTH="85" HEIGHT="47" STYLEREFS="StyleId-2" CONTENT="who" WC="0.143333331" CC="9106" />
            <SP ID="P105_SP00071" WIDTH="0" HPOS="0" VPOS="0" />
            <String ID="P105_S00079" HPOS="1299" VPOS="709" WIDTH="83" HEIGHT="50" STYLEREFS="StyleId-2" CONTENT="join" WC="0.61" CC="2147" />
            <SP ID="P105_SP00072" WIDTH="0" HPOS="0" VPOS="0" />
            <String ID="P105_S00080" HPOS="1402" VPOS="709" WIDTH="67" HEIGHT="50" STYLEREFS="StyleId-2" CONTENT="the" WC="0.53" CC="670" />
            <SP ID="P105_SP00073" WIDTH="0" HPOS="0" VPOS="0" />
            <String ID="P105_S00081" HPOS="1488" VPOS="715" WIDTH="114" HEIGHT="44" STYLEREFS="StyleId-2" CONTENT="army" WC="0.35" CC="90610" />
            <SP ID="P105_SP00074" WIDTH="0" HPOS="0" VPOS="0" />
            <String ID="P105_S00082" HPOS="1622" VPOS="704" WIDTH="45" HEIGHT="55" STYLEREFS="StyleId-2" CONTENT="of" WC="1" CC="00" />
            <SP ID="P105_SP00075" WIDTH="0" HPOS="0" VPOS="0" />
            <String ID="P105_S00083" HPOS="1681" VPOS="703" WIDTH="180" HEIGHT="56" STYLEREFS="StyleId-2" CONTENT="subjuga¬" WC="0.45125" CC="77047764" />
          </TextLine>
          <TextLine ID="P105_TL00009" HPOS="340" VPOS="766" WIDTH="1520" HEIGHT="43">
            <String ID="P105_S00084" HPOS="340" VPOS="774" WIDTH="86" HEIGHT="34" STYLEREFS="StyleId-2" CONTENT="tion" WC="0.805" CC="0304" />
            <SP ID="P105_SP00076" WIDTH="0" HPOS="0" VPOS="0" />
            <String ID="P105_S00085" HPOS="441" VPOS="784" WIDTH="65" HEIGHT="24" STYLEREFS="StyleId-2" CONTENT="are" WC="0.793333352" CC="060" />
            <SP ID="P105_SP00077" WIDTH="0" HPOS="0" VPOS="0" />
            <String ID="P105_S00086" HPOS="519" VPOS="775" WIDTH="66" HEIGHT="33" STYLEREFS="StyleId-2" CONTENT="the" WC="0.75" CC="070" />
            <SP ID="P105_SP00078" WIDTH="0" HPOS="0" VPOS="0" />
            <String ID="P105_S00087" HPOS="598" VPOS="774" WIDTH="182" HEIGHT="41" STYLEREFS="StyleId-2" CONTENT="laborers," WC="0.7366667" CC="300070174" />
            <SP ID="P105_SP00079" WIDTH="0" HPOS="0" VPOS="0" />
            <String ID="P105_S00088" HPOS="796" VPOS="773" WIDTH="66" HEIGHT="42" STYLEREFS="StyleId-2" CONTENT="the" WC="0.75666666" CC="070" />
            <SP ID="P105_SP00080" WIDTH="0" HPOS="0" VPOS="0" />
            <String ID="P105_S00089" HPOS="874" VPOS="771" WIDTH="216" HEIGHT="44" STYLEREFS="StyleId-2" CONTENT="producers," WC="0.762" CC="0200300764" />
            <SP ID="P105_SP00081" WIDTH="0" HPOS="0" VPOS="0" />
            <String ID="P105_S00090" HPOS="1108" VPOS="767" WIDTH="77" HEIGHT="48" STYLEREFS="StyleId-2" CONTENT="and" WC="0.636666656" CC="460" />
            <SP ID="P105_SP00082" WIDTH="0" HPOS="0" VPOS="0" />
            <String ID="P105_S00091" HPOS="1205" VPOS="766" WIDTH="67" HEIGHT="49" STYLEREFS="StyleId-2" CONTENT="the" WC="0.836666644" CC="004" />
            <SP ID="P105_SP00083" WIDTH="0" HPOS="0" VPOS="0" />
            <String ID="P105_S00092" HPOS="1284" VPOS="764" WIDTH="151" HEIGHT="51" STYLEREFS="StyleId-2" CONTENT="factory" WC="0.688571453" CC="3009080" />
            <SP ID="P105_SP00084" WIDTH="0" HPOS="0" VPOS="0" />
            <String ID="P105_S00093" HPOS="1451" VPOS="760" WIDTH="227" HEIGHT="55" STYLEREFS="StyleId-2" CONTENT="operatives." WC="0.8027273" CC="003210000050" />
            <SP ID="P105_SP00085" WIDTH="0" HPOS="0" VPOS="0" />
            <String ID="P105_S00094" HPOS="1721" VPOS="757" WIDTH="139" HEIGHT="58" STYLEREFS="StyleId-2" CONTENT="Nearly" WC="0.471666664" CC="6304710" />
          </TextLine>
          <TextLine ID="P105_TL00010" HPOS="341" VPOS="822" WIDTH="1518" HEIGHT="40">
            <String ID="P105_S00095" HPOS="341" VPOS="838" WIDTH="112" HEIGHT="32" STYLEREFS="StyleId-2" CONTENT="every" WC="0.686" CC="010050" />
            <SP ID="P105_SP00086" WIDTH="0" HPOS="0" VPOS="0" />
            <String ID="P105_S00096" HPOS="473" VPOS="839" WIDTH="92" HEIGHT="31" STYLEREFS="StyleId-2" CONTENT="man" WC="0.77" CC="006" />
            <SP ID="P105_SP00087" WIDTH="0" HPOS="0" VPOS="0" />
            <String ID="P105_S00097" HPOS="585" VPOS="829" WIDTH="98" HEIGHT="41" STYLEREFS="StyleId-2" CONTENT="from" WC="0.6425" CC="0409" />
            <SP ID="P105_SP00088" WIDTH="0" HPOS="0" VPOS="0" />
            <String ID="P105_S00098" HPOS="702" VPOS="828" WIDTH="93" HEIGHT="42" STYLEREFS="StyleId-2" CONTENT="that" WC="0.77" CC="0090" />
            <SP ID="P105_SP00089" WIDTH="0" HPOS="0" VPOS="0" />
            <String ID="P105_S00099" HPOS="816" VPOS="826" WIDTH="155" HEIGHT="44" STYLEREFS="StyleId-2" CONTENT="sectidn," WC="0.69375" CC="80200273" />
            <SP ID="P105_SP00090" WIDTH="0" HPOS="0" VPOS="0" />
            <String ID="P105_S00100" HPOS="993" VPOS="822" WIDTH="197" HEIGHT="48" STYLEREFS="StyleId-2" CONTENT="especially" WC="0.602" CC="05905020510" />
            <SP ID="P105_SP00091" WIDTH="0" HPOS="0" VPOS="0" />
            <String ID="P105_S00101" HPOS="1211" VPOS="820" WIDTH="113" HEIGHT="50" STYLEREFS="StyleId-2" CONTENT="those" WC="0.692" CC="07070" />
            <SP ID="P105_SP00092" WIDTH="0" HPOS="0" VPOS="0" />
            <String ID="P105_S00102" HPOS="1343" VPOS="818" WIDTH="100" HEIGHT="52" STYLEREFS="StyleId-2" CONTENT="from" WC="0.605" CC="0609" />
            <SP ID="P105_SP00093" WIDTH="0" HPOS="0" VPOS="0" />
            <String ID="P105_S00103" HPOS="1463" VPOS="816" WIDTH="66" HEIGHT="54" STYLEREFS="StyleId-2" CONTENT="the" WC="1" CC="000" />
            <SP ID="P105_SP00094" WIDTH="0" HPOS="0" VPOS="0" />
            <String ID="P105_S00104" HPOS="1549" VPOS="814" WIDTH="106" HEIGHT="56" STYLEREFS="StyleId-2" CONTENT="rural" WC="0.836" CC="03500" />
            <SP ID="P105_SP00095" WIDTH="0" HPOS="0" VPOS="0" />
            <String ID="P105_S00105" HPOS="1676" VPOS="813" WIDTH="183" HEIGHT="57" STYLEREFS="StyleId-2" CONTENT="districts," WC="0.653" CC="0080705074" />
          </TextLine>
          <TextLine ID="P105_TL00011" HPOS="340" VPOS="876" WIDTH="1521" HEIGHT="39">
            <String ID="P105_S00106" HPOS="340" VPOS="883" WIDTH="127" HEIGHT="33" STYLEREFS="StyleId-2" CONTENT="leaves" WC="0.521666646" CC="7041006" />
            <SP ID="P105_SP00096" WIDTH="0" HPOS="0" VPOS="0" />
            <String ID="P105_S00107" HPOS="481" VPOS="893" WIDTH="105" HEIGHT="23" STYLEREFS="StyleId-2" CONTENT="some" WC="0.6225" CC="7240" />
            <SP ID="P105_SP00097" WIDTH="0" HPOS="0" VPOS="0" />
            <String ID="P105_S00108" HPOS="599" VPOS="882" WIDTH="145" HEIGHT="34" STYLEREFS="StyleId-2" CONTENT="branch" WC="0.406666666" CC="449637" />
            <SP ID="P105_SP00098" WIDTH="0" HPOS="0" VPOS="0" />
            <String ID="P105_S00109" HPOS="758" VPOS="881" WIDTH="44" HEIGHT="35" STYLEREFS="StyleId-2" CONTENT="of" WC="0.61" CC="34" />
            <SP ID="P105_SP00099" WIDTH="0" HPOS="0" VPOS="0" />
            <String ID="P105_S00110" HPOS="809" VPOS="881" WIDTH="179" HEIGHT="39" STYLEREFS="StyleId-2" CONTENT="industry" WC="0.49125" CC="370661070" />
            <SP ID="P105_SP00100" WIDTH="0" HPOS="0" VPOS="0" />
            <String ID="P105_S00111" HPOS="1000" VPOS="880" WIDTH="46" HEIGHT="40" STYLEREFS="StyleId-2" CONTENT="to" WC="0.78" CC="04" />
            <SP ID="P105_SP00101" WIDTH="0" HPOS="0" VPOS="0" />
            <String ID="P105_S00112" HPOS="1061" VPOS="876" WIDTH="113" HEIGHT="44" STYLEREFS="StyleId-2" CONTENT="suffer" WC="0.668333352" CC="750016" />
            <SP ID="P105_SP00102" WIDTH="0" HPOS="0" VPOS="0" />
            <String ID="P105_S00113" HPOS="1187" VPOS="875" WIDTH="139" HEIGHT="45" STYLEREFS="StyleId-2" CONTENT="during" WC="0.5883333" CC="066470" />
            <SP ID="P105_SP00103" WIDTH="0" HPOS="0" VPOS="0" />
            <String ID="P105_S00114" HPOS="1338" VPOS="872" WIDTH="59" HEIGHT="48" STYLEREFS="StyleId-2" CONTENT="his" WC="0.476666659" CC="717" />
            <SP ID="P105_SP00104" WIDTH="0" HPOS="0" VPOS="0" />
            <String ID="P105_S00115" HPOS="1411" VPOS="872" WIDTH="169" HEIGHT="48" STYLEREFS="StyleId-2" CONTENT="absence." WC="0.63375" CC="100607004" />
            <SP ID="P105_SP00105" WIDTH="0" HPOS="0" VPOS="0" />
            <String ID="P105_S00116" HPOS="1616" VPOS="869" WIDTH="79" HEIGHT="51" STYLEREFS="StyleId-2" CONTENT="The" WC="0.6333333" CC="190" />
            <SP ID="P105_SP00106" WIDTH="0" HPOS="0" VPOS="0" />
            <String ID="P105_S00117" HPOS="1707" VPOS="868" WIDTH="153" HEIGHT="52" STYLEREFS="StyleId-2" CONTENT="institu¬" WC="0.44375" CC="47474860" />
          </TextLine>
          <TextLine ID="P105_TL00012" HPOS="341" VPOS="929" WIDTH="1520" HEIGHT="42">
            <String ID="P105_S00118" HPOS="341" VPOS="938" WIDTH="87" HEIGHT="33" STYLEREFS="StyleId-2" CONTENT="tion" WC="0.525" CC="10017" />
            <SP ID="P105_SP00107" WIDTH="0" HPOS="0" VPOS="0" />
            <String ID="P105_S00119" HPOS="443" VPOS="937" WIDTH="43" HEIGHT="34" STYLEREFS="StyleId-2" CONTENT="of" WC="0.89" CC="01" />
            <SP ID="P105_SP00108" WIDTH="0" HPOS="0" VPOS="0" />
            <String ID="P105_S00120" HPOS="502" VPOS="938" WIDTH="150" HEIGHT="40" STYLEREFS="StyleId-2" CONTENT="slavery" WC="0.7828571" CC="7000250" />
            <SP ID="P105_SP00109" WIDTH="0" HPOS="0" VPOS="0" />
            <String ID="P105_S00121" HPOS="666" VPOS="937" WIDTH="40" HEIGHT="41" STYLEREFS="StyleId-2" CONTENT="in" WC="0.63" CC="07" />
            <SP ID="P105_SP00110" WIDTH="0" HPOS="0" VPOS="0" />
            <String ID="P105_S00122" HPOS="719" VPOS="936" WIDTH="66" HEIGHT="42" STYLEREFS="StyleId-2" CONTENT="the" WC="0.353333324" CC="1072" />
            <SP ID="P105_SP00111" WIDTH="0" HPOS="0" VPOS="0" />
            <String ID="P105_S00123" HPOS="799" VPOS="934" WIDTH="123" HEIGHT="44" STYLEREFS="StyleId-2" CONTENT="South" WC="0.594" CC="60607" />
            <SP ID="P105_SP00112" WIDTH="0" HPOS="0" VPOS="0" />
            <String ID="P105_S00124" HPOS="938" VPOS="933" WIDTH="110" HEIGHT="45" STYLEREFS="StyleId-2" CONTENT="alone" WC="0.864" CC="00240" />
            <SP ID="P105_SP00113" WIDTH="0" HPOS="0" VPOS="0" />
            <String ID="P105_S00125" HPOS="1061" VPOS="930" WIDTH="152" HEIGHT="48" STYLEREFS="StyleId-2" CONTENT="enables" WC="0.665714264" CC="05010016" />
            <SP ID="P105_SP00114" WIDTH="0" HPOS="0" VPOS="0" />
            <String ID="P105_S00126" HPOS="1227" VPOS="929" WIDTH="65" HEIGHT="49" STYLEREFS="StyleId-2" CONTENT="her" WC="0.63" CC="047" />
            <SP ID="P105_SP00115" WIDTH="0" HPOS="0" VPOS="0" />
            <String ID="P105_S00127" HPOS="1306" VPOS="930" WIDTH="45" HEIGHT="48" STYLEREFS="StyleId-2" CONTENT="to" WC="0.75" CC="05" />
            <SP ID="P105_SP00116" WIDTH="0" HPOS="0" VPOS="0" />
            <String ID="P105_S00128" HPOS="1372" VPOS="927" WIDTH="106" HEIGHT="51" STYLEREFS="StyleId-2" CONTENT="place" WC="0.818" CC="00900" />
            <SP ID="P105_SP00117" WIDTH="0" HPOS="0" VPOS="0" />
            <String ID="P105_S00129" HPOS="1490" VPOS="926" WIDTH="40" HEIGHT="52" STYLEREFS="StyleId-2" CONTENT="in" WC="0.63" CC="07" />
            <SP ID="P105_SP00118" WIDTH="0" HPOS="0" VPOS="0" />
            <String ID="P105_S00130" HPOS="1544" VPOS="925" WIDTH="66" HEIGHT="53" STYLEREFS="StyleId-2" CONTENT="the" WC="0.646666646" CC="073" />
            <SP ID="P105_SP00119" WIDTH="0" HPOS="0" VPOS="0" />
            <String ID="P105_S00131" HPOS="1624" VPOS="921" WIDTH="84" HEIGHT="57" STYLEREFS="StyleId-2" CONTENT="field" WC="0.976" CC="00000" />
            <SP ID="P105_SP00120" WIDTH="0" HPOS="0" VPOS="0" />
            <String ID="P105_S00132" HPOS="1723" VPOS="933" WIDTH="25" HEIGHT="45" STYLEREFS="StyleId-2" CONTENT="a" WC="1" CC="0" />
            <SP ID="P105_SP00121" WIDTH="0" HPOS="0" VPOS="0" />
            <String ID="P105_S00133" HPOS="1761" VPOS="924" WIDTH="100" HEIGHT="54" STYLEREFS="StyleId-2" CONTENT="force" WC="0.604" CC="50706" />
          </TextLine>
          <TextLine ID="P105_TL00013" HPOS="343" VPOS="986" WIDTH="1525" HEIGHT="40">
            <String ID="P105_S00134" HPOS="343" VPOS="993" WIDTH="111" HEIGHT="32" STYLEREFS="StyleId-2" CONTENT="much" WC="0.64" CC="0517" />
            <SP ID="P105_SP00122" WIDTH="0" HPOS="0" VPOS="0" />
            <String ID="P105_S00135" HPOS="468" VPOS="992" WIDTH="125" HEIGHT="41" STYLEREFS="StyleId-2" CONTENT="larger" WC="0.8" CC="006005" />
            <SP ID="P105_SP00123" WIDTH="0" HPOS="0" VPOS="0" />
            <String ID="P105_S00136" HPOS="607" VPOS="991" WIDTH="39" HEIGHT="42" STYLEREFS="StyleId-2" CONTENT="in" WC="0.68" CC="06" />
            <SP ID="P105_SP00124" WIDTH="0" HPOS="0" VPOS="0" />
            <String ID="P105_S00137" HPOS="666" VPOS="989" WIDTH="231" HEIGHT="44" STYLEREFS="StyleId-2" CONTENT="proportion" WC="0.904" CC="0500040000" />
            <SP ID="P105_SP00125" WIDTH="0" HPOS="0" VPOS="0" />
            <String ID="P105_S00138" HPOS="916" VPOS="990" WIDTH="45" HEIGHT="43" STYLEREFS="StyleId-2" CONTENT="to" WC="0.705" CC="05" />
            <SP ID="P105_SP00126" WIDTH="0" HPOS="0" VPOS="0" />
            <String ID="P105_S00139" HPOS="983" VPOS="987" WIDTH="65" HEIGHT="46" STYLEREFS="StyleId-2" CONTENT="her" WC="0.663333356" CC="405" />
            <SP ID="P105_SP00127" WIDTH="0" HPOS="0" VPOS="0" />
            <String ID="P105_S00140" HPOS="1069" VPOS="985" WIDTH="112" HEIGHT="48" STYLEREFS="StyleId-2" CONTENT="white" WC="0.722" CC="90102" />
            <SP ID="P105_SP00128" WIDTH="0" HPOS="0" VPOS="0" />
            <String ID="P105_S00141" HPOS="1200" VPOS="982" WIDTH="231" HEIGHT="51" STYLEREFS="StyleId-2" CONTENT="population" WC="0.756" CC="0075400007" />
            <SP ID="P105_SP00129" WIDTH="0" HPOS="0" VPOS="0" />
            <String ID="P105_S00142" HPOS="1451" VPOS="981" WIDTH="99" HEIGHT="52" STYLEREFS="StyleId-2" CONTENT="than" WC="0.65" CC="0706" />
            <SP ID="P105_SP00130" WIDTH="0" HPOS="0" VPOS="0" />
            <String ID="P105_S00143" HPOS="1570" VPOS="980" WIDTH="66" HEIGHT="53" STYLEREFS="StyleId-2" CONTENT="the" WC="0.75333333" CC="070" />
            <SP ID="P105_SP00131" WIDTH="0" HPOS="0" VPOS="0" />
            <String ID="P105_S00144" HPOS="1656" VPOS="978" WIDTH="135" HEIGHT="55" STYLEREFS="StyleId-2" CONTENT="North," WC="0.7033333" CC="006074" />
            <SP ID="P105_SP00132" WIDTH="0" HPOS="0" VPOS="0" />
            <String ID="P105_S00145" HPOS="1815" VPOS="987" WIDTH="53" HEIGHT="46" STYLEREFS="StyleId-2" CONTENT="or" WC="0.77" CC="04" />
          </TextLine>
          <TextLine ID="P105_TL00014" HPOS="342" VPOS="1041" WIDTH="1520" HEIGHT="38">
            <String ID="P105_S00146" HPOS="342" VPOS="1046" WIDTH="134" HEIGHT="34" STYLEREFS="StyleId-2" CONTENT="indeed" WC="0.775" CC="370020" />
            <SP ID="P105_SP00133" WIDTH="0" HPOS="0" VPOS="0" />
            <String ID="P105_S00147" HPOS="490" VPOS="1056" WIDTH="78" HEIGHT="31" STYLEREFS="StyleId-2" CONTENT="any" WC="0.66" CC="270" />
            <SP ID="P105_SP00134" WIDTH="0" HPOS="0" VPOS="0" />
            <String ID="P105_S00148" HPOS="581" VPOS="1047" WIDTH="165" HEIGHT="40" STYLEREFS="StyleId-2" CONTENT="country" WC="0.387142867" CC="54079510" />
            <SP ID="P105_SP00135" WIDTH="0" HPOS="0" VPOS="0" />
            <String ID="P105_S00149" HPOS="760" VPOS="1044" WIDTH="117" HEIGHT="43" STYLEREFS="StyleId-2" CONTENT="which" WC="0.54" CC="1002110" />
            <SP ID="P105_SP00136" WIDTH="0" HPOS="0" VPOS="0" />
            <String ID="P105_S00150" HPOS="890" VPOS="1042" WIDTH="33" HEIGHT="45" STYLEREFS="StyleId-2" CONTENT="is" WC="0.475" CC="37" />
            <SP ID="P105_SP00137" WIDTH="0" HPOS="0" VPOS="0" />
            <String ID="P105_S00151" HPOS="938" VPOS="1040" WIDTH="211" HEIGHT="47" STYLEREFS="StyleId-2" CONTENT="dependent" WC="0.75222224" CC="030360260" />
            <SP ID="P105_SP00138" WIDTH="0" HPOS="0" VPOS="0" />
            <String ID="P105_S00152" HPOS="1161" VPOS="1038" WIDTH="159" HEIGHT="49" STYLEREFS="StyleId-2" CONTENT="entirely" WC="0.54625" CC="270551310" />
            <SP ID="P105_SP00139" WIDTH="0" HPOS="0" VPOS="0" />
            <String ID="P105_S00153" HPOS="1341" VPOS="1047" WIDTH="51" HEIGHT="40" STYLEREFS="StyleId-2" CONTENT="on" WC="0.64" CC="07" />
            <SP ID="P105_SP00140" WIDTH="0" HPOS="0" VPOS="0" />
            <String ID="P105_S00154" HPOS="1411" VPOS="1036" WIDTH="74" HEIGHT="51" STYLEREFS="StyleId-2" CONTENT="free" WC="0.81" CC="1600" />
            <SP ID="P105_SP00141" WIDTH="0" HPOS="0" VPOS="0" />
            <String ID="P105_S00155" HPOS="1497" VPOS="1035" WIDTH="123" HEIGHT="52" STYLEREFS="StyleId-2" CONTENT="labor." WC="0.8066667" CC="060140" />
            <SP ID="P105_SP00142" WIDTH="0" HPOS="0" VPOS="0" />
            <String ID="P105_S00156" HPOS="1663" VPOS="1033" WIDTH="79" HEIGHT="54" STYLEREFS="StyleId-2" CONTENT="The" WC="0.7633333" CC="070" />
            <SP ID="P105_SP00143" WIDTH="0" HPOS="0" VPOS="0" />
            <String ID="P105_S00157" HPOS="1753" VPOS="1032" WIDTH="108" HEIGHT="55" STYLEREFS="StyleId-2" CONTENT="insti¬" WC="0.328333348" CC="7761052" />
          </TextLine>
          <TextLine ID="P105_TL00015" HPOS="343" VPOS="1097" WIDTH="1518" HEIGHT="36">
            <String ID="P105_S00158" HPOS="343" VPOS="1099" WIDTH="133" HEIGHT="35" STYLEREFS="StyleId-2" CONTENT="tution" WC="0.586666644" CC="1070007" />
            <SP ID="P105_SP00144" WIDTH="0" HPOS="0" VPOS="0" />
            <String ID="P105_S00159" HPOS="489" VPOS="1101" WIDTH="33" HEIGHT="33" STYLEREFS="StyleId-2" CONTENT="is" WC="0.33" CC="58" />
            <SP ID="P105_SP00145" WIDTH="0" HPOS="0" VPOS="0" />
            <String ID="P105_S00160" HPOS="537" VPOS="1111" WIDTH="25" HEIGHT="23" STYLEREFS="StyleId-2" CONTENT="a" WC="1" CC="0" />
            <SP ID="P105_SP00146" WIDTH="0" HPOS="0" VPOS="0" />
            <String ID="P105_S00161" HPOS="581" VPOS="1102" WIDTH="119" HEIGHT="32" STYLEREFS="StyleId-2" CONTENT="tower" WC="0.934" CC="00003" />
            <SP ID="P105_SP00147" WIDTH="0" HPOS="0" VPOS="0" />
            <String ID="P105_S00162" HPOS="721" VPOS="1098" WIDTH="43" HEIGHT="36" STYLEREFS="StyleId-2" CONTENT="of" WC="0.905" CC="01" />
            <SP ID="P105_SP00148" WIDTH="0" HPOS="0" VPOS="0" />
            <String ID="P105_S00163" HPOS="780" VPOS="1098" WIDTH="176" HEIGHT="41" STYLEREFS="StyleId-2" CONTENT="strength" WC="0.64" CC="50307507" />
            <SP ID="P105_SP00149" WIDTH="0" HPOS="0" VPOS="0" />
            <String ID="P105_S00164" HPOS="976" VPOS="1098" WIDTH="45" HEIGHT="41" STYLEREFS="StyleId-2" CONTENT="to" WC="0.87" CC="02" />
            <SP ID="P105_SP00150" WIDTH="0" HPOS="0" VPOS="0" />
            <String ID="P105_S00165" HPOS="1042" VPOS="1094" WIDTH="68" HEIGHT="45" STYLEREFS="StyleId-2" CONTENT="the" WC="0.706666648" CC="071" />
            <SP ID="P105_SP00151" WIDTH="0" HPOS="0" VPOS="0" />
            <String ID="P105_S00166" HPOS="1130" VPOS="1092" WIDTH="134" HEIGHT="47" STYLEREFS="StyleId-2" CONTENT="South," WC="0.55" CC="647071" />
            <SP ID="P105_SP00152" WIDTH="0" HPOS="0" VPOS="0" />
            <String ID="P105_S00167" HPOS="1287" VPOS="1091" WIDTH="250" HEIGHT="48" STYLEREFS="StyleId-2" CONTENT="particularly" WC="0.839166641" CC="005014410200" />
            <SP ID="P105_SP00153" WIDTH="0" HPOS="0" VPOS="0" />
            <String ID="P105_S00168" HPOS="1559" VPOS="1091" WIDTH="45" HEIGHT="48" STYLEREFS="StyleId-2" CONTENT="at" WC="0.06" CC="810" />
            <SP ID="P105_SP00154" WIDTH="0" HPOS="0" VPOS="0" />
            <String ID="P105_S00169" HPOS="1623" VPOS="1089" WIDTH="66" HEIGHT="50" STYLEREFS="StyleId-2" CONTENT="the" WC="0.75333333" CC="070" />
            <SP ID="P105_SP00155" WIDTH="0" HPOS="0" VPOS="0" />
            <String ID="P105_S00170" HPOS="1709" VPOS="1090" WIDTH="152" HEIGHT="49" STYLEREFS="StyleId-2" CONTENT="present" WC="0.6842857" CC="0616070" />
          </TextLine>
          <TextLine ID="P105_TL00016" HPOS="343" VPOS="1151" WIDTH="1518" HEIGHT="38">
            <String ID="P105_S00171" HPOS="343" VPOS="1155" WIDTH="117" HEIGHT="42" STYLEREFS="StyleId-2" CONTENT="crisis," WC="0.6042857" CC="0707354" />
            <SP ID="P105_SP00156" WIDTH="0" HPOS="0" VPOS="0" />
            <String ID="P105_S00172" HPOS="471" VPOS="1155" WIDTH="77" HEIGHT="42" STYLEREFS="StyleId-2" CONTENT="and" WC="0.7733333" CC="060" />
            <SP ID="P105_SP00157" WIDTH="0" HPOS="0" VPOS="0" />
            <String ID="P105_S00173" HPOS="564" VPOS="1164" WIDTH="70" HEIGHT="33" STYLEREFS="StyleId-2" CONTENT="our" WC="0.51" CC="077" />
            <SP ID="P105_SP00158" WIDTH="0" HPOS="0" VPOS="0" />
            <String ID="P105_S00174" HPOS="648" VPOS="1153" WIDTH="157" HEIGHT="44" STYLEREFS="StyleId-2" CONTENT="enemies" WC="0.6571429" CC="0605604" />
            <SP ID="P105_SP00159" WIDTH="0" HPOS="0" VPOS="0" />
            <String ID="P105_S00175" HPOS="820" VPOS="1152" WIDTH="72" HEIGHT="45" STYLEREFS="StyleId-2" CONTENT="will" WC="0.75" CC="10000" />
            <SP ID="P105_SP00160" WIDTH="0" HPOS="0" VPOS="0" />
            <String ID="P105_S00176" HPOS="905" VPOS="1151" WIDTH="46" HEIGHT="46" STYLEREFS="StyleId-2" CONTENT="be" WC="1" CC="00" />
            <SP ID="P105_SP00161" WIDTH="0" HPOS="0" VPOS="0" />
            <String ID="P105_S00177" HPOS="964" VPOS="1149" WIDTH="112" HEIGHT="48" STYLEREFS="StyleId-2" CONTENT="likely" WC="0.805" CC="015500" />
            <SP ID="P105_SP00162" WIDTH="0" HPOS="0" VPOS="0" />
            <String ID="P105_S00178" HPOS="1089" VPOS="1151" WIDTH="45" HEIGHT="46" STYLEREFS="StyleId-2" CONTENT="to" WC="1" CC="00" />
            <SP ID="P105_SP00163" WIDTH="0" HPOS="0" VPOS="0" />
            <String ID="P105_S00179" HPOS="1150" VPOS="1147" WIDTH="78" HEIGHT="50" STYLEREFS="StyleId-2" CONTENT="find" WC="0.985" CC="0000" />
            <SP ID="P105_SP00164" WIDTH="0" HPOS="0" VPOS="0" />
            <String ID="P105_S00180" HPOS="1241" VPOS="1148" WIDTH="93" HEIGHT="49" STYLEREFS="StyleId-2" CONTENT="that" WC="1" CC="0000" />
            <SP ID="P105_SP00165" WIDTH="0" HPOS="0" VPOS="0" />
            <String ID="P105_S00181" HPOS="1346" VPOS="1147" WIDTH="67" HEIGHT="50" STYLEREFS="StyleId-2" CONTENT="the" WC="0.76" CC="070" />
            <SP ID="P105_SP00166" WIDTH="0" HPOS="0" VPOS="0" />
            <String ID="P105_S00182" HPOS="1428" VPOS="1145" WIDTH="136" HEIGHT="52" STYLEREFS="StyleId-2" CONTENT="'moral" WC="0.745" CC="470200" />
            <SP ID="P105_SP00167" WIDTH="0" HPOS="0" VPOS="0" />
            <String ID="P105_S00183" HPOS="1577" VPOS="1143" WIDTH="143" HEIGHT="54" STYLEREFS="StyleId-2" CONTENT="cancer'" WC="0.801428556" CC="0070042" />
            <SP ID="P105_SP00168" WIDTH="0" HPOS="0" VPOS="0" />
            <String ID="P105_S00184" HPOS="1737" VPOS="1144" WIDTH="124" HEIGHT="53" STYLEREFS="StyleId-2" CONTENT="about" WC="0.562" CC="800310" />
          </TextLine>
          <TextLine ID="P105_TL00017" HPOS="344" VPOS="1207" WIDTH="1518" HEIGHT="35">
            <String ID="P105_S00185" HPOS="344" VPOS="1210" WIDTH="119" HEIGHT="33" STYLEREFS="StyleId-2" CONTENT="which" WC="0.56" CC="87050" />
            <SP ID="P105_SP00169" WIDTH="0" HPOS="0" VPOS="0" />
            <String ID="P105_S00186" HPOS="483" VPOS="1209" WIDTH="101" HEIGHT="34" STYLEREFS="StyleId-2" CONTENT="their" WC="0.396" CC="97156" />
            <SP ID="P105_SP00170" WIDTH="0" HPOS="0" VPOS="0" />
            <String ID="P105_S00187" HPOS="604" VPOS="1211" WIDTH="156" HEIGHT="32" STYLEREFS="StyleId-2" CONTENT="orators" WC="0.607142866" CC="16100054" />
            <SP ID="P105_SP00171" WIDTH="0" HPOS="0" VPOS="0" />
            <String ID="P105_S00188" HPOS="781" VPOS="1216" WIDTH="67" HEIGHT="27" STYLEREFS="StyleId-2" CONTENT="are" WC="0.43" CC="952" />
            <SP ID="P105_SP00172" WIDTH="0" HPOS="0" VPOS="0" />
            <String ID="P105_S00189" HPOS="867" VPOS="1215" WIDTH="45" HEIGHT="28" STYLEREFS="StyleId-2" CONTENT="so" WC="0.385" CC="65" />
            <SP ID="P105_SP00173" WIDTH="0" HPOS="0" VPOS="0" />
            <String ID="P105_S00190" HPOS="931" VPOS="1204" WIDTH="93" HEIGHT="39" STYLEREFS="StyleId-2" CONTENT="fond" WC="0.6775" CC="5070" />
            <SP ID="P105_SP00174" WIDTH="0" HPOS="0" VPOS="0" />
            <String ID="P105_S00191" HPOS="1046" VPOS="1204" WIDTH="44" HEIGHT="39" STYLEREFS="StyleId-2" CONTENT="of" WC="1" CC="00" />
            <SP ID="P105_SP00175" WIDTH="0" HPOS="0" VPOS="0" />
            <String ID="P105_S00192" HPOS="1103" VPOS="1203" WIDTH="169" HEIGHT="43" STYLEREFS="StyleId-2" CONTENT="prating," WC="0.5325" CC="560057102" />
            <SP ID="P105_SP00176" WIDTH="0" HPOS="0" VPOS="0" />
            <String ID="P105_S00193" HPOS="1294" VPOS="1202" WIDTH="33" HEIGHT="44" STYLEREFS="StyleId-2" CONTENT="is" WC="0.37" CC="57" />
            <SP ID="P105_SP00177" WIDTH="0" HPOS="0" VPOS="0" />
            <String ID="P105_S00194" HPOS="1353" VPOS="1201" WIDTH="120" HEIGHT="45" STYLEREFS="StyleId-2" CONTENT="really" WC="0.5966667" CC="7060010" />
            <SP ID="P105_SP00178" WIDTH="0" HPOS="0" VPOS="0" />
            <String ID="P105_S00195" HPOS="1500" VPOS="1210" WIDTH="72" HEIGHT="36" STYLEREFS="StyleId-2" CONTENT="one" WC="0.766666651" CC="070" />
            <SP ID="P105_SP00179" WIDTH="0" HPOS="0" VPOS="0" />
            <String ID="P105_S00196" HPOS="1599" VPOS="1199" WIDTH="44" HEIGHT="47" STYLEREFS="StyleId-2" CONTENT="of" WC="0.955" CC="00" />
            <SP ID="P105_SP00180" WIDTH="0" HPOS="0" VPOS="0" />
            <String ID="P105_S00197" HPOS="1663" VPOS="1199" WIDTH="67" HEIGHT="47" STYLEREFS="StyleId-2" CONTENT="the" WC="0.75333333" CC="070" />
            <SP ID="P105_SP00181" WIDTH="0" HPOS="0" VPOS="0" />
            <String ID="P105_S00198" HPOS="1755" VPOS="1200" WIDTH="107" HEIGHT="46" STYLEREFS="StyleId-2" CONTENT="most" WC="0.5925" CC="0079" />
          </TextLine>
          <TextLine ID="P105_TL00018" HPOS="344" VPOS="1261" WIDTH="1520" HEIGHT="37">
            <String ID="P105_S00199" HPOS="344" VPOS="1264" WIDTH="167" HEIGHT="34" STYLEREFS="StyleId-2" CONTENT="effective" WC="0.9588889" CC="000030000" />
            <SP ID="P105_SP00182" WIDTH="0" HPOS="0" VPOS="0" />
            <String ID="P105_S00200" HPOS="524" VPOS="1273" WIDTH="177" HEIGHT="32" STYLEREFS="StyleId-2" CONTENT="weapons" WC="0.6628571" CC="9000076" />
            <SP ID="P105_SP00183" WIDTH="0" HPOS="0" VPOS="0" />
            <String ID="P105_S00201" HPOS="715" VPOS="1260" WIDTH="197" HEIGHT="45" STYLEREFS="StyleId-2" CONTENT="employed" WC="0.92125" CC="06000000" />
            <SP ID="P105_SP00184" WIDTH="0" HPOS="0" VPOS="0" />
            <String ID="P105_S00202" HPOS="928" VPOS="1260" WIDTH="157" HEIGHT="45" STYLEREFS="StyleId-2" CONTENT="against" WC="0.541428566" CC="8900660" />
            <SP ID="P105_SP00185" WIDTH="0" HPOS="0" VPOS="0" />
            <String ID="P105_S00203" HPOS="1098" VPOS="1258" WIDTH="66" HEIGHT="47" STYLEREFS="StyleId-2" CONTENT="the" WC="1" CC="000" />
            <SP ID="P105_SP00186" WIDTH="0" HPOS="0" VPOS="0" />
            <String ID="P105_S00204" HPOS="1177" VPOS="1257" WIDTH="124" HEIGHT="48" STYLEREFS="StyleId-2" CONTENT="Union" WC="0.644" CC="08035" />
            <SP ID="P105_SP00187" WIDTH="0" HPOS="0" VPOS="0" />
            <String ID="P105_S00205" HPOS="1321" VPOS="1257" WIDTH="52" HEIGHT="48" STYLEREFS="StyleId-2" CONTENT="by" WC="1" CC="00" />
            <SP ID="P105_SP00188" WIDTH="0" HPOS="0" VPOS="0" />
            <String ID="P105_S00206" HPOS="1393" VPOS="1256" WIDTH="66" HEIGHT="49" STYLEREFS="StyleId-2" CONTENT="the" WC="1" CC="000" />
            <SP ID="P105_SP00189" WIDTH="0" HPOS="0" VPOS="0" />
            <String ID="P105_S00207" HPOS="1480" VPOS="1255" WIDTH="135" HEIGHT="50" STYLEREFS="StyleId-2" CONTENT="South." WC="0.691666663" CC="634004" />
            <SP ID="P105_SP00190" WIDTH="0" HPOS="0" VPOS="0" />
            <String ID="P105_S00208" HPOS="1657" VPOS="1253" WIDTH="207" HEIGHT="52" STYLEREFS="StyleId-2" CONTENT="Whatever" WC="0.63875" CC="60006906" />
          </TextLine>
          <TextLine ID="P105_TL00019" HPOS="345" VPOS="1317" WIDTH="1517" HEIGHT="34">
            <String ID="P105_S00209" HPOS="345" VPOS="1319" WIDTH="158" HEIGHT="33" STYLEREFS="StyleId-2" CONTENT="number" WC="0.7966667" CC="500006" />
            <SP ID="P105_SP00191" WIDTH="0" HPOS="0" VPOS="0" />
            <String ID="P105_S00210" HPOS="518" VPOS="1318" WIDTH="43" HEIGHT="34" STYLEREFS="StyleId-2" CONTENT="of" WC="1" CC="00" />
            <SP ID="P105_SP00192" WIDTH="0" HPOS="0" VPOS="0" />
            <String ID="P105_S00211" HPOS="577" VPOS="1327" WIDTH="84" HEIGHT="25" STYLEREFS="StyleId-2" CONTENT="men" WC="0.7733333" CC="006" />
            <SP ID="P105_SP00193" WIDTH="0" HPOS="0" VPOS="0" />
            <String ID="P105_S00212" HPOS="675" VPOS="1326" WIDTH="92" HEIGHT="30" STYLEREFS="StyleId-2" CONTENT="may" WC="0.6666667" CC="0010" />
            <SP ID="P105_SP00194" WIDTH="0" HPOS="0" VPOS="0" />
            <String ID="P105_S00213" HPOS="781" VPOS="1316" WIDTH="46" HEIGHT="40" STYLEREFS="StyleId-2" CONTENT="be" WC="1" CC="00" />
            <SP ID="P105_SP00195" WIDTH="0" HPOS="0" VPOS="0" />
            <String ID="P105_S00214" HPOS="840" VPOS="1314" WIDTH="138" HEIGHT="42" STYLEREFS="StyleId-2" CONTENT="needed" WC="0.88166666" CC="700000" />
            <SP ID="P105_SP00196" WIDTH="0" HPOS="0" VPOS="0" />
            <String ID="P105_S00215" HPOS="992" VPOS="1314" WIDTH="58" HEIGHT="42" STYLEREFS="StyleId-2" CONTENT="for" WC="0.79" CC="006" />
            <SP ID="P105_SP00197" WIDTH="0" HPOS="0" VPOS="0" />
            <String ID="P105_S00216" HPOS="1064" VPOS="1313" WIDTH="77" HEIGHT="43" STYLEREFS="StyleId-2" CONTENT="this" WC="0.48" CC="01037" />
            <SP ID="P105_SP00198" WIDTH="0" HPOS="0" VPOS="0" />
            <String ID="P105_S00217" HPOS="1156" VPOS="1323" WIDTH="88" HEIGHT="33" STYLEREFS="StyleId-2" CONTENT="war," WC="0.5925" CC="0753" />
            <SP ID="P105_SP00199" WIDTH="0" HPOS="0" VPOS="0" />
            <String ID="P105_S00218" HPOS="1268" VPOS="1322" WIDTH="52" HEIGHT="34" STYLEREFS="StyleId-2" CONTENT="we" WC="1" CC="00" />
            <SP ID="P105_SP00200" WIDTH="0" HPOS="0" VPOS="0" />
            <String ID="P105_S00219" HPOS="1341" VPOS="1321" WIDTH="64" HEIGHT="35" STYLEREFS="StyleId-2" CONTENT="are" WC="0.456666678" CC="1060" />
            <SP ID="P105_SP00201" WIDTH="0" HPOS="0" VPOS="0" />
            <String ID="P105_S00220" HPOS="1425" VPOS="1310" WIDTH="193" HEIGHT="46" STYLEREFS="StyleId-2" CONTENT="confident" WC="0.7266667" CC="226005060" />
            <SP ID="P105_SP00202" WIDTH="0" HPOS="0" VPOS="0" />
            <String ID="P105_S00221" HPOS="1638" VPOS="1319" WIDTH="72" HEIGHT="37" STYLEREFS="StyleId-2" CONTENT="our" WC="0.64" CC="073" />
            <SP ID="P105_SP00203" WIDTH="0" HPOS="0" VPOS="0" />
            <String ID="P105_S00222" HPOS="1730" VPOS="1309" WIDTH="132" HEIGHT="47" STYLEREFS="StyleId-2" CONTENT="people" WC="0.845" CC="900000" />
          </TextLine>
          <TextLine ID="P105_TL00020" HPOS="345" VPOS="1372" WIDTH="1519" HEIGHT="33">
            <String ID="P105_S00223" HPOS="345" VPOS="1373" WIDTH="119" HEIGHT="35" STYLEREFS="StyleId-2" CONTENT="stand" WC="0.624" CC="20970" />
            <SP ID="P105_SP00204" WIDTH="0" HPOS="0" VPOS="0" />
            <String ID="P105_S00224" HPOS="477" VPOS="1372" WIDTH="121" HEIGHT="41" STYLEREFS="StyleId-2" CONTENT="ready" WC="0.87" CC="60000" />
            <SP ID="P105_SP00205" WIDTH="0" HPOS="0" VPOS="0" />
            <String ID="P105_S00225" HPOS="610" VPOS="1374" WIDTH="46" HEIGHT="39" STYLEREFS="StyleId-2" CONTENT="to" WC="1" CC="00" />
            <SP ID="P105_SP00206" WIDTH="0" HPOS="0" VPOS="0" />
            <String ID="P105_S00226" HPOS="670" VPOS="1370" WIDTH="157" HEIGHT="43" STYLEREFS="StyleId-2" CONTENT="furnish." WC="0.58" CC="04673704" />
            <SP ID="P105_SP00207" WIDTH="0" HPOS="0" VPOS="0" />
            <String ID="P105_S00227" HPOS="868" VPOS="1369" WIDTH="67" HEIGHT="44" STYLEREFS="StyleId-2" CONTENT="We" WC="0.655" CC="60" />
            <SP ID="P105_SP00208" WIDTH="0" HPOS="0" VPOS="0" />
            <String ID="P105_S00228" HPOS="955" VPOS="1379" WIDTH="65" HEIGHT="34" STYLEREFS="StyleId-2" CONTENT="are" WC="0.733333349" CC="080" />
            <SP ID="P105_SP00209" WIDTH="0" HPOS="0" VPOS="0" />
            <String ID="P105_S00229" HPOS="1040" VPOS="1368" WIDTH="52" HEIGHT="45" STYLEREFS="StyleId-2" CONTENT="all" WC="0.7633333" CC="105" />
            <SP ID="P105_SP00210" WIDTH="0" HPOS="0" VPOS="0" />
            <String ID="P105_S00230" HPOS="1112" VPOS="1367" WIDTH="158" HEIGHT="46" STYLEREFS="StyleId-2" CONTENT="enlisted" WC="0.77625" CC="07036000" />
            <SP ID="P105_SP00211" WIDTH="0" HPOS="0" VPOS="0" />
            <String ID="P105_S00231" HPOS="1287" VPOS="1366" WIDTH="62" HEIGHT="47" STYLEREFS="StyleId-2" CONTENT="for" WC="0.7866667" CC="501" />
            <SP ID="P105_SP00212" WIDTH="0" HPOS="0" VPOS="0" />
            <String ID="P105_S00232" HPOS="1361" VPOS="1366" WIDTH="67" HEIGHT="47" STYLEREFS="StyleId-2" CONTENT="the" WC="0.426666677" CC="970" />
            <SP ID="P105_SP00213" WIDTH="0" HPOS="0" VPOS="0" />
            <String ID="P105_S00233" HPOS="1440" VPOS="1375" WIDTH="90" HEIGHT="38" STYLEREFS="StyleId-2" CONTENT="war," WC="0.5675" CC="8251" />
            <SP ID="P105_SP00214" WIDTH="0" HPOS="0" VPOS="0" />
            <String ID="P105_S00234" HPOS="1547" VPOS="1364" WIDTH="79" HEIGHT="49" STYLEREFS="StyleId-2" CONTENT="and" WC="0.75666666" CC="070" />
            <SP ID="P105_SP00215" WIDTH="0" HPOS="0" VPOS="0" />
            <String ID="P105_S00235" HPOS="1638" VPOS="1364" WIDTH="106" HEIGHT="49" STYLEREFS="StyleId-2" CONTENT="there" WC="0.886" CC="00050" />
            <SP ID="P105_SP00216" WIDTH="0" HPOS="0" VPOS="0" />
            <String ID="P105_S00236" HPOS="1757" VPOS="1365" WIDTH="106" HEIGHT="48" STYLEREFS="StyleId-2" CONTENT="must" WC="0.19" CC="77710" />
          </TextLine>
          <TextLine ID="P105_TL00021" HPOS="344" VPOS="1425" WIDTH="1518" HEIGHT="37">
            <String ID="P105_S00237" HPOS="344" VPOS="1428" WIDTH="49" HEIGHT="35" STYLEREFS="StyleId-2" CONTENT="be" WC="0.475" CC="100" />
            <SP ID="P105_SP00217" WIDTH="0" HPOS="0" VPOS="0" />
            <String ID="P105_S00238" HPOS="406" VPOS="1438" WIDTH="51" HEIGHT="25" STYLEREFS="StyleId-2" CONTENT="no" WC="0.465" CC="82" />
            <SP ID="P105_SP00218" WIDTH="0" HPOS="0" VPOS="0" />
            <String ID="P105_S00239" HPOS="472" VPOS="1426" WIDTH="159" HEIGHT="43" STYLEREFS="StyleId-2" CONTENT="holding" WC="0.5214286" CC="70080710" />
            <SP ID="P105_SP00219" WIDTH="0" HPOS="0" VPOS="0" />
            <String ID="P105_S00240" HPOS="644" VPOS="1425" WIDTH="100" HEIGHT="44" STYLEREFS="StyleId-2" CONTENT="back" WC="0.855" CC="0005" />
            <SP ID="P105_SP00220" WIDTH="0" HPOS="0" VPOS="0" />
            <String ID="P105_S00241" HPOS="763" VPOS="1424" WIDTH="100" HEIGHT="45" STYLEREFS="StyleId-2" CONTENT="until" WC="0.59" CC="75051" />
            <SP ID="P105_SP00221" WIDTH="0" HPOS="0" VPOS="0" />
            <String ID="P105_S00242" HPOS="881" VPOS="1424" WIDTH="67" HEIGHT="45" STYLEREFS="StyleId-2" CONTENT="the" WC="0.75333333" CC="070" />
            <SP ID="P105_SP00222" WIDTH="0" HPOS="0" VPOS="0" />
            <String ID="P105_S00243" HPOS="967" VPOS="1422" WIDTH="270" HEIGHT="47" STYLEREFS="StyleId-2" CONTENT="independence" WC="0.8225" CC="060000700600" />
            <SP ID="P105_SP00223" WIDTH="0" HPOS="0" VPOS="0" />
            <String ID="P105_S00244" HPOS="1252" VPOS="1421" WIDTH="42" HEIGHT="48" STYLEREFS="StyleId-2" CONTENT="of" WC="0.615" CC="42" />
            <SP ID="P105_SP00224" WIDTH="0" HPOS="0" VPOS="0" />
            <String ID="P105_S00245" HPOS="1309" VPOS="1421" WIDTH="66" HEIGHT="48" STYLEREFS="StyleId-2" CONTENT="the" WC="1" CC="000" />
            <SP ID="P105_SP00225" WIDTH="0" HPOS="0" VPOS="0" />
            <String ID="P105_S00246" HPOS="1389" VPOS="1419" WIDTH="123" HEIGHT="50" STYLEREFS="StyleId-2" CONTENT="South" WC="0.382" CC="73297" />
            <SP ID="P105_SP00226" WIDTH="0" HPOS="0" VPOS="0" />
            <String ID="P105_S00247" HPOS="1526" VPOS="1420" WIDTH="33" HEIGHT="49" STYLEREFS="StyleId-2" CONTENT="is" WC="0.685" CC="33" />
            <SP ID="P105_SP00227" WIDTH="0" HPOS="0" VPOS="0" />
            <String ID="P105_S00248" HPOS="1573" VPOS="1418" WIDTH="91" HEIGHT="51" STYLEREFS="StyleId-2" CONTENT="fully" WC="0.756" CC="57000" />
            <SP ID="P105_SP00228" WIDTH="0" HPOS="0" VPOS="0" />
            <String ID="P105_S00249" HPOS="1679" VPOS="1418" WIDTH="183" HEIGHT="51" STYLEREFS="StyleId-2" CONTENT="acknowl¬" WC="0.6675" CC="100074004" />
          </TextLine>
          <TextLine ID="P105_TL00022" HPOS="346" VPOS="1483" WIDTH="191" HEIGHT="42">
            <String ID="P105_S00250" HPOS="346" VPOS="1482" WIDTH="158" HEIGHT="44" STYLEREFS="StyleId-2" CONTENT="edged.&quot;" WC="0.9085714" CC="0001040" />
            <SP ID="P105_SP00229" WIDTH="0" HPOS="0" VPOS="0" />
            <String ID="P105_S00251" HPOS="529" VPOS="1495" WIDTH="8" HEIGHT="31" STYLEREFS="StyleId-2" CONTENT="*" WC="0.27" CC="7" />
          </TextLine>
          <TextLine ID="P105_TL00023" HPOS="422" VPOS="1570" WIDTH="1439" HEIGHT="46">
            <String ID="P105_S00252" HPOS="422" VPOS="1571" WIDTH="98" HEIGHT="41" STYLEREFS="StyleId-0" CONTENT="The" WC="0.75" CC="070" />
            <SP ID="P105_SP00230" WIDTH="0" HPOS="0" VPOS="0" />
            <String ID="P105_S00253" HPOS="537" VPOS="1569" WIDTH="123" HEIGHT="43" STYLEREFS="StyleId-0" CONTENT="facts" WC="0.576" CC="07255" />
            <SP ID="P105_SP00231" WIDTH="0" HPOS="0" VPOS="0" />
            <String ID="P105_S00254" HPOS="680" VPOS="1568" WIDTH="194" HEIGHT="53" STYLEREFS="StyleId-0" CONTENT="already" WC="0.432857156" CC="10260676" />
            <SP ID="P105_SP00232" WIDTH="0" HPOS="0" VPOS="0" />
            <String ID="P105_S00255" HPOS="893" VPOS="1566" WIDTH="146" HEIGHT="55" STYLEREFS="StyleId-0" CONTENT="noted" WC="0.572" CC="62605" />
            <SP ID="P105_SP00233" WIDTH="0" HPOS="0" VPOS="0" />
            <String ID="P105_S00256" HPOS="1056" VPOS="1566" WIDTH="189" HEIGHT="55" STYLEREFS="StyleId-0" CONTENT="became" WC="0.5466667" CC="1003940" />
            <SP ID="P105_SP00234" WIDTH="0" HPOS="0" VPOS="0" />
            <String ID="P105_S00257" HPOS="1264" VPOS="1565" WIDTH="236" HEIGHT="56" STYLEREFS="StyleId-0" CONTENT="apparent" WC="0.63375" CC="07672050" />
            <SP ID="P105_SP00235" WIDTH="0" HPOS="0" VPOS="0" />
            <String ID="P105_S00258" HPOS="1515" VPOS="1565" WIDTH="57" HEIGHT="56" STYLEREFS="StyleId-0" CONTENT="to" WC="1" CC="00" />
            <SP ID="P105_SP00236" WIDTH="0" HPOS="0" VPOS="0" />
            <String ID="P105_S00259" HPOS="1589" VPOS="1562" WIDTH="84" HEIGHT="59" STYLEREFS="StyleId-0" CONTENT="the" WC="0.74666667" CC="070" />
            <SP ID="P105_SP00237" WIDTH="0" HPOS="0" VPOS="0" />
            <String ID="P105_S00260" HPOS="1690" VPOS="1561" WIDTH="171" HEIGHT="60" STYLEREFS="StyleId-0" CONTENT="nation" WC="0.6483333" CC="900109" />
          </TextLine>
          <TextLine ID="P105_TL00024" HPOS="345" VPOS="1635" WIDTH="1516" HEIGHT="54">
            <String ID="P105_S00261" HPOS="345" VPOS="1650" WIDTH="117" HEIGHT="47" STYLEREFS="StyleId-0" CONTENT="very" WC="0.47" CC="7067" />
            <SP ID="P105_SP00238" WIDTH="0" HPOS="0" VPOS="0" />
            <String ID="P105_S00262" HPOS="480" VPOS="1649" WIDTH="136" HEIGHT="48" STYLEREFS="StyleId-0" CONTENT="soon," WC="0.732" CC="62004" />
            <SP ID="P105_SP00239" WIDTH="0" HPOS="0" VPOS="0" />
            <String ID="P105_S00263" HPOS="638" VPOS="1635" WIDTH="96" HEIGHT="62" STYLEREFS="StyleId-0" CONTENT="and" WC="0.62" CC="407" />
            <SP ID="P105_SP00240" WIDTH="0" HPOS="0" VPOS="0" />
            <String ID="P105_S00264" HPOS="751" VPOS="1634" WIDTH="116" HEIGHT="63" STYLEREFS="StyleId-0" CONTENT="then" WC="0.8175" CC="0700" />
            <SP ID="P105_SP00241" WIDTH="0" HPOS="0" VPOS="0" />
            <String ID="P105_S00265" HPOS="893" VPOS="1645" WIDTH="130" HEIGHT="52" STYLEREFS="StyleId-0" CONTENT="came" WC="0.685" CC="0930" />
            <SP ID="P105_SP00242" WIDTH="0" HPOS="0" VPOS="0" />
            <String ID="P105_S00266" HPOS="1050" VPOS="1645" WIDTH="31" HEIGHT="52" STYLEREFS="StyleId-0" CONTENT="a" WC="0" CC="10" />
            <SP ID="P105_SP00243" WIDTH="0" HPOS="0" VPOS="0" />
            <String ID="P105_S00267" HPOS="1107" VPOS="1632" WIDTH="179" HEIGHT="65" STYLEREFS="StyleId-0" CONTENT="change" WC="0.475" CC="0791040" />
            <SP ID="P105_SP00244" WIDTH="0" HPOS="0" VPOS="0" />
            <String ID="P105_S00268" HPOS="1305" VPOS="1630" WIDTH="52" HEIGHT="67" STYLEREFS="StyleId-0" CONTENT="of" WC="0.795" CC="04" />
            <SP ID="P105_SP00245" WIDTH="0" HPOS="0" VPOS="0" />
            <String ID="P105_S00269" HPOS="1378" VPOS="1629" WIDTH="266" HEIGHT="68" STYLEREFS="StyleId-0" CONTENT="procedure," WC="0.751" CC="0500007407" />
            <SP ID="P105_SP00246" WIDTH="0" HPOS="0" VPOS="0" />
            <String ID="P105_S00270" HPOS="1666" VPOS="1627" WIDTH="95" HEIGHT="70" STYLEREFS="StyleId-0" CONTENT="and" WC="1" CC="000" />
            <SP ID="P105_SP00247" WIDTH="0" HPOS="0" VPOS="0" />
            <String ID="P105_S00271" HPOS="1779" VPOS="1627" WIDTH="82" HEIGHT="70" STYLEREFS="StyleId-0" CONTENT="the" WC="1" CC="000" />
          </TextLine>
          <TextLine ID="P105_TL00025" HPOS="345" VPOS="1701" WIDTH="1514" HEIGHT="48">
            <String ID="P105_S00272" HPOS="345" VPOS="1716" WIDTH="102" HEIGHT="29" STYLEREFS="StyleId-0" CONTENT="war" WC="0.5833333" CC="606" />
            <SP ID="P105_SP00248" WIDTH="0" HPOS="0" VPOS="0" />
            <String ID="P105_S00273" HPOS="463" VPOS="1704" WIDTH="156" HEIGHT="53" STYLEREFS="StyleId-0" CONTENT="began" WC="0.302" CC="85785" />
            <SP ID="P105_SP00249" WIDTH="0" HPOS="0" VPOS="0" />
            <String ID="P105_S00274" HPOS="635" VPOS="1703" WIDTH="58" HEIGHT="54" STYLEREFS="StyleId-0" CONTENT="to" WC="0.56" CC="80" />
            <SP ID="P105_SP00250" WIDTH="0" HPOS="0" VPOS="0" />
            <String ID="P105_S00275" HPOS="719" VPOS="1701" WIDTH="58" HEIGHT="56" STYLEREFS="StyleId-0" CONTENT="be" WC="0.5" CC="100" />
            <SP ID="P105_SP00251" WIDTH="0" HPOS="0" VPOS="0" />
            <String ID="P105_S00276" HPOS="801" VPOS="1698" WIDTH="278" HEIGHT="59" STYLEREFS="StyleId-0" CONTENT="prosecuted" WC="0.634" CC="7818027010" />
            <SP ID="P105_SP00252" WIDTH="0" HPOS="0" VPOS="0" />
            <String ID="P105_S00277" HPOS="1106" VPOS="1710" WIDTH="131" HEIGHT="47" STYLEREFS="StyleId-0" CONTENT="upon" WC="0.4" CC="71006" />
            <SP ID="P105_SP00253" WIDTH="0" HPOS="0" VPOS="0" />
            <String ID="P105_S00278" HPOS="1264" VPOS="1696" WIDTH="130" HEIGHT="61" STYLEREFS="StyleId-0" CONTENT="quite" WC="0.76" CC="07400" />
            <SP ID="P105_SP00254" WIDTH="0" HPOS="0" VPOS="0" />
            <String ID="P105_S00279" HPOS="1412" VPOS="1708" WIDTH="32" HEIGHT="49" STYLEREFS="StyleId-0" CONTENT="a" WC="0.15" CC="8" />
            <SP ID="P105_SP00255" WIDTH="0" HPOS="0" VPOS="0" />
            <String ID="P105_S00280" HPOS="1461" VPOS="1695" WIDTH="213" HEIGHT="62" STYLEREFS="StyleId-0" CONTENT="different" WC="0.7511111" CC="006706200" />
            <SP ID="P105_SP00256" WIDTH="0" HPOS="0" VPOS="0" />
            <String ID="P105_S00281" HPOS="1691" VPOS="1693" WIDTH="168" HEIGHT="64" STYLEREFS="StyleId-0" CONTENT="policy." WC="0.7242857" CC="0400274" />
          </TextLine>
          <TextLine ID="P105_TL00026" HPOS="348" VPOS="1767" WIDTH="1513" HEIGHT="46">
            <String ID="P105_S00282" HPOS="348" VPOS="1769" WIDTH="110" HEIGHT="42" STYLEREFS="StyleId-0" CONTENT="Gen." WC="0.495" CC="6094" />
            <SP ID="P105_SP00257" WIDTH="0" HPOS="0" VPOS="0" />
            <String ID="P105_S00283" HPOS="495" VPOS="1766" WIDTH="260" HEIGHT="52" STYLEREFS="StyleId-0" CONTENT="McClellan," WC="0.802" CC="0060001074" />
            <SP ID="P105_SP00258" WIDTH="0" HPOS="0" VPOS="0" />
            <String ID="P105_S00284" HPOS="792" VPOS="1765" WIDTH="157" HEIGHT="53" STYLEREFS="StyleId-0" CONTENT="whose" WC="0.628" CC="50156" />
            <SP ID="P105_SP00259" WIDTH="0" HPOS="0" VPOS="0" />
            <String ID="P105_S00285" HPOS="982" VPOS="1764" WIDTH="189" HEIGHT="54" STYLEREFS="StyleId-0" CONTENT="loyalty" WC="0.997142851" CC="0000000" />
            <SP ID="P105_SP00260" WIDTH="0" HPOS="0" VPOS="0" />
            <String ID="P105_S00286" HPOS="1204" VPOS="1765" WIDTH="56" HEIGHT="53" STYLEREFS="StyleId-0" CONTENT="to" WC="0.935" CC="01" />
            <SP ID="P105_SP00261" WIDTH="0" HPOS="0" VPOS="0" />
            <String ID="P105_S00287" HPOS="1303" VPOS="1762" WIDTH="83" HEIGHT="56" STYLEREFS="StyleId-0" CONTENT="the" WC="1" CC="000" />
            <SP ID="P105_SP00262" WIDTH="0" HPOS="0" VPOS="0" />
            <String ID="P105_S00288" HPOS="1427" VPOS="1774" WIDTH="99" HEIGHT="44" STYLEREFS="StyleId-0" CONTENT="new" WC="0.56" CC="705" />
            <SP ID="P105_SP00263" WIDTH="0" HPOS="0" VPOS="0" />
            <String ID="P105_S00289" HPOS="1568" VPOS="1760" WIDTH="155" HEIGHT="58" STYLEREFS="StyleId-0" CONTENT="policy" WC="0.918333352" CC="040000" />
            <SP ID="P105_SP00264" WIDTH="0" HPOS="0" VPOS="0" />
            <String ID="P105_S00290" HPOS="1764" VPOS="1772" WIDTH="97" HEIGHT="46" STYLEREFS="StyleId-0" CONTENT="was" WC="0.78" CC="006" />
          </TextLine>
          <TextLine ID="P105_TL00027" HPOS="347" VPOS="1827" WIDTH="1518" HEIGHT="52">
            <String ID="P105_S00291" HPOS="347" VPOS="1834" WIDTH="226" HEIGHT="52" STYLEREFS="StyleId-0" CONTENT="doubted," WC="0.85375" CC="00700004" />
            <SP ID="P105_SP00265" WIDTH="0" HPOS="0" VPOS="0" />
            <String ID="P105_S00292" HPOS="594" VPOS="1845" WIDTH="98" HEIGHT="41" STYLEREFS="StyleId-0" CONTENT="was" WC="0.47" CC="1005" />
            <SP ID="P105_SP00266" WIDTH="0" HPOS="0" VPOS="0" />
            <String ID="P105_S00293" HPOS="710" VPOS="1824" WIDTH="220" HEIGHT="62" STYLEREFS="StyleId-0" CONTENT="removed" WC="0.714285731" CC="5000707" />
            <SP ID="P105_SP00267" WIDTH="0" HPOS="0" VPOS="0" />
            <String ID="P105_S00294" HPOS="948" VPOS="1829" WIDTH="123" HEIGHT="57" STYLEREFS="StyleId-0" CONTENT="from" WC="0.63" CC="7700" />
            <SP ID="P105_SP00268" WIDTH="0" HPOS="0" VPOS="0" />
            <String ID="P105_S00295" HPOS="1096" VPOS="1829" WIDTH="83" HEIGHT="57" STYLEREFS="StyleId-0" CONTENT="the" WC="1" CC="000" />
            <SP ID="P105_SP00269" WIDTH="0" HPOS="0" VPOS="0" />
            <String ID="P105_S00296" HPOS="1205" VPOS="1829" WIDTH="253" HEIGHT="57" STYLEREFS="StyleId-0" CONTENT="command" WC="0.941428542" CC="1000020" />
            <SP ID="P105_SP00270" WIDTH="0" HPOS="0" VPOS="0" />
            <String ID="P105_S00297" HPOS="1478" VPOS="1826" WIDTH="53" HEIGHT="60" STYLEREFS="StyleId-0" CONTENT="of" WC="0.865" CC="02" />
            <SP ID="P105_SP00271" WIDTH="0" HPOS="0" VPOS="0" />
            <String ID="P105_S00298" HPOS="1549" VPOS="1827" WIDTH="84" HEIGHT="59" STYLEREFS="StyleId-0" CONTENT="the" WC="0.97" CC="000" />
            <SP ID="P105_SP00272" WIDTH="0" HPOS="0" VPOS="0" />
            <String ID="P105_S00299" HPOS="1649" VPOS="1825" WIDTH="147" HEIGHT="61" STYLEREFS="StyleId-0" CONTENT="Army" WC="0.6675" CC="7600" />
            <SP ID="P105_SP00273" WIDTH="0" HPOS="0" VPOS="0" />
            <String ID="P105_S00300" HPOS="1815" VPOS="1824" WIDTH="50" HEIGHT="62" STYLEREFS="StyleId-0" CONTENT="of" WC="0.775" CC="04" />
          </TextLine>
          <TextLine ID="P105_TL00028" HPOS="343" VPOS="1898" WIDTH="1519" HEIGHT="46">
            <String ID="P105_S00301" HPOS="344" VPOS="1901" WIDTH="85" HEIGHT="41" STYLEREFS="StyleId-0" CONTENT="the" WC="0.8666667" CC="004" />
            <SP ID="P105_SP00274" WIDTH="0" HPOS="0" VPOS="0" />
            <String ID="P105_S00302" HPOS="454" VPOS="1900" WIDTH="252" HEIGHT="49" STYLEREFS="StyleId-0" CONTENT="Potomac," WC="0.855" CC="70000004" />
            <SP ID="P105_SP00275" WIDTH="0" HPOS="0" VPOS="0" />
            <String ID="P105_S00303" HPOS="736" VPOS="1897" WIDTH="96" HEIGHT="52" STYLEREFS="StyleId-0" CONTENT="and" WC="0.75666666" CC="070" />
            <SP ID="P105_SP00276" WIDTH="0" HPOS="0" VPOS="0" />
            <String ID="P105_S00304" HPOS="859" VPOS="1896" WIDTH="130" HEIGHT="53" STYLEREFS="StyleId-0" CONTENT="slave" WC="0.442" CC="741060" />
            <SP ID="P105_SP00277" WIDTH="0" HPOS="0" VPOS="0" />
            <String ID="P105_S00305" HPOS="1015" VPOS="1894" WIDTH="222" HEIGHT="55" STYLEREFS="StyleId-0" CONTENT="catching" WC="0.7825" CC="000100510" />
            <SP ID="P105_SP00278" WIDTH="0" HPOS="0" VPOS="0" />
            <String ID="P105_S00306" HPOS="1263" VPOS="1893" WIDTH="176" HEIGHT="56" STYLEREFS="StyleId-0" CONTENT="ceased." WC="0.671428561" CC="20106004" />
            <SP ID="P105_SP00279" WIDTH="0" HPOS="0" VPOS="0" />
            <String ID="P105_S00307" HPOS="1492" VPOS="1893" WIDTH="99" HEIGHT="56" STYLEREFS="StyleId-0" CONTENT="The" WC="0.8666667" CC="004" />
            <SP ID="P105_SP00280" WIDTH="0" HPOS="0" VPOS="0" />
            <String ID="P105_S00308" HPOS="1625" VPOS="1890" WIDTH="237" HEIGHT="59" STYLEREFS="StyleId-0" CONTENT="XXXYII" WC="0.663333356" CC="335700" />
          </TextLine>
          <TextLine ID="P105_TL00029" HPOS="347" VPOS="1964" WIDTH="1514" HEIGHT="47">
            <String ID="P105_S00309" HPOS="347" VPOS="1966" WIDTH="229" HEIGHT="53" STYLEREFS="StyleId-0" CONTENT="Congress" WC="0.73375" CC="10006066" />
            <SP ID="P105_SP00281" WIDTH="0" HPOS="0" VPOS="0" />
            <String ID="P105_S00310" HPOS="595" VPOS="1962" WIDTH="236" HEIGHT="57" STYLEREFS="StyleId-0" CONTENT="convened" WC="0.81875" CC="30600500" />
            <SP ID="P105_SP00282" WIDTH="0" HPOS="0" VPOS="0" />
            <String ID="P105_S00311" HPOS="849" VPOS="1962" WIDTH="49" HEIGHT="57" STYLEREFS="StyleId-0" CONTENT="in" WC="0.97" CC="00" />
            <SP ID="P105_SP00283" WIDTH="0" HPOS="0" VPOS="0" />
            <String ID="P105_S00312" HPOS="917" VPOS="1961" WIDTH="101" HEIGHT="58" STYLEREFS="StyleId-0" CONTENT="Dec." WC="0.555" CC="7144" />
            <SP ID="P105_SP00284" WIDTH="0" HPOS="0" VPOS="0" />
            <String ID="P105_S00313" HPOS="1040" VPOS="1959" WIDTH="142" HEIGHT="60" STYLEREFS="StyleId-0" CONTENT="1861," WC="0.724" CC="01704" />
            <SP ID="P105_SP00285" WIDTH="0" HPOS="0" VPOS="0" />
            <String ID="P105_S00314" HPOS="1202" VPOS="1959" WIDTH="50" HEIGHT="60" STYLEREFS="StyleId-0" CONTENT="in" WC="0.665" CC="06" />
            <SP ID="P105_SP00286" WIDTH="0" HPOS="0" VPOS="0" />
            <String ID="P105_S00315" HPOS="1277" VPOS="1959" WIDTH="65" HEIGHT="60" STYLEREFS="StyleId-0" CONTENT="its" WC="0.81" CC="005" />
            <SP ID="P105_SP00287" WIDTH="0" HPOS="0" VPOS="0" />
            <String ID="P105_S00316" HPOS="1362" VPOS="1959" WIDTH="170" HEIGHT="60" STYLEREFS="StyleId-0" CONTENT="second" WC="0.811666667" CC="602100" />
            <SP ID="P105_SP00288" WIDTH="0" HPOS="0" VPOS="0" />
            <String ID="P105_S00317" HPOS="1552" VPOS="1958" WIDTH="192" HEIGHT="61" STYLEREFS="StyleId-0" CONTENT="session," WC="0.62125" CC="60670044" />
            <SP ID="P105_SP00289" WIDTH="0" HPOS="0" VPOS="0" />
            <String ID="P105_S00318" HPOS="1766" VPOS="1957" WIDTH="95" HEIGHT="62" STYLEREFS="StyleId-0" CONTENT="and" WC="0.6533333" CC="027" />
          </TextLine>
          <TextLine ID="P105_TL00030" HPOS="346" VPOS="2029" WIDTH="1204" HEIGHT="50">
            <String ID="P105_S00319" HPOS="346" VPOS="2030" WIDTH="173" HEIGHT="56" STYLEREFS="StyleId-0" CONTENT="passed" WC="0.6566667" CC="067600" />
            <SP ID="P105_SP00290" WIDTH="0" HPOS="0" VPOS="0" />
            <String ID="P105_S00320" HPOS="536" VPOS="2030" WIDTH="83" HEIGHT="56" STYLEREFS="StyleId-0" CONTENT="the" WC="0.923333347" CC="002" />
            <SP ID="P105_SP00291" WIDTH="0" HPOS="0" VPOS="0" />
            <String ID="P105_S00321" HPOS="635" VPOS="2027" WIDTH="240" HEIGHT="59" STYLEREFS="StyleId-0" CONTENT="following" WC="0.7811111" CC="0005000410" />
            <SP ID="P105_SP00292" WIDTH="0" HPOS="0" VPOS="0" />
            <String ID="P105_S00322" HPOS="892" VPOS="2025" WIDTH="270" HEIGHT="61" STYLEREFS="StyleId-0" CONTENT="additional" WC="0.821" CC="8000030400" />
            <SP ID="P105_SP00293" WIDTH="0" HPOS="0" VPOS="0" />
            <String ID="P105_S00323" HPOS="1180" VPOS="2025" WIDTH="163" HEIGHT="61" STYLEREFS="StyleId-0" CONTENT="article" WC="0.8657143" CC="0500040" />
            <SP ID="P105_SP00294" WIDTH="0" HPOS="0" VPOS="0" />
            <String ID="P105_S00324" HPOS="1362" VPOS="2025" WIDTH="53" HEIGHT="61" STYLEREFS="StyleId-0" CONTENT="of" WC="0.955" CC="00" />
            <SP ID="P105_SP00295" WIDTH="0" HPOS="0" VPOS="0" />
            <String ID="P105_S00325" HPOS="1428" VPOS="2037" WIDTH="121" HEIGHT="49" STYLEREFS="StyleId-0" CONTENT="war:" WC="0.7825" CC="0061" />
          </TextLine>
          <TextLine ID="P105_TL00031" HPOS="428" VPOS="2126" WIDTH="1435" HEIGHT="36">
            <String ID="P105_S00326" HPOS="428" VPOS="2125" WIDTH="83" HEIGHT="36" STYLEREFS="StyleId-2" CONTENT="&quot;All" WC="0.6575" CC="0760" />
            <SP ID="P105_SP00296" WIDTH="0" HPOS="0" VPOS="0" />
            <String ID="P105_S00327" HPOS="533" VPOS="2127" WIDTH="142" HEIGHT="35" STYLEREFS="StyleId-2" CONTENT="officers" WC="0.53" CC="06775046" />
            <SP ID="P105_SP00297" WIDTH="0" HPOS="0" VPOS="0" />
            <String ID="P105_S00328" HPOS="697" VPOS="2135" WIDTH="64" HEIGHT="27" STYLEREFS="StyleId-2" CONTENT="are" WC="0.7133333" CC="700" />
            <SP ID="P105_SP00298" WIDTH="0" HPOS="0" VPOS="0" />
            <String ID="P105_S00329" HPOS="780" VPOS="2123" WIDTH="218" HEIGHT="44" STYLEREFS="StyleId-2" CONTENT="prohibited" WC="0.874" CC="0027002000" />
            <SP ID="P105_SP00299" WIDTH="0" HPOS="0" VPOS="0" />
            <String ID="P105_S00330" HPOS="1018" VPOS="2124" WIDTH="97" HEIGHT="43" STYLEREFS="StyleId-2" CONTENT="from" WC="0.535" CC="7704" />
            <SP ID="P105_SP00300" WIDTH="0" HPOS="0" VPOS="0" />
            <String ID="P105_S00331" HPOS="1137" VPOS="2123" WIDTH="217" HEIGHT="44" STYLEREFS="StyleId-2" CONTENT="employing" WC="0.6255556" CC="0400092710" />
            <SP ID="P105_SP00301" WIDTH="0" HPOS="0" VPOS="0" />
            <String ID="P105_S00332" HPOS="1375" VPOS="2133" WIDTH="78" HEIGHT="34" STYLEREFS="StyleId-2" CONTENT="any" WC="0.7633333" CC="070" />
            <SP ID="P105_SP00302" WIDTH="0" HPOS="0" VPOS="0" />
            <String ID="P105_S00333" HPOS="1474" VPOS="2123" WIDTH="44" HEIGHT="44" STYLEREFS="StyleId-2" CONTENT="of" WC="1" CC="00" />
            <SP ID="P105_SP00303" WIDTH="0" HPOS="0" VPOS="0" />
            <String ID="P105_S00334" HPOS="1532" VPOS="2123" WIDTH="66" HEIGHT="44" STYLEREFS="StyleId-2" CONTENT="the" WC="0.74333334" CC="070" />
            <SP ID="P105_SP00304" WIDTH="0" HPOS="0" VPOS="0" />
            <String ID="P105_S00335" HPOS="1612" VPOS="2123" WIDTH="118" HEIGHT="44" STYLEREFS="StyleId-2" CONTENT="forces" WC="0.836666644" CC="005004" />
            <SP ID="P105_SP00305" WIDTH="0" HPOS="0" VPOS="0" />
            <String ID="P105_S00336" HPOS="1744" VPOS="2122" WIDTH="119" HEIGHT="45" STYLEREFS="StyleId-2" CONTENT="under" WC="0.58" CC="75008" />
          </TextLine>
          <TextLine ID="P105_TL00032" HPOS="346" VPOS="2181" WIDTH="1516" HEIGHT="37">
            <String ID="P105_S00337" HPOS="346" VPOS="2183" WIDTH="99" HEIGHT="34" STYLEREFS="StyleId-2" CONTENT="their" WC="0.706" CC="07007" />
            <SP ID="P105_SP00306" WIDTH="0" HPOS="0" VPOS="0" />
            <String ID="P105_S00338" HPOS="471" VPOS="2181" WIDTH="206" HEIGHT="42" STYLEREFS="StyleId-2" CONTENT="respective" WC="0.799" CC="5060040003" />
            <SP ID="P105_SP00307" WIDTH="0" HPOS="0" VPOS="0" />
            <String ID="P105_S00339" HPOS="696" VPOS="2178" WIDTH="222" HEIGHT="45" STYLEREFS="StyleId-2" CONTENT="commands" WC="0.74625" CC="00500706" />
            <SP ID="P105_SP00308" WIDTH="0" HPOS="0" VPOS="0" />
            <String ID="P105_S00340" HPOS="939" VPOS="2178" WIDTH="59" HEIGHT="45" STYLEREFS="StyleId-2" CONTENT="for" WC="0.75" CC="007" />
            <SP ID="P105_SP00309" WIDTH="0" HPOS="0" VPOS="0" />
            <String ID="P105_S00341" HPOS="1017" VPOS="2178" WIDTH="67" HEIGHT="45" STYLEREFS="StyleId-2" CONTENT="the" WC="0.75666666" CC="070" />
            <SP ID="P105_SP00310" WIDTH="0" HPOS="0" VPOS="0" />
            <String ID="P105_S00342" HPOS="1103" VPOS="2187" WIDTH="166" HEIGHT="36" STYLEREFS="StyleId-2" CONTENT="purpose" WC="0.7442857" CC="0730070" />
            <SP ID="P105_SP00311" WIDTH="0" HPOS="0" VPOS="0" />
            <String ID="P105_S00343" HPOS="1289" VPOS="2177" WIDTH="43" HEIGHT="46" STYLEREFS="StyleId-2" CONTENT="of" WC="1" CC="00" />
            <SP ID="P105_SP00312" WIDTH="0" HPOS="0" VPOS="0" />
            <String ID="P105_S00344" HPOS="1347" VPOS="2175" WIDTH="199" HEIGHT="48" STYLEREFS="StyleId-2" CONTENT="returning" WC="0.654444456" CC="200674450" />
            <SP ID="P105_SP00313" WIDTH="0" HPOS="0" VPOS="0" />
            <String ID="P105_S00345" HPOS="1565" VPOS="2177" WIDTH="179" HEIGHT="46" STYLEREFS="StyleId-2" CONTENT="fugitives" WC="0.8466667" CC="060000006" />
            <SP ID="P105_SP00314" WIDTH="0" HPOS="0" VPOS="0" />
            <String ID="P105_S00346" HPOS="1764" VPOS="2178" WIDTH="98" HEIGHT="45" STYLEREFS="StyleId-2" CONTENT="from" WC="0.835" CC="0006" />
          </TextLine>
          <TextLine ID="P105_TL00033" HPOS="346" VPOS="2235" WIDTH="1516" HEIGHT="36">
            <String ID="P105_S00347" HPOS="347" VPOS="2237" WIDTH="138" HEIGHT="34" STYLEREFS="StyleId-2" CONTENT="service" WC="0.6585714" CC="6030364" />
            <SP ID="P105_SP00315" WIDTH="0" HPOS="0" VPOS="0" />
            <String ID="P105_S00348" HPOS="499" VPOS="2246" WIDTH="45" HEIGHT="25" STYLEREFS="StyleId-2" CONTENT="or" WC="0.47" CC="36" />
            <SP ID="P105_SP00316" WIDTH="0" HPOS="0" VPOS="0" />
            <String ID="P105_S00349" HPOS="556" VPOS="2235" WIDTH="113" HEIGHT="36" STYLEREFS="StyleId-2" CONTENT="labor" WC="0.698" CC="40703" />
            <SP ID="P105_SP00317" WIDTH="0" HPOS="0" VPOS="0" />
            <String ID="P105_S00350" HPOS="682" VPOS="2234" WIDTH="84" HEIGHT="37" STYLEREFS="StyleId-2" CONTENT="who" WC="0.94" CC="001" />
            <SP ID="P105_SP00318" WIDTH="0" HPOS="0" VPOS="0" />
            <String ID="P105_S00351" HPOS="781" VPOS="2243" WIDTH="91" HEIGHT="30" STYLEREFS="StyleId-2" CONTENT="may" WC="0.7366667" CC="070" />
            <SP ID="P105_SP00319" WIDTH="0" HPOS="0" VPOS="0" />
            <String ID="P105_S00352" HPOS="885" VPOS="2232" WIDTH="99" HEIGHT="41" STYLEREFS="StyleId-2" CONTENT="have" WC="1" CC="0000" />
            <SP ID="P105_SP00320" WIDTH="0" HPOS="0" VPOS="0" />
            <String ID="P105_S00353" HPOS="1002" VPOS="2231" WIDTH="159" HEIGHT="42" STYLEREFS="StyleId-2" CONTENT="escaped" WC="0.5442857" CC="7609800" />
            <SP ID="P105_SP00321" WIDTH="0" HPOS="0" VPOS="0" />
            <String ID="P105_S00354" HPOS="1181" VPOS="2232" WIDTH="99" HEIGHT="41" STYLEREFS="StyleId-2" CONTENT="from" WC="0.7325" CC="0028" />
            <SP ID="P105_SP00322" WIDTH="0" HPOS="0" VPOS="0" />
            <String ID="P105_S00355" HPOS="1302" VPOS="2242" WIDTH="77" HEIGHT="31" STYLEREFS="StyleId-2" CONTENT="any" WC="0.8" CC="060" />
            <SP ID="P105_SP00323" WIDTH="0" HPOS="0" VPOS="0" />
            <String ID="P105_S00356" HPOS="1399" VPOS="2242" WIDTH="158" HEIGHT="32" STYLEREFS="StyleId-2" CONTENT="persons" WC="0.567142844" CC="2067076" />
            <SP ID="P105_SP00324" WIDTH="0" HPOS="0" VPOS="0" />
            <String ID="P105_S00357" HPOS="1571" VPOS="2234" WIDTH="45" HEIGHT="40" STYLEREFS="StyleId-2" CONTENT="to" WC="1" CC="00" />
            <SP ID="P105_SP00325" WIDTH="0" HPOS="0" VPOS="0" />
            <String ID="P105_S00358" HPOS="1632" VPOS="2232" WIDTH="124" HEIGHT="42" STYLEREFS="StyleId-2" CONTENT="whom" WC="0.8175" CC="0700" />
            <SP ID="P105_SP00326" WIDTH="0" HPOS="0" VPOS="0" />
            <String ID="P105_S00359" HPOS="1771" VPOS="2232" WIDTH="91" HEIGHT="42" STYLEREFS="StyleId-2" CONTENT="such" WC="0.4275" CC="7257" />
          </TextLine>
          <TextLine ID="P105_TL00034" HPOS="347" VPOS="2289" WIDTH="1515" HEIGHT="34">
            <String ID="P105_S00360" HPOS="347" VPOS="2291" WIDTH="138" HEIGHT="34" STYLEREFS="StyleId-2" CONTENT="service" WC="0.7657143" CC="6040040" />
            <SP ID="P105_SP00327" WIDTH="0" HPOS="0" VPOS="0" />
            <String ID="P105_S00361" HPOS="507" VPOS="2300" WIDTH="44" HEIGHT="25" STYLEREFS="StyleId-2" CONTENT="or" WC="0.47" CC="37" />
            <SP ID="P105_SP00328" WIDTH="0" HPOS="0" VPOS="0" />
            <String ID="P105_S00362" HPOS="570" VPOS="2289" WIDTH="112" HEIGHT="36" STYLEREFS="StyleId-2" CONTENT="labor" WC="0.436" CC="461007" />
            <SP ID="P105_SP00329" WIDTH="0" HPOS="0" VPOS="0" />
            <String ID="P105_S00363" HPOS="701" VPOS="2287" WIDTH="32" HEIGHT="38" STYLEREFS="StyleId-2" CONTENT="is" WC="0.59" CC="08" />
            <SP ID="P105_SP00330" WIDTH="0" HPOS="0" VPOS="0" />
            <String ID="P105_S00364" HPOS="754" VPOS="2286" WIDTH="157" HEIGHT="39" STYLEREFS="StyleId-2" CONTENT="claimed" WC="0.9457143" CC="3000000" />
            <SP ID="P105_SP00331" WIDTH="0" HPOS="0" VPOS="0" />
            <String ID="P105_S00365" HPOS="931" VPOS="2289" WIDTH="44" HEIGHT="36" STYLEREFS="StyleId-2" CONTENT="to" WC="1" CC="00" />
            <SP ID="P105_SP00332" WIDTH="0" HPOS="0" VPOS="0" />
            <String ID="P105_S00366" HPOS="997" VPOS="2286" WIDTH="46" HEIGHT="39" STYLEREFS="StyleId-2" CONTENT="be" WC="1" CC="00" />
            <SP ID="P105_SP00333" WIDTH="0" HPOS="0" VPOS="0" />
            <String ID="P105_S00367" HPOS="1065" VPOS="2286" WIDTH="80" HEIGHT="39" STYLEREFS="StyleId-2" CONTENT="due." WC="0.8125" CC="0700" />
            <SP ID="P105_SP00334" WIDTH="0" HPOS="0" VPOS="0" />
            <String ID="P105_S00368" HPOS="1188" VPOS="2285" WIDTH="85" HEIGHT="41" STYLEREFS="StyleId-2" CONTENT="Any" WC="0.433333337" CC="970" />
            <SP ID="P105_SP00335" WIDTH="0" HPOS="0" VPOS="0" />
            <String ID="P105_S00369" HPOS="1295" VPOS="2286" WIDTH="124" HEIGHT="40" STYLEREFS="StyleId-2" CONTENT="officer" WC="0.9028571" CC="0000006" />
            <SP ID="P105_SP00336" WIDTH="0" HPOS="0" VPOS="0" />
            <String ID="P105_S00370" HPOS="1438" VPOS="2286" WIDTH="85" HEIGHT="40" STYLEREFS="StyleId-2" CONTENT="who" WC="0.946666658" CC="010" />
            <SP ID="P105_SP00337" WIDTH="0" HPOS="0" VPOS="0" />
            <String ID="P105_S00371" HPOS="1545" VPOS="2286" WIDTH="98" HEIGHT="40" STYLEREFS="StyleId-2" CONTENT="shall" WC="0.476" CC="87153" />
            <SP ID="P105_SP00338" WIDTH="0" HPOS="0" VPOS="0" />
            <String ID="P105_S00372" HPOS="1670" VPOS="2287" WIDTH="47" HEIGHT="39" STYLEREFS="StyleId-2" CONTENT="be" WC="1" CC="00" />
            <SP ID="P105_SP00339" WIDTH="0" HPOS="0" VPOS="0" />
            <String ID="P105_S00373" HPOS="1744" VPOS="2283" WIDTH="118" HEIGHT="43" STYLEREFS="StyleId-2" CONTENT="found" WC="0.524" CC="00779" />
          </TextLine>
          <TextLine ID="P105_TL00035" HPOS="346" VPOS="2343" WIDTH="1516" HEIGHT="35">
            <String ID="P105_S00374" HPOS="346" VPOS="2345" WIDTH="125" HEIGHT="42" STYLEREFS="StyleId-2" CONTENT="guilty" WC="0.373333335" CC="1074690" />
            <SP ID="P105_SP00340" WIDTH="0" HPOS="0" VPOS="0" />
            <String ID="P105_S00375" HPOS="485" VPOS="2344" WIDTH="52" HEIGHT="43" STYLEREFS="StyleId-2" CONTENT="by" WC="1" CC="00" />
            <SP ID="P105_SP00341" WIDTH="0" HPOS="0" VPOS="0" />
            <String ID="P105_S00376" HPOS="551" VPOS="2341" WIDTH="282" HEIGHT="46" STYLEREFS="StyleId-2" CONTENT="court-martial" WC="0.8576923" CC="0034000040060" />
            <SP ID="P105_SP00342" WIDTH="0" HPOS="0" VPOS="0" />
            <String ID="P105_S00377" HPOS="847" VPOS="2340" WIDTH="44" HEIGHT="47" STYLEREFS="StyleId-2" CONTENT="of" WC="1" CC="00" />
            <SP ID="P105_SP00343" WIDTH="0" HPOS="0" VPOS="0" />
            <String ID="P105_S00378" HPOS="905" VPOS="2340" WIDTH="191" HEIGHT="47" STYLEREFS="StyleId-2" CONTENT="violating" WC="0.8977778" CC="020000070" />
            <SP ID="P105_SP00344" WIDTH="0" HPOS="0" VPOS="0" />
            <String ID="P105_S00379" HPOS="1115" VPOS="2339" WIDTH="78" HEIGHT="48" STYLEREFS="StyleId-2" CONTENT="this" WC="0.5825" CC="0735" />
            <SP ID="P105_SP00345" WIDTH="0" HPOS="0" VPOS="0" />
            <String ID="P105_S00380" HPOS="1215" VPOS="2340" WIDTH="131" HEIGHT="47" STYLEREFS="StyleId-2" CONTENT="article" WC="0.71" CC="6604200" />
            <SP ID="P105_SP00346" WIDTH="0" HPOS="0" VPOS="0" />
            <String ID="P105_S00381" HPOS="1366" VPOS="2340" WIDTH="99" HEIGHT="47" STYLEREFS="StyleId-2" CONTENT="shall" WC="0.712" CC="77000" />
            <SP ID="P105_SP00347" WIDTH="0" HPOS="0" VPOS="0" />
            <String ID="P105_S00382" HPOS="1485" VPOS="2341" WIDTH="47" HEIGHT="46" STYLEREFS="StyleId-2" CONTENT="be" WC="1" CC="00" />
            <SP ID="P105_SP00348" WIDTH="0" HPOS="0" VPOS="0" />
            <String ID="P105_S00383" HPOS="1552" VPOS="2341" WIDTH="197" HEIGHT="46" STYLEREFS="StyleId-2" CONTENT="dismissed" WC="0.79" CC="000056700" />
            <SP ID="P105_SP00349" WIDTH="0" HPOS="0" VPOS="0" />
            <String ID="P105_S00384" HPOS="1763" VPOS="2342" WIDTH="99" HEIGHT="45" STYLEREFS="StyleId-2" CONTENT="from" WC="0.8525" CC="0500" />
          </TextLine>
          <TextLine ID="P105_TL00036" HPOS="345" VPOS="2397" WIDTH="256" HEIGHT="34">
            <String ID="P105_S00385" HPOS="345" VPOS="2400" WIDTH="68" HEIGHT="33" STYLEREFS="StyleId-2" CONTENT="the" WC="1" CC="000" />
            <SP ID="P105_SP00350" WIDTH="0" HPOS="0" VPOS="0" />
            <String ID="P105_S00386" HPOS="427" VPOS="2396" WIDTH="174" HEIGHT="37" STYLEREFS="StyleId-2" CONTENT="service.&quot;" WC="0.793333352" CC="807020000" />
          </TextLine>
          <TextLine ID="P105_TL00037" HPOS="446" VPOS="2483" WIDTH="1414" HEIGHT="55">
            <String ID="P105_S00387" HPOS="446" VPOS="2484" WIDTH="113" HEIGHT="41" STYLEREFS="StyleId-0" CONTENT="This" WC="0.8225" CC="0007" />
            <SP ID="P105_SP00351" WIDTH="0" HPOS="0" VPOS="0" />
            <String ID="P105_S00388" HPOS="592" VPOS="2495" WIDTH="98" HEIGHT="30" STYLEREFS="StyleId-0" CONTENT="was" WC="0.78" CC="006" />
            <SP ID="P105_SP00352" WIDTH="0" HPOS="0" VPOS="0" />
            <String ID="P105_S00389" HPOS="723" VPOS="2482" WIDTH="82" HEIGHT="43" STYLEREFS="StyleId-0" CONTENT="the" WC="1" CC="000" />
            <SP ID="P105_SP00353" WIDTH="0" HPOS="0" VPOS="0" />
            <String ID="P105_S00390" HPOS="838" VPOS="2481" WIDTH="238" HEIGHT="55" STYLEREFS="StyleId-0" CONTENT="initatory" WC="0.783333361" CC="670000060" />
            <SP ID="P105_SP00354" WIDTH="0" HPOS="0" VPOS="0" />
            <String ID="P105_S00391" HPOS="1109" VPOS="2494" WIDTH="215" HEIGHT="42" STYLEREFS="StyleId-0" CONTENT="measure" WC="0.708571434" CC="0007760" />
            <SP ID="P105_SP00355" WIDTH="0" HPOS="0" VPOS="0" />
            <String ID="P105_S00392" HPOS="1359" VPOS="2482" WIDTH="54" HEIGHT="54" STYLEREFS="StyleId-0" CONTENT="of" WC="0.945" CC="10" />
            <SP ID="P105_SP00356" WIDTH="0" HPOS="0" VPOS="0" />
            <String ID="P105_S00393" HPOS="1439" VPOS="2483" WIDTH="83" HEIGHT="53" STYLEREFS="StyleId-0" CONTENT="the" WC="1" CC="000" />
            <SP ID="P105_SP00357" WIDTH="0" HPOS="0" VPOS="0" />
            <String ID="P105_S00394" HPOS="1555" VPOS="2496" WIDTH="100" HEIGHT="40" STYLEREFS="StyleId-0" CONTENT="new" WC="0.9866667" CC="000" />
            <SP ID="P105_SP00358" WIDTH="0" HPOS="0" VPOS="0" />
            <String ID="P105_S00395" HPOS="1688" VPOS="2484" WIDTH="172" HEIGHT="54" STYLEREFS="StyleId-0" CONTENT="policy," WC="0.834285736" CC="0021304" />
          </TextLine>
          <TextLine ID="P105_TL00038" HPOS="345" VPOS="2550" WIDTH="1517" HEIGHT="51">
            <String ID="P105_S00396" HPOS="345" VPOS="2550" WIDTH="149" HEIGHT="42" STYLEREFS="StyleId-0" CONTENT="which" WC="0.8" CC="010000" />
            <SP ID="P105_SP00359" WIDTH="0" HPOS="0" VPOS="0" />
            <String ID="P105_S00397" HPOS="536" VPOS="2547" WIDTH="277" HEIGHT="55" STYLEREFS="StyleId-0" CONTENT="progressed" WC="0.518" CC="06610755700" />
            <SP ID="P105_SP00360" WIDTH="0" HPOS="0" VPOS="0" />
            <String ID="P105_S00398" HPOS="855" VPOS="2548" WIDTH="56" HEIGHT="54" STYLEREFS="StyleId-0" CONTENT="to" WC="0.76" CC="04" />
            <SP ID="P105_SP00361" WIDTH="0" HPOS="0" VPOS="0" />
            <String ID="P105_S00399" HPOS="953" VPOS="2547" WIDTH="65" HEIGHT="55" STYLEREFS="StyleId-0" CONTENT="its" WC="0.49666667" CC="086" />
            <SP ID="P105_SP00362" WIDTH="0" HPOS="0" VPOS="0" />
            <String ID="P105_S00400" HPOS="1052" VPOS="2546" WIDTH="263" HEIGHT="56" STYLEREFS="StyleId-0" CONTENT="fulfillment" WC="0.6109091" CC="11466350039" />
            <SP ID="P105_SP00363" WIDTH="0" HPOS="0" VPOS="0" />
            <String ID="P105_S00401" HPOS="1348" VPOS="2548" WIDTH="203" HEIGHT="55" STYLEREFS="StyleId-0" CONTENT="rapidly." WC="0.7775" CC="58000003" />
            <SP ID="P105_SP00364" WIDTH="0" HPOS="0" VPOS="0" />
            <String ID="P105_S00402" HPOS="1603" VPOS="2548" WIDTH="108" HEIGHT="55" STYLEREFS="StyleId-0" CONTENT="And" WC="0.5566667" CC="760" />
            <SP ID="P105_SP00365" WIDTH="0" HPOS="0" VPOS="0" />
            <String ID="P105_S00403" HPOS="1745" VPOS="2549" WIDTH="117" HEIGHT="54" STYLEREFS="StyleId-0" CONTENT="then" WC="0.8325" CC="0006" />
          </TextLine>
          <TextLine ID="P105_TL00039" HPOS="345" VPOS="2613" WIDTH="1516" HEIGHT="50">
            <String ID="P105_S00404" HPOS="345" VPOS="2616" WIDTH="132" HEIGHT="41" STYLEREFS="StyleId-0" CONTENT="what" WC="0.6075" CC="9060" />
            <SP ID="P105_SP00366" WIDTH="0" HPOS="0" VPOS="0" />
            <String ID="P105_S00405" HPOS="502" VPOS="2613" WIDTH="86" HEIGHT="44" STYLEREFS="StyleId-0" CONTENT="Mr." WC="0.646666646" CC="234" />
            <SP ID="P105_SP00367" WIDTH="0" HPOS="0" VPOS="0" />
            <String ID="P105_S00406" HPOS="610" VPOS="2612" WIDTH="240" HEIGHT="51" STYLEREFS="StyleId-0" CONTENT="Cameron," WC="0.71125" CC="40007064" />
            <SP ID="P105_SP00368" WIDTH="0" HPOS="0" VPOS="0" />
            <String ID="P105_S00407" HPOS="881" VPOS="2610" WIDTH="245" HEIGHT="55" STYLEREFS="StyleId-0" CONTENT="Secretary" WC="0.81" CC="702700000" />
            <SP ID="P105_SP00369" WIDTH="0" HPOS="0" VPOS="0" />
            <String ID="P105_S00408" HPOS="1153" VPOS="2613" WIDTH="53" HEIGHT="52" STYLEREFS="StyleId-0" CONTENT="of" WC="0.985" CC="00" />
            <SP ID="P105_SP00370" WIDTH="0" HPOS="0" VPOS="0" />
            <String ID="P105_S00409" HPOS="1225" VPOS="2612" WIDTH="127" HEIGHT="54" STYLEREFS="StyleId-0" CONTENT="War," WC="0.515" CC="10054" />
            <SP ID="P105_SP00371" WIDTH="0" HPOS="0" VPOS="0" />
            <String ID="P105_S00410" HPOS="1381" VPOS="2613" WIDTH="98" HEIGHT="53" STYLEREFS="StyleId-0" CONTENT="had" WC="1" CC="000" />
            <SP ID="P105_SP00372" WIDTH="0" HPOS="0" VPOS="0" />
            <String ID="P105_S00411" HPOS="1505" VPOS="2616" WIDTH="356" HEIGHT="50" STYLEREFS="StyleId-0" CONTENT="recommended" WC="0.7790909" CC="60200006008" />
          </TextLine>
          <TextLine ID="P105_TL00040" HPOS="345" VPOS="2678" WIDTH="1516" HEIGHT="57">
            <String ID="P105_S00412" HPOS="345" VPOS="2682" WIDTH="50" HEIGHT="40" STYLEREFS="StyleId-0" CONTENT="in" WC="0.695" CC="06" />
            <SP ID="P105_SP00373" WIDTH="0" HPOS="0" VPOS="0" />
            <String ID="P105_S00413" HPOS="421" VPOS="2678" WIDTH="257" HEIGHT="44" STYLEREFS="StyleId-0" CONTENT="December." WC="0.7811111" CC="701000074" />
            <SP ID="P105_SP00374" WIDTH="0" HPOS="0" VPOS="0" />
            <String ID="P105_S00414" HPOS="709" VPOS="2676" WIDTH="142" HEIGHT="52" STYLEREFS="StyleId-0" CONTENT="1861," WC="0.852" CC="00501" />
            <SP ID="P105_SP00375" WIDTH="0" HPOS="0" VPOS="0" />
            <String ID="P105_S00415" HPOS="881" VPOS="2677" WIDTH="95" HEIGHT="51" STYLEREFS="StyleId-0" CONTENT="and" WC="1" CC="000" />
            <SP ID="P105_SP00376" WIDTH="0" HPOS="0" VPOS="0" />
            <String ID="P105_S00416" HPOS="1001" VPOS="2679" WIDTH="57" HEIGHT="49" STYLEREFS="StyleId-0" CONTENT="to" WC="1" CC="00" />
            <SP ID="P105_SP00377" WIDTH="0" HPOS="0" VPOS="0" />
            <String ID="P105_S00417" HPOS="1084" VPOS="2677" WIDTH="148" HEIGHT="51" STYLEREFS="StyleId-0" CONTENT="which" WC="1" CC="00000" />
            <SP ID="P105_SP00378" WIDTH="0" HPOS="0" VPOS="0" />
            <String ID="P105_S00418" HPOS="1257" VPOS="2679" WIDTH="83" HEIGHT="49" STYLEREFS="StyleId-0" CONTENT="the" WC="0.95" CC="001" />
            <SP ID="P105_SP00379" WIDTH="0" HPOS="0" VPOS="0" />
            <String ID="P105_S00419" HPOS="1365" VPOS="2678" WIDTH="247" HEIGHT="50" STYLEREFS="StyleId-0" CONTENT="President" WC="0.6477778" CC="752730060" />
            <SP ID="P105_SP00380" WIDTH="0" HPOS="0" VPOS="0" />
            <String ID="P105_S00420" HPOS="1631" VPOS="2681" WIDTH="230" HEIGHT="54" STYLEREFS="StyleId-0" CONTENT="objected," WC="0.6511111" CC="604116604" />
          </TextLine>
          <TextLine ID="P105_TL00041" HPOS="344" VPOS="2744" WIDTH="1516" HEIGHT="56">
            <String ID="P105_S00421" HPOS="344" VPOS="2758" WIDTH="116" HEIGHT="40" STYLEREFS="StyleId-0" CONTENT="very" WC="0.64" CC="7060" />
            <SP ID="P105_SP00381" WIDTH="0" HPOS="0" VPOS="0" />
            <String ID="P105_S00422" HPOS="495" VPOS="2756" WIDTH="121" HEIGHT="42" STYLEREFS="StyleId-0" CONTENT="soon" WC="0.69" CC="5007" />
            <SP ID="P105_SP00382" WIDTH="0" HPOS="0" VPOS="0" />
            <String ID="P105_S00423" HPOS="642" VPOS="2742" WIDTH="266" HEIGHT="56" STYLEREFS="StyleId-0" CONTENT="developed," WC="0.782" CC="07100000004" />
            <SP ID="P105_SP00383" WIDTH="0" HPOS="0" VPOS="0" />
            <String ID="P105_S00424" HPOS="936" VPOS="2743" WIDTH="214" HEIGHT="55" STYLEREFS="StyleId-0" CONTENT="through" WC="0.6514286" CC="00707100" />
            <SP ID="P105_SP00384" WIDTH="0" HPOS="0" VPOS="0" />
            <String ID="P105_S00425" HPOS="1176" VPOS="2756" WIDTH="32" HEIGHT="42" STYLEREFS="StyleId-0" CONTENT="a" WC="1" CC="0" />
            <SP ID="P105_SP00385" WIDTH="0" HPOS="0" VPOS="0" />
            <String ID="P105_S00426" HPOS="1233" VPOS="2745" WIDTH="138" HEIGHT="53" STYLEREFS="StyleId-0" CONTENT="series" WC="0.6566667" CC="607007" />
            <SP ID="P105_SP00386" WIDTH="0" HPOS="0" VPOS="0" />
            <String ID="P105_S00427" HPOS="1398" VPOS="2746" WIDTH="54" HEIGHT="52" STYLEREFS="StyleId-0" CONTENT="of" WC="0.76" CC="40" />
            <SP ID="P105_SP00387" WIDTH="0" HPOS="0" VPOS="0" />
            <String ID="P105_S00428" HPOS="1471" VPOS="2748" WIDTH="312" HEIGHT="52" STYLEREFS="StyleId-0" CONTENT="enactments," WC="0.719090939" CC="06700006074" />
            <SP ID="P105_SP00388" WIDTH="0" HPOS="0" VPOS="0" />
            <String ID="P105_S00429" HPOS="1812" VPOS="2748" WIDTH="48" HEIGHT="52" STYLEREFS="StyleId-0" CONTENT="in" WC="0.425" CC="47" />
          </TextLine>
          <TextLine ID="P105_TL00042" HPOS="343" VPOS="2809" WIDTH="1521" HEIGHT="57">
            <String ID="P105_S00430" HPOS="343" VPOS="2812" WIDTH="85" HEIGHT="41" STYLEREFS="StyleId-0" CONTENT="the" WC="0.56" CC="1003" />
            <SP ID="P105_SP00389" WIDTH="0" HPOS="0" VPOS="0" />
            <String ID="P105_S00431" HPOS="447" VPOS="2809" WIDTH="187" HEIGHT="53" STYLEREFS="StyleId-0" CONTENT="arming" WC="0.6016667" CC="0600710" />
            <SP ID="P105_SP00390" WIDTH="0" HPOS="0" VPOS="0" />
            <String ID="P105_S00432" HPOS="652" VPOS="2807" WIDTH="52" HEIGHT="55" STYLEREFS="StyleId-0" CONTENT="of" WC="0.935" CC="01" />
            <SP ID="P105_SP00391" WIDTH="0" HPOS="0" VPOS="0" />
            <String ID="P105_S00433" HPOS="722" VPOS="2808" WIDTH="83" HEIGHT="54" STYLEREFS="StyleId-0" CONTENT="the" WC="1" CC="000" />
            <SP ID="P105_SP00392" WIDTH="0" HPOS="0" VPOS="0" />
            <String ID="P105_S00434" HPOS="822" VPOS="2820" WIDTH="168" HEIGHT="42" STYLEREFS="StyleId-0" CONTENT="negro;" WC="0.7266667" CC="0010600" />
            <SP ID="P105_SP00393" WIDTH="0" HPOS="0" VPOS="0" />
            <String ID="P105_S00435" HPOS="1011" VPOS="2808" WIDTH="48" HEIGHT="54" STYLEREFS="StyleId-0" CONTENT="in" WC="0.7" CC="06" />
            <SP ID="P105_SP00394" WIDTH="0" HPOS="0" VPOS="0" />
            <String ID="P105_S00436" HPOS="1076" VPOS="2809" WIDTH="148" HEIGHT="53" STYLEREFS="StyleId-0" CONTENT="which" WC="1" CC="00000" />
            <SP ID="P105_SP00395" WIDTH="0" HPOS="0" VPOS="0" />
            <String ID="P105_S00437" HPOS="1248" VPOS="2810" WIDTH="83" HEIGHT="52" STYLEREFS="StyleId-0" CONTENT="the" WC="0.936666667" CC="001" />
            <SP ID="P105_SP00396" WIDTH="0" HPOS="0" VPOS="0" />
            <String ID="P105_S00438" HPOS="1356" VPOS="2810" WIDTH="132" HEIGHT="53" STYLEREFS="StyleId-0" CONTENT="loyal" WC="0.926" CC="21000" />
            <SP ID="P105_SP00397" WIDTH="0" HPOS="0" VPOS="0" />
            <String ID="P105_S00439" HPOS="1513" VPOS="2812" WIDTH="166" HEIGHT="55" STYLEREFS="StyleId-0" CONTENT="people" WC="0.803333342" CC="800020" />
            <SP ID="P105_SP00398" WIDTH="0" HPOS="0" VPOS="0" />
            <String ID="P105_S00440" HPOS="1706" VPOS="2813" WIDTH="53" HEIGHT="54" STYLEREFS="StyleId-0" CONTENT="of" WC="1" CC="00" />
            <SP ID="P105_SP00399" WIDTH="0" HPOS="0" VPOS="0" />
            <String ID="P105_S00441" HPOS="1778" VPOS="2814" WIDTH="86" HEIGHT="53" STYLEREFS="StyleId-0" CONTENT="the" WC="0.623333335" CC="073" />
          </TextLine>
          <TextLine ID="P105_TL00043" HPOS="346" VPOS="2875" WIDTH="1515" HEIGHT="58">
            <String ID="P105_S00442" HPOS="346" VPOS="2875" WIDTH="150" HEIGHT="42" STYLEREFS="StyleId-0" CONTENT="whole" WC="0.836" CC="00061" />
            <SP ID="P105_SP00400" WIDTH="0" HPOS="0" VPOS="0" />
            <String ID="P105_S00443" HPOS="520" VPOS="2875" WIDTH="205" HEIGHT="51" STYLEREFS="StyleId-0" CONTENT="country" WC="0.417142868" CC="17770710" />
            <SP ID="P105_SP00401" WIDTH="0" HPOS="0" VPOS="0" />
            <String ID="P105_S00444" HPOS="750" VPOS="2872" WIDTH="282" HEIGHT="55" STYLEREFS="StyleId-0" CONTENT="acquiesced," WC="0.5854545" CC="80076670504" />
            <SP ID="P105_SP00402" WIDTH="0" HPOS="0" VPOS="0" />
            <String ID="P105_S00445" HPOS="1053" VPOS="2886" WIDTH="115" HEIGHT="41" STYLEREFS="StyleId-0" CONTENT="save" WC="0.3475" CC="71080" />
            <SP ID="P105_SP00403" WIDTH="0" HPOS="0" VPOS="0" />
            <String ID="P105_S00446" HPOS="1191" VPOS="2875" WIDTH="84" HEIGHT="52" STYLEREFS="StyleId-0" CONTENT="the" WC="0.34" CC="774" />
            <SP ID="P105_SP00404" WIDTH="0" HPOS="0" VPOS="0" />
            <String ID="P105_S00447" HPOS="1300" VPOS="2875" WIDTH="173" HEIGHT="52" STYLEREFS="StyleId-0" CONTENT="border" WC="0.5416667" CC="667007" />
            <SP ID="P105_SP00405" WIDTH="0" HPOS="0" VPOS="0" />
            <String ID="P105_S00448" HPOS="1498" VPOS="2879" WIDTH="155" HEIGHT="48" STYLEREFS="StyleId-0" CONTENT="states" WC="0.418333322" CC="1009905" />
            <SP ID="P105_SP00406" WIDTH="0" HPOS="0" VPOS="0" />
            <String ID="P105_S00449" HPOS="1679" VPOS="2879" WIDTH="182" HEIGHT="54" STYLEREFS="StyleId-0" CONTENT="people," WC="0.7757143" CC="0070404" />
          </TextLine>
          <TextLine ID="P105_TL00044" HPOS="344" VPOS="2940" WIDTH="1518" HEIGHT="50">
            <String ID="P105_S00450" HPOS="344" VPOS="2941" WIDTH="108" HEIGHT="41" STYLEREFS="StyleId-0" CONTENT="who" WC="0.6666667" CC="1000" />
            <SP ID="P105_SP00407" WIDTH="0" HPOS="0" VPOS="0" />
            <String ID="P105_S00451" HPOS="470" VPOS="2938" WIDTH="180" HEIGHT="54" STYLEREFS="StyleId-0" CONTENT="fiercely" WC="0.85" CC="22040020" />
            <SP ID="P105_SP00408" WIDTH="0" HPOS="0" VPOS="0" />
            <String ID="P105_S00452" HPOS="667" VPOS="2937" WIDTH="210" HEIGHT="55" STYLEREFS="StyleId-0" CONTENT="opposed" WC="0.687142849" CC="4090700" />
            <SP ID="P105_SP00409" WIDTH="0" HPOS="0" VPOS="0" />
            <String ID="P105_S00453" HPOS="903" VPOS="2937" WIDTH="41" HEIGHT="55" STYLEREFS="StyleId-0" CONTENT="it" WC="0.96" CC="00" />
            <SP ID="P105_SP00410" WIDTH="0" HPOS="0" VPOS="0" />
            <String ID="P105_S00454" HPOS="971" VPOS="2950" WIDTH="54" HEIGHT="42" STYLEREFS="StyleId-0" CONTENT="as" WC="0.645" CC="07" />
            <SP ID="P105_SP00411" WIDTH="0" HPOS="0" VPOS="0" />
            <String ID="P105_S00455" HPOS="1051" VPOS="2938" WIDTH="40" HEIGHT="54" STYLEREFS="StyleId-0" CONTENT="is" WC="0.655" CC="06" />
            <SP ID="P105_SP00412" WIDTH="0" HPOS="0" VPOS="0" />
            <String ID="P105_S00456" HPOS="1118" VPOS="2939" WIDTH="163" HEIGHT="53" STYLEREFS="StyleId-0" CONTENT="shown" WC="0.72" CC="70006" />
            <SP ID="P105_SP00413" WIDTH="0" HPOS="0" VPOS="0" />
            <String ID="P105_S00457" HPOS="1305" VPOS="2940" WIDTH="50" HEIGHT="52" STYLEREFS="StyleId-0" CONTENT="in" WC="0.63" CC="07" />
            <SP ID="P105_SP00414" WIDTH="0" HPOS="0" VPOS="0" />
            <String ID="P105_S00458" HPOS="1371" VPOS="2941" WIDTH="84" HEIGHT="51" STYLEREFS="StyleId-0" CONTENT="the" WC="1" CC="000" />
            <SP ID="P105_SP00415" WIDTH="0" HPOS="0" VPOS="0" />
            <String ID="P105_S00459" HPOS="1472" VPOS="2943" WIDTH="206" HEIGHT="49" STYLEREFS="StyleId-0" CONTENT="conduct" WC="0.7057143" CC="3540700" />
            <SP ID="P105_SP00416" WIDTH="0" HPOS="0" VPOS="0" />
            <String ID="P105_S00460" HPOS="1697" VPOS="2944" WIDTH="54" HEIGHT="48" STYLEREFS="StyleId-0" CONTENT="of" WC="0.66" CC="33" />
            <SP ID="P105_SP00417" WIDTH="0" HPOS="0" VPOS="0" />
            <String ID="P105_S00461" HPOS="1769" VPOS="2943" WIDTH="93" HEIGHT="49" STYLEREFS="StyleId-0" CONTENT="Mr." WC="0.486666679" CC="374" />
          </TextLine>
        </TextBlock>
      </PrintSpace>
    </Page>
  </Layout>
</alto>