2200 3300
344 311 101 43 420

644 310 223 44 History
893 322 63 32 of
984 323 95 31 the
1106 312 165 42 Black
1296 311 252 43 Phalanx.

451 443 127 44 With
610 443 85 44 the
727 442 246 55 exception
1008 442 53 55 of
1099 441 195 56 General
1336 440 245 57 Burnside,
1619 450 64 47 no
1728 449 123 48 com¬

346 511 200 43 mander
572 508 48 46 of
644 509 83 45 the
751 508 148 54 Army
918 507 52 55 of
990 508 83 54 the
1099 507 236 55 Potomac
1352 519 98 43 was
1468 506 49 56 in
1536 505 142 57 favor
1697 502 53 60 of
1769 502 83 60 the

349 577 222 42 Phalanx
597 574 346 57 participating
968 573 48 58 in
1043 585 32 46 a
1100 571 169 60 battle.
1323 571 161 60 What,
1504 570 130 61 then,
1655 569 98 62 had
1770 568 82 63 the

351 643 220 43 Phalanx
587 646 56 40 to
670 642 164 54 expect
853 639 53 57 of
926 639 140 57 those
1091 640 57 56 to
1175 637 156 59 whom
1355 637 115 59 they
1488 636 100 60 had
1606 636 148 60 borne
1770 634 83 62 the

349 710 207 42 relation
574 708 52 44 of
637 707 165 45 slave?
844 705 98 47 The
961 703 321 49 confederates
1300 702 97 50 had
1416 715 32 37 a
1465 701 132 56 right
1614 703 56 54 to
1689 702 164 55 expect

348 775 125 43 haxd
499 775 205 55 fighting
721 773 131 57 when
869 771 116 59 they
1011 772 98 58 met
1135 769 83 61 the
1244 768 235 62 Phalanx,
1501 767 96 63 and
1623 767 82 63 the
1732 766 121 64 Pha¬

351 841 115 42 lanx
499 841 131 42 knew
663 840 115 54 they
811 838 98 56 had
943 839 56 55 to
1035 836 123 58 fight
1193 834 122 60 hard
1342 834 132 60 when
1499 833 116 61 they
1639 835 99 59 met
1771 833 81 61 the

348 907 336 41 confederates.
721 905 48 43 It
787 917 97 31 was
901 903 82 45 the
1002 902 222 56 previous
1243 899 321 59 associations
1584 900 95 58 and
1689 899 163 59 habits

350 972 58 42 of
420 973 81 41 the
518 984 145 42 negro
681 972 115 54 that
805 971 114 55 kept
937 970 98 56 him
1044 969 123 57 from
1185 966 283 60 retaliating
1483 966 75 60 for
1574 966 82 60 the
1674 966 179 60 several

353 1051 261 30 massacres
639 1038 115 43 that
779 1037 97 44 had
912 1036 113 45 been
1051 1033 306 56 perpetrated
1384 1045 131 44 upon
1541 1031 72 58 his
1640 1031 213 58 brother-

349 1104 214 42 soldiers.
615 1103 49 43 It
697 1115 97 31 was
828 1104 90 42 not
951 1101 74 45 for
1060 1114 31 32 a
1117 1101 136 45 want
1284 1099 54 47 of
1367 1111 206 42 courage
1606 1099 56 54 to
1698 1097 62 56 do
1787 1097 62 56 it:

349 1170 45 41 it
411 1182 98 29 was
529 1169 113 53 only
659 1181 245 41 necessary
921 1167 74 55 for
1011 1167 141 55 those
1169 1166 106 56 who
1302 1164 311 58 commanded
1639 1164 129 58 them
1795 1163 55 59 to

354 1234 124 42 have
512 1234 194 42 ordered
740 1234 54 51 it,
832 1234 96 51 and
962 1233 115 54 they
1111 1231 157 56 would
1311 1244 139 43 never
1483 1230 123 57 have
1639 1230 147 57 taken
1821 1242 31 45 a

351 1300 299 41 confederate
676 1299 224 54 prisoner.

454 1364 147 54 Many
636 1364 52 54 of
716 1365 139 53 those
889 1364 105 54 who
1030 1362 312 56 commanded
1375 1363 130 55 them
1550 1362 170 56 needed
1763 1361 88 57 but

354 1431 157 54 public
537 1430 196 55 opinion
758 1432 56 53 to
841 1429 188 56 sustain
1054 1429 146 56 them,
1219 1431 56 54 to
1294 1428 107 57 give
1419 1428 113 57 such
1551 1440 64 45 an
1634 1427 136 58 order
1796 1440 55 45 as

356 1496 153 42 would
537 1495 123 43 have
685 1495 139 43 made
849 1508 139 41 every
1006 1495 156 54 battle
1180 1495 202 54 between
1401 1494 83 55 the
1509 1493 220 56 Phalanx
1756 1493 94 56 and

354 1562 84 41 the
472 1561 318 42 confederates
826 1560 179 54 bloody
1032 1560 96 54 and
1163 1559 242 55 inhuman.
1459 1559 48 55 It
1533 1572 97 42 was
1657 1560 88 54 but
1769 1559 82 55 the

354 1627 296 54 enlightened
670 1626 254 55 sentiment
943 1626 53 55 of
1007 1626 82 55 the
1107 1625 167 56 North,
1294 1626 83 55 the
1393 1625 221 56 religious
1631 1625 221 56 teaching

354 1693 57 42 of
423 1693 82 42 the
523 1692 324 43 brotherhood
869 1692 53 43 of
933 1704 127 39 man,
1080 1691 83 52 the
1180 1691 114 55 high
1312 1692 246 54 character
1585 1692 96 54 and
1699 1691 153 55 moral

350 1758 222 55 draining
589 1758 54 55 of
661 1758 83 55 the
770 1760 260 53 statesmen
1058 1770 62 43 on
1147 1758 82 55 the
1255 1757 98 56 side
1371 1757 53 56 of
1443 1758 83 55 the
1551 1757 167 56 Union,
1739 1757 113 56 that

353 1824 267 43 restrained
645 1824 83 43 the
762 1823 220 44 Phalanx
1015 1823 123 44 from
1172 1823 292 53 retaliation,
1493 1824 91 52 else
1608 1824 114 54 they
1748 1836 104 42 pos¬

352 1891 161 43 sessed
539 1903 123 31 none
681 1889 52 45 of
753 1890 83 44 the
861 1889 376 45 characteristics
1257 1889 52 45 of
1331 1902 31 32 a
1388 1902 306 43 courageous,
1716 1889 137 56 sensi¬

355 1957 101 41 tive
475 1956 93 42 and
580 1956 113 54 high
710 1955 237 55 tempered
958 1956 176 54 people.
1164 1955 97 55 The
1279 1968 146 43 negro
1444 1955 40 56 is
1502 1959 89 52 not
1609 1956 244 55 naturally

355 2022 172 52 docile;
564 2021 72 53 his
672 2021 356 55 surroundings,
1057 2021 164 55 rather
1254 2022 124 54 than
1412 2022 73 54 his
1520 2024 184 52 nature,
1732 2022 121 54 have

357 2089 139 53 given
506 2088 97 54 him
620 2088 82 54 the
718 2087 145 55 trait;
891 2087 40 55 it
949 2087 40 55 is
1007 2089 89 53 not
1115 2087 245 55 naturally
1370 2087 86 55 his,
1477 2087 90 55 but
1585 2088 269 54 something

357 2154 148 41 which
523 2153 72 42 his
613 2153 204 42 trainers
835 2152 123 43 have
974 2152 139 55 given
1131 2153 120 54 him;
1273 2153 95 54 and
1387 2153 40 54 it
1445 2153 40 54 is
1503 2158 89 49 not
1611 2167 31 40 a
1660 2153 193 54 difficult

357 2219 116 41 task
489 2221 56 39 to
564 2218 197 42 untrain
786 2218 98 42 him
911 2217 94 43 and
1035 2216 211 44 advance
1272 2218 97 42 him
1388 2219 186 54 beyond
1593 2219 72 54 his
1685 2232 169 42 appar¬

355 2287 84 39 ent
473 2283 418 43 unconsciousness
927 2283 54 43 of
1017 2283 222 55 self-duty
1275 2284 94 54 and
1413 2284 437 55 self-preservation.

359 2349 89 41 Let
465 2348 97 42 him
579 2348 82 42 feel
674 2348 114 42 that
806 2349 56 41 he
880 2349 39 41 is
940 2351 56 40 to
1016 2349 57 42 be
1091 2350 260 54 supported
1370 2349 49 55 in
1438 2363 94 42 any
1551 2351 302 54 transaction

356 2426 288 30 uncommon
660 2415 56 41 to
735 2413 111 53 him,
868 2415 96 51 and
982 2415 58 51 he
1058 2428 88 38 can
1174 2418 80 48 act
1273 2429 55 37 as
1348 2416 319 56 aggressively
1685 2429 54 43 as
1758 2429 96 43 any

358 2492 106 29 race
491 2478 51 43 of
563 2491 105 30 men
694 2479 105 42 who
828 2492 80 29 are
934 2481 247 53 naturally
1207 2481 188 55 quicker
1420 2482 49 54 in
1494 2484 357 53 temperament.

358 2545 47 41 It
424 2544 40 42 is
480 2544 98 42 this
597 2544 352 43 characteristic
969 2546 111 41 that
1099 2546 139 42 made
1254 2547 83 42 the
1354 2560 146 41 negro
1511 2548 130 53 what
1661 2547 194 54 General

358 2610 155 42 Grant
531 2609 104 43 said
653 2609 57 43 he
727 2622 119 30 was:
875 2610 49 42 in
950 2611 238 54 discipline
1215 2624 31 41 a
1263 2612 156 53 better
1445 2613 172 52 soldier
1633 2614 124 51 than
1773 2614 82 51 the

358 2676 139 42 white
514 2687 127 31 man.
695 2674 48 44 It
760 2687 98 31 was
877 2675 104 43 said
999 2676 115 42 that
1132 2677 57 41 he
1206 2677 154 43 would
1379 2679 90 41 not
1494 2679 144 54 fight:
1667 2680 131 53 there
1815 2679 39 54 is

359 2755 63 28 no
441 2753 113 30 man
570 2740 49 43 in
635 2740 82 43 the
736 2738 154 45 South
907 2741 105 42 who
1032 2743 97 40 met
1146 2741 98 42 him
1263 2755 63 29 on
1343 2743 83 41 the
1443 2743 278 44 battle-field
1739 2745 115 42 that

359 2807 89 42 will
474 2818 89 42 say
589 2818 54 42 so
671 2817 118 43 now.

457 2871 148 42 These
623 2882 80 31 are
722 2881 31 32 a
769 2871 82 42 lew
870 2869 53 44 of
941 2870 83 43 the
1048 2871 238 54 thoughts
1312 2871 115 54 that
1444 2885 132 40 came
1592 2876 56 49 to
1667 2888 74 37 me
1759 2889 55 36 as
1831 2875 23 50 I

355 2935 200 44 listened
580 2935 70 44 for
680 2946 64 33 an
768 2934 136 52 hour,
935 2947 88 39 one
1048 2936 198 54 evening
1278 2936 49 54 in
1360 2936 137 54 June,
1528 2938 142 55 1883,
1690 2943 56 50 to
1772 2942 83 51 the
