2200 3300
350 307 95 42 260

655 309 219 42 History
902 319 63 32 of
993 318 95 33 the
1114 305 166 46 Black
1305 303 252 48 Phalanx.

349 442 184 34 defensive
548 443 78 34 and
639 443 46 34 he
699 442 77 35 had
790 442 99 35 little
910 451 45 26 or
975 450 51 27 no
1049 438 177 39 offensive
1245 445 127 35 power
1392 433 91 47 with
1505 431 118 49 which
1642 432 46 48 to
1702 428 168 52 contend

347 497 92 34 with
459 497 59 34 his
541 498 245 33 adversaries.
820 496 147 41 -Acting
988 504 51 33 on
1059 492 79 45 this
1159 490 218 47 conviction
1397 488 45 49 he
1463 486 79 51 had
1563 485 67 52 the
1650 484 101 53 light
1769 492 104 45 guns

346 549 246 38 dismounted
607 552 78 35 and
699 550 158 37 covered
879 550 89 37 with
990 547 97 40 sand
1110 547 107 41 bags,
1235 544 77 44 and
1333 543 66 45 the
1419 551 105 37 same
1544 538 226 50 precaution
1790 547 83 41 was

346 607 173 42 adopted
531 609 46 40 to
593 616 171 34 preserve
779 615 103 35 some
896 604 45 46 of
955 603 67 47 the
1036 601 92 49 shell
1140 610 99 40 guns
1260 609 46 41 or
1325 597 100 53 fixed
1443 595 204 55 carriages.
1691 593 80 57 The
1782 602 89 48 pro¬

345 663 128 42 priety
486 662 45 43 of
545 662 78 43 this
640 659 296 46 determination
950 667 78 38 was
1043 654 242 51 abundantly
1301 650 288 55 demonstrated
1603 649 40 56 in
1657 648 66 57 the
1737 647 83 58 end.

429 718 164 33 "About
613 726 25 25 a
660 719 157 39 quarter
838 715 93 43 past
952 712 23 46 8
998 710 143 48 o'clock
1161 709 66 49 the
1248 710 124 48 storm
1393 705 127 53 broke,
1551 704 85 54 ship
1658 703 98 55 after
1783 702 89 56 ship

348 772 77 33 and
447 771 159 42 battery
626 771 99 42 after
746 770 169 43 battery,
939 766 77 47 and
1036 765 93 48 then
1150 762 230 51 apparently
1407 760 51 53 all
1478 759 190 54 together,
1696 757 172 56 vomited

347 826 106 35 forth
467 826 99 35 their
580 825 131 36 horrid
725 825 131 36 flames
872 822 78 39 and
963 821 66 40 the
1044 818 242 43 atmosphere
1306 826 78 35 was
1405 815 99 46 filled
1526 814 90 47 with
1631 812 137 49 deadly
1782 812 86 49 mis¬

348 882 97 33 siles.
486 881 41 34 It
539 881 33 34 is
585 880 218 43 impossible
816 879 59 44 for
891 887 77 36 any
982 885 71 38 pen
1068 877 45 46 to
1129 872 163 51 describe
1307 881 45 42 or
1365 870 59 53 for
1439 879 151 44 anyone
1603 868 84 55 who
1702 877 78 46 was
1794 869 74 54 not

349 946 52 23 an
415 936 230 41 eye-witness
658 937 45 40 to
724 933 171 44 conceive
915 932 67 45 the
1002 928 172 49 frightful
1194 926 191 51 grandeur
1406 925 44 52 of
1464 924 66 53 the
1551 923 194 54 spectacle.
1788 922 83 55 The

348 990 126 34 writer
486 990 73 34 has
573 1000 112 24 never
704 989 80 35 had
803 988 67 36 the
889 987 152 37 fortune
1061 986 45 38 to
1128 982 92 42 read
1242 991 76 33 any
1341 979 137 45 official
1497 978 158 46 Federal
1675 979 132 45 report
1821 987 46 37 or

349 1055 78 31 any
443 1045 110 41 other
568 1046 164 40 account
747 1043 43 43 of
805 1042 66 44 the
886 1039 222 47 operations
1124 1037 43 49 of
1181 1036 79 50 this
1282 1036 76 50 day
1379 1035 131 51 except
1531 1044 52 42 an
1603 1035 151 51 extract
1767 1033 101 53 from

347 1100 67 34 the
427 1099 158 43 graphic
599 1099 78 43 and
691 1098 177 44 eloquent
883 1096 156 46 address
1056 1094 41 48 of
1113 1093 66 49 the
1193 1091 89 51 Rev.
1299 1090 69 52 Mr.
1384 1089 201 53 Dennison,
1597 1099 25 43 a
1635 1088 176 54 chaplain
1827 1086 40 56 of

349 1164 73 24 one
436 1154 44 34 of
493 1153 69 35 the
579 1153 192 35 Northern
790 1151 215 42 regiments,
1031 1148 183 45 delivered
1235 1156 52 37 on
1305 1146 54 47 its
1379 1144 217 49 nineteenth
1616 1143 250 50 anniversary

349 1211 46 32 at
416 1208 240 42 Providence,
672 1207 44 43 R.
731 1207 31 43 I.
805 1206 59 44 He
884 1215 108 35 says:
1037 1203 156 47 'Words
1214 1202 145 48 cannot
1380 1200 123 50 depict
1523 1199 66 51 the
1609 1198 174 52 thunder,
1798 1198 67 52 the

348 1264 143 41 smoke,
507 1264 66 41 the
592 1263 106 42 lifted
719 1261 98 44 sand
838 1261 77 44 and
935 1260 66 45 the
1022 1259 152 46 general
1194 1258 125 47 havoc
1337 1255 119 50 which
1476 1253 276 52 characterized
1772 1253 96 52 that

348 1318 73 34 hot
435 1328 164 24 summer
614 1318 88 41 day.
743 1316 120 43 What
877 1326 25 33 a
916 1318 124 41 storm
1055 1314 44 45 of
1113 1314 86 45 iron
1213 1313 59 46 fell
1287 1322 50 37 on
1351 1312 92 47 that
1461 1311 144 48 island;
1627 1310 66 49 the
1713 1319 92 40 roar
1826 1308 41 51 of

347 1373 67 34 the
428 1383 98 32 guns
540 1383 78 32 was
632 1372 208 43 incessant;
856 1371 86 44 how
955 1370 66 45 the
1035 1369 110 46 shots
1160 1367 190 48 ploughed
1370 1367 67 48 the
1457 1365 97 50 sand
1568 1365 124 50 banks
1708 1364 77 51 and
1799 1364 66 51 the

348 1428 189 42 marshes;
553 1427 85 43 how
652 1427 66 43 the
732 1427 176 43 splinters
922 1425 79 45 flew
1021 1425 99 45 from
1140 1424 66 46 the
1227 1423 149 47 Beacon
1397 1422 148 48 House;
1568 1421 85 49 how
1667 1420 66 50 the
1747 1419 121 51 whole

347 1483 126 34 island
489 1483 157 34 smoked
660 1482 72 35 like
747 1492 25 25 a
785 1481 151 36 furnace
951 1481 77 36 and
1041 1478 184 39 trembled
1240 1487 43 30 as
1298 1478 98 39 from
1411 1487 51 30 an
1476 1475 260 44 earthquake.'

430 1537 70 34 "If
514 1538 92 34 that
621 1547 77 25 was
718 1539 88 33 true
825 1535 152 37 outside
995 1535 45 37 of
1055 1534 165 43 Wagner
1237 1534 36 43 it
1291 1533 33 44 is
1344 1542 93 35 easy
1456 1533 46 44 to
1522 1531 173 46 conceive
1712 1531 87 46 how
1811 1529 55 48 in-

332 1610 4 7 •
346 1592 173 34 tensified
533 1592 66 34 the
613 1592 191 34 situation
818 1601 78 25 was
910 1590 130 36 within
1060 1589 52 37 its
1133 1599 151 27 narrow
1303 1587 119 39 limits
1435 1588 171 38 towards
1620 1586 118 40 which
1752 1595 112 31 every

348 1648 140 34 hostile
501 1658 79 32 gun
594 1657 78 33 was
686 1646 169 44 pointed.
897 1645 79 45 The
990 1644 97 46 sand
1100 1654 106 36 came
1227 1644 110 46 down
1356 1643 40 47 in
1411 1642 246 48 avalanches;
1673 1641 99 49 huge
1785 1651 79 39 ver¬

347 1702 93 34 tical
455 1702 111 34 shells
587 1702 78 34 and
684 1701 113 35 those
816 1700 118 36 rolled
956 1710 90 26 over
1065 1699 53 42 by
1139 1699 66 42 the
1224 1698 166 43 ricochet
1411 1697 110 44 shots
1541 1696 98 45 from
1660 1696 66 45 the
1746 1695 115 46 ships,

348 1758 132 34 buried
500 1757 223 35 themselves
745 1756 77 36 and
842 1756 91 36 then
954 1754 195 43 exploded,
1178 1753 159 44 rending
1362 1752 67 45 the
1455 1752 112 45 earth
1595 1751 77 46 and
1700 1751 164 46 forming

348 1816 113 39 great
474 1814 154 41 craters,
646 1814 71 41 out
738 1811 43 44 of
796 1810 117 45 which
927 1810 65 45 the
1007 1809 96 46 sand
1119 1809 76 46 and
1210 1809 85 46 iron
1309 1808 210 47 fragments
1540 1806 78 49 flew
1639 1806 91 49 high
1744 1806 39 49 in
1797 1806 68 49 the

350 1867 69 34 air.
461 1866 39 35 It
514 1877 78 24 was
607 1876 25 25 a
646 1866 104 35 fierce
765 1866 141 35 sirocco
921 1863 184 43 freighted
1119 1864 90 42 with
1224 1863 85 43 iron
1325 1873 44 33 as
1383 1862 78 44 well
1476 1871 44 35 as
1535 1861 108 45 sand.
1674 1861 77 45 The
1765 1860 97 46 sand

347 1921 80 33 flew
447 1931 92 24 over
557 1921 99 34 from
675 1921 67 34 the
762 1919 186 43 seashore,
970 1919 99 43 from
1089 1918 67 44 the
1174 1918 130 44 glacis,
1333 1918 100 44 from
1460 1917 67 45 the
1552 1916 167 46 exterior
1744 1916 118 46 slope,

349 1976 99 33 from
462 1976 65 33 the
540 1977 175 41 parapet,
732 1985 44 33 as
790 1974 33 44 it
837 1984 77 34 was
928 1973 190 45 ploughed
1139 1983 51 35 up
1213 1973 77 45 and
1310 1972 106 46 lifted
1437 1971 77 47 and
1530 1971 129 47 driven
1672 1972 52 46 by
1737 1971 126 47 resist¬

348 2031 73 33 less
435 2031 98 33 force
546 2040 84 24 now
644 2030 39 34 in
698 2039 117 33 spray
829 2029 77 43 and
920 2038 85 34 now
1020 2028 145 44 almost
1177 2028 39 44 in
1230 2037 125 35 waves
1376 2037 91 35 over
1487 2027 84 45 into
1585 2026 67 46 the
1665 2026 115 46 work,
1795 2026 70 46 the

350 2096 84 22 men
449 2085 215 33 sometimes
678 2084 84 34 half
776 2083 131 35 buried
920 2083 54 41 by
986 2084 66 40 the
1066 2082 160 43 moving
1238 2093 115 32 mass.
1397 2082 78 43 The
1495 2081 97 44 chief
1608 2081 156 44 anxiety
1784 2091 79 34 was

351 2140 124 33 about
494 2140 66 33 the
586 2139 227 42 magazines.
856 2137 78 44 The
954 2137 131 44 profile
1107 2137 43 44 of
1165 2137 66 44 the
1250 2137 80 44 fort
1349 2137 125 44 might
1493 2136 47 45 be
1561 2136 213 45 destroyed,
1796 2136 66 45 the

350 2195 104 33 ditch
474 2194 98 34 filled
592 2204 62 31 up,
676 2193 66 42 the
762 2195 189 40 traverses
973 2192 77 43 and
1071 2191 250 44 bomb-proof
1335 2191 184 44 barracks
1539 2191 172 44 knocked
1732 2193 71 42 out
1823 2190 39 45 of

349 2250 127 40 shape,
492 2249 73 41 but
578 2248 65 42 the
656 2248 217 42 protecting
893 2247 124 43 banks
1039 2247 43 43 of
1098 2246 97 44 sand
1217 2246 124 44 would
1363 2246 77 44 still
1455 2246 123 44 afford
1592 2246 99 44 their
1704 2246 157 44 shelter;

348 2304 73 33 but
432 2303 35 34 if
479 2303 66 34 the
559 2303 195 41 coverings
770 2302 44 42 of
826 2302 67 42 the
907 2301 217 43 magazines
1143 2311 93 33 were
1249 2301 124 43 blown
1389 2311 109 33 away
1514 2302 77 42 and
1604 2301 93 43 they
1710 2300 154 44 became

347 2357 175 43 exposed,
531 2357 66 43 the
610 2357 197 43 explosion
821 2357 92 43 that
926 2356 125 44 would
1065 2366 112 34 ensue
1192 2356 122 44 would
1328 2356 59 44 lift
1400 2355 79 45 fort
1494 2356 77 44 and
1585 2355 177 45 garrison
1776 2355 88 45 into

347 2413 66 33 the
428 2412 58 34 air
500 2411 77 35 and
592 2411 208 35 annihilate
815 2412 51 38 all
880 2412 39 38 in
933 2411 151 42 general
1097 2411 129 42 chaos.
1269 2410 104 43 They
1388 2419 91 34 were
1499 2410 177 43 carefully
1691 2409 170 44 watched

348 2466 78 34 and
439 2468 151 40 reports
611 2465 45 43 of
669 2466 100 42 their
788 2466 198 42 condition
1005 2465 172 43 required
1196 2468 46 40 to
1261 2464 48 44 be
1327 2464 114 44 made
1467 2466 47 42 at
1539 2464 111 44 short
1676 2464 185 44 intervals

348 2521 138 41 during
498 2521 66 41 the
579 2520 86 42 day.

429 2575 195 42 "Wagner
643 2575 138 42 replied
802 2577 44 40 to
868 2575 66 42 the
953 2585 141 32 enemy,
1116 2574 67 43 her
1203 2573 150 44 10-inch
1372 2573 218 44 columbiad
1612 2573 111 44 alone
1736 2576 45 41 to
1795 2574 67 43 the

348 2630 114 42 ships,
487 2630 240 42 deliberately
748 2632 45 40 at
812 2630 184 42 intervals
1017 2629 43 43 of
1075 2629 124 43 fifteen
1220 2628 174 44 minutes,
1410 2628 67 44 the
1498 2627 223 45 other'guns
1735 2630 44 42 to
1794 2629 68 43 the

347 2685 92 33 land
452 2684 184 34 batteries
650 2684 190 34 whenever
852 2684 40 34 in
906 2693 128 32 range,
1052 2693 43 32 as
1115 2683 93 42 long
1228 2692 44 33 as
1290 2683 94 42 they
1397 2692 93 33 were
1504 2683 235 42 serviceable.
1782 2683 81 42 The

349 2738 235 43 32-pounder
597 2737 105 44 rifled
716 2747 78 34 gun
808 2747 78 34 was
907 2747 95 34 soon
1023 2737 178 44 rendered
1222 2736 136 45 useless
1378 2736 53 45 by
1443 2736 180 45 bursting
1637 2737 77 44 and
1728 2738 132 43 within

348 2797 78 31 two
446 2795 118 33 hours
585 2801 117 31 many
724 2791 109 41 other
852 2800 99 32 guns
971 2790 79 42 had
1069 2790 91 42 been
1182 2790 242 42 dismounted
1446 2791 76 41 and
1543 2792 99 40 their
1668 2793 193 42 carriages

349 2847 214 42 destroyed.
604 2845 162 44 Sumter,
782 2843 151 46 Colonel
945 2843 125 46 Alfred
1084 2842 118 47 Rhett
1214 2843 40 46 in
1266 2844 216 45 command,
1497 2845 80 44 and
1590 2844 136 45 Gregg,
1741 2846 119 43 under

347 2903 139 41 charge
500 2901 44 43 of
558 2897 163 47 Captain
735 2896 160 48 Sesesne,
911 2895 90 49 with
1016 2895 66 49 the
1102 2895 169 49 Sullivan
1293 2896 77 48 and
1385 2897 131 47 James
1530 2897 132 47 Island
1675 2899 185 45 batteries

348 2960 47 31 at
408 2958 93 39 long
513 2961 129 36 range,
656 2950 119 47 threw
789 2948 51 49 all
853 2947 66 50 the
932 2956 125 41 power
1071 2946 44 51 of
1128 2946 100 51 their
1248 2948 191 49 available
1458 2951 120 46 metal
1592 2954 45 43 at
1649 2952 68 45 the
1731 2955 127 42 assail-
