2200 3300
867 301 106 42 The
999 301 165 43 Black
1189 300 151 44 Flag.

1769 295 94 43 319

435 431 132 44 Thus
584 433 42 43 it
644 433 41 43 is
704 437 238 52 apparent
959 435 115 54 that
1091 434 131 55 while
1238 434 82 55 the
1338 432 302 57 Confederate
1659 429 206 60 Govern¬

340 501 137 40 ment
502 512 101 30 was
629 500 203 56 holding
858 502 122 54 aloft
1006 502 82 54 the
1113 501 139 55 black
1277 501 112 55 flag,
1418 512 114 44 even
1559 498 196 58 against
1780 498 84 58 the

341 563 245 48 Northern
612 566 223 45 Phalanx
860 568 254 55 regiments
1141 566 251 57 composed
1420 565 52 58 of
1494 578 104 45 men
1616 564 105 59 who
1748 577 116 46 were

344 644 143 30 never
505 632 170 54 slaves,
696 633 40 53 it
753 646 99 40 was
872 637 55 49 at
943 634 83 52 the
1053 646 129 40 same
1207 633 114 53 time
1338 632 211 56 engaged
1567 631 48 57 in
1633 630 233 58 enrolling

346 698 98 42 and
472 699 324 56 conscripting
821 700 154 55 slaves
1001 702 56 53 to
1083 699 131 56 work
1241 712 63 43 on
1330 698 335 57 fortifications
1693 697 96 58 and
1815 697 50 58 in

344 765 232 53 trenches,
596 765 50 53 in
672 768 206 53 support
905 766 53 55 of
978 766 123 55 their
1125 765 221 56 rebellion
1373 765 195 56 against
1592 765 83 56 the
1691 762 174 59 United

347 828 180 56 States,
557 831 97 53 and
682 834 56 50 at
765 845 32 39 a
821 832 163 55 period
1011 832 131 55 when
1168 845 145 42 negro
1339 833 171 54 troops
1536 844 115 43 were
1676 833 90 54 not
1793 844 72 43 ac¬

344 897 169 55 cepted
539 897 51 55 in
614 896 83 56 the
724 910 137 43 army
889 898 53 55 of
961 898 89 55 the*
1069 898 171 55 United
1267 897 175 56 States.

449 961 132 45 Soon
608 964 123 42 after
754 964 84 42 the
864 964 262 43 admission
1154 964 52 43 of
1234 977 195 42 negroes
1455 964 104 55 into
1593 957 83 62 the
1708 963 158 56 Union

346 1041 157 43 army,
531 1029 42 55 it
598 1042 98 42 was
722 1030 220 54 reported
977 1032 55 52 to
1069 1029 244 55 Secretary
1341 1029 212 55 Stanton
1585 1030 116 54 that
1734 1030 132 54 three

348 1107 148 43 negro
516 1095 210 55 soldiers,
747 1096 229 54 captured
994 1096 114 54 with
1125 1096 82 54 the
1224 1096 223 55 gunboat
1468 1096 176 55 "Isaac
1662 1095 201 56 Smith,"

346 1173 68 30 on
441 1160 147 43 Stone
610 1161 140 52 river,
787 1174 115 39 were
928 1162 162 55 placed
1117 1161 49 56 in
1193 1162 122 55 close
1342 1163 324 54 confinement,
1702 1163 164 54 where¬

347 1239 132 41 upon
497 1226 58 54 he
572 1226 196 54 ordered
795 1227 131 53 three
952 1227 296 53 confederate
1275 1228 238 55 prisoners
1538 1229 255 55 belonging
1808 1231 56 53 to

344 1291 158 43 South
530 1291 223 43 Carolina
777 1294 56 40 to
860 1292 57 43 be
943 1293 162 54 placed
1133 1293 48 54 in
1200 1294 123 53 close
1342 1295 323 52 confinement,
1687 1295 93 52 and
1801 1295 65 52 in¬

345 1357 182 43 formed
552 1357 84 43 the
662 1356 305 46 Confederate
1003 1357 321 45 Government
1343 1361 53 41 of
1423 1361 83 41 the
1540 1361 173 42 action.
1767 1360 98 43 The

345 1422 265 44 Richmond
627 1422 261 44 Examiner
901 1424 248 56 becoming
1168 1426 254 54 cognizant
1441 1426 53 54 of
1513 1427 97 53 this
1629 1426 126 54 said:

427 1511 71 35 "It
517 1512 34 34 is
570 1514 74 32 not
664 1512 137 41 merely
821 1511 67 42 the
909 1512 216 42 pretension
1149 1513 44 41 of
1209 1523 24 31 a
1254 1514 152 42 regular
1420 1513 254 43 Government
1689 1515 177 43 affecting

342 1571 48 30 to
406 1566 85 35 deal
505 1567 91 34 with
613 1565 152 43 'rebels,'
781 1566 73 42 but
868 1567 31 41 it
913 1567 33 41 is
961 1577 26 31 a
1001 1567 136 42 deadly
1155 1568 91 41 stab
1262 1568 115 41 which
1393 1569 91 42 they
1499 1579 65 32 are
1578 1570 143 42 aiming
1735 1574 44 38 at
1795 1580 71 32 our

345 1622 245 34 institutions
616 1621 241 43 themselves;
887 1621 159 43 because
1074 1622 93 42 they
1195 1622 111 42 know
1340 1624 102 42 that,
1472 1624 31 42 if
1525 1634 54 32 we
1611 1635 91 31 were
1734 1625 132 41 insane

343 1677 153 42 enough
517 1679 46 40 to
582 1676 99 43 yield
700 1677 79 42 this
800 1677 122 42 point,
945 1679 45 40 to
1012 1679 106 40 treat
1140 1677 112 42 black
1273 1688 85 31 men
1380 1688 44 31 as
1444 1678 66 41 the
1530 1679 130 42 equals
1682 1680 43 41 of
1740 1680 122 42 white,

344 1732 80 35 and
445 1733 197 42 insurgent
663 1732 123 43 slaves
808 1742 45 33 as
873 1732 219 43 equivalent
1106 1734 45 41 to
1168 1742 71 33 our
1253 1733 119 42 brave
1387 1733 109 42 white
1511 1734 167 42 soldiers,
1694 1735 66 41 the
1773 1745 91 32 very

344 1787 231 35 foundation
590 1787 44 35 of
649 1787 150 42 slavery
814 1787 124 42 would
953 1787 46 42 be
1014 1787 138 42 fatally
1168 1788 220 41 wounded."

445 1864 187 44 Several
650 1865 139 43 black
807 1865 197 43 soldiers
1023 1877 116 31 were
1159 1865 228 54 captured
1405 1865 48 54 in
1473 1878 63 41 an
1553 1871 311 50 engagement

343 1931 157 44 before
526 1931 293 53 Charleston,
850 1931 98 53 and
975 1931 133 53 when
1134 1931 41 53 it
1203 1944 132 40 came
1368 1933 57 51 to
1462 1944 62 40 an
1551 1932 239 55 exchange
1818 1933 54 54 of

344 1998 251 55 prisoners,
615 1998 192 55 though
827 2011 64 42 an
910 1997 272 56 immediate
1209 1997 242 56 exchange
1479 1998 54 55 of
1554 1998 64 55 all
1636 2000 228 53 captured

341 2065 50 42 in
407 2066 83 41 the
507 2066 315 55 engagement
839 2064 99 57 had
957 2064 114 57 been
1091 2064 170 57 agreed
1281 2076 143 45 upon,
1446 2063 83 58 the
1546 2065 319 56 confederates

340 2132 157 43 would
516 2135 90 40 not
623 2131 242 54 exchange
890 2130 82 55 the
998 2142 146 43 negro
1172 2132 186 53 troops.
1413 2129 71 56 To
1504 2130 97 55 this
1618 2131 82 54 the
1719 2131 146 54 Presi¬

339 2199 158 43 dent's
524 2197 248 45 attention
799 2208 98 34 was
924 2195 160 52 called,
1114 2196 277 55 whereupon
1421 2196 57 55 he
1503 2196 155 55 issued
1683 2198 82 53 the
1783 2198 81 53 fol¬

340 2265 176 56 lowing
534 2264 162 57 order:

669 2355 255 35 "Executive
940 2353 186 42 Mansion,
1146 2352 272 43 "Washington,
1436 2352 91 43 July
1543 2352 108 43 30th,
1668 2352 115 43 1863.

422 2413 65 35 "It
500 2413 32 35 is
546 2413 67 35 the
628 2412 98 41 duty
741 2411 44 42 of
794 2420 112 33 every
920 2410 249 43 government
1184 2410 44 43 to
1244 2408 86 45 give
1345 2408 215 45 protection
1575 2412 45 41 to
1635 2408 52 45 its
1701 2409 162 44 citizens,

340 2470 47 35 of
400 2469 194 36 whatever
614 2467 117 42 color,
753 2466 111 43 class,
888 2474 45 35 or
953 2464 207 45 condition,
1186 2463 76 46 and
1285 2462 195 47 especially
1504 2464 44 45 to
1568 2463 113 46 those
1696 2464 82 45 who
1801 2474 65 35 are

340 2525 93 43 duly
448 2522 205 46 organized
668 2532 45 36 as
728 2520 158 48 soldiers
900 2519 39 49 in
953 2519 65 49 the
1032 2519 124 49 public
1172 2519 147 49 service.
1366 2517 78 51 The
1464 2518 72 50 law
1557 2519 43 49 of
1615 2519 157 49 nations
1788 2519 78 49 and

338 2581 68 35 the
420 2589 140 32 usages
574 2578 77 43 and
666 2579 173 42 customs
855 2575 43 46 of
913 2584 89 37 war,
1019 2584 44 37 as
1078 2575 143 46 carried
1238 2585 50 36 on
1303 2575 52 46 by
1371 2574 164 47 civilized
1556 2584 154 37 powers,
1726 2575 140 46 permit

339 2646 53 25 no
408 2634 225 37 distinction
649 2643 45 28 as
714 2634 46 37 to
782 2630 107 41 color
908 2629 38 42 in
968 2629 66 42 the
1054 2631 210 40 treatment
1285 2631 43 40 of
1343 2631 190 42 prisoners
1550 2630 43 43 of
1610 2640 87 33 war,
1715 2639 44 34 as
1773 2629 92 44 pub¬

338 2690 48 36 lic
400 2689 171 37 enemies.
614 2688 58 38 To
695 2686 66 40 sell
783 2696 46 30 or
849 2684 153 42 enslave
1023 2694 77 32 any
1121 2685 181 41 captured
1323 2696 148 33 person,
1490 2696 51 33 on
1563 2687 164 42 account
1747 2685 44 44 of
1805 2684 59 45 his

336 2746 120 42 color,
474 2744 78 44 and
574 2744 60 44 for
655 2752 51 36 no
730 2740 138 48 offense
890 2738 157 50 against
1068 2738 65 50 the
1153 2739 91 49 laws
1266 2740 44 48 of
1324 2751 88 37 war,
1427 2741 34 47 is
1482 2752 26 36 a
1522 2742 145 46 relapse
1679 2740 85 48 into
1778 2740 88 48 bar¬

338 2801 159 42 barism,
520 2799 80 44 and
621 2808 26 35 a
667 2796 114 47 crime
802 2794 158 49 against
981 2793 65 50 the
1067 2793 228 50 civilization
1317 2796 43 47 of
1381 2797 66 46 the
1474 2807 82 36 age.
1601 2797 79 46 The
1705 2807 161 36 govern¬

338 2858 108 33 ment
460 2855 44 36 of
512 2854 68 37 the
593 2851 140 40 United
748 2849 132 42 States
894 2847 72 44 will
980 2847 86 44 give
1078 2847 66 44 the
1158 2858 104 33 same
1275 2851 216 40 protection
1505 2855 44 36 to
1567 2853 50 38 all
1626 2853 51 38 its
1693 2853 169 43 soldiers;

336 2911 83 36 and
439 2911 33 36 if
486 2910 67 37 the
573 2917 134 32 enemy
728 2903 99 46 shall
847 2902 153 47 enslave
1022 2912 45 37 or
1087 2902 64 47 sell
1172 2912 79 37 any
1272 2913 70 36 one
1362 2905 157 44 because
1534 2907 42 42 of
1591 2907 59 42 his
1666 2908 116 43 color,
1797 2908 68 43 the

336 2966 145 37 offense
500 2963 100 40 shall
620 2962 47 41 be
688 2957 186 47 punished
893 2956 53 48 by
966 2956 224 48 retaliation
1210 2967 104 37 upon
1333 2959 67 45 the
1419 2961 165 43 enemy's
1603 2961 193 44 prisoners
1823 2963 42 42 in.
