2200 3300
343 308 100 44 484
643 308 221 44 History
890 321 63 31 of
980 320 95 32 the
1102 308 164 44 Black
1292 307 251 45 Phalanx.

344 441 115 43 with
485 441 173 43 brazen
685 454 210 30 cannons
923 442 162 42 drawn
1110 441 65 54 by
1209 438 171 57 sturdy
1415 433 179 62 steeds;
1631 428 216 67 followed

345 509 63 53 by
436 508 255 54 regiments
719 507 52 55 of
791 507 212 55 infantry
1030 507 48 55 in
1105 506 211 56 brilliant
1341 502 246 60 uniforms,
1607 496 116 66 with
1741 496 109 66 bur¬

346 575 164 41 nished
528 573 226 51 muskets,
768 573 246 54 glittering
1032 572 235 55 bayonets
1286 569 96 58 and
1400 564 233 63 beautiful
1650 563 197 64 plumes;

347 640 245 56 preceeded
619 639 64 57 by
711 639 137 57 brass
875 638 153 58 bands
1065 636 294 60 discoursing
1392 634 84 62 the
1501 636 107 60 eVer
1644 627 206 69 alluring

345 707 183 42 strains
564 706 53 43 of
645 705 82 44 the
754 703 283 56 quick-step;
1067 702 63 57 all
1154 703 132 56 these
1312 712 156 47 scenes
1494 695 191 64 greatly
1710 694 140 65 inter¬

347 774 132 41 ested
498 773 95 42 and
613 769 235 56 delighted
868 770 82 55 the
967 781 160 44 negro,
1141 768 96 57 and
1254 769 41 56 it
1312 779 99 46 was
1427 763 151 62 filling
1594 762 84 63 the
1694 774 89 51 cup
1802 760 52 65 of

349 852 147 41 many
513 838 116 55 with
655 839 187 54 ecstasy
870 838 55 55 to
952 835 82 58 the
1060 834 135 59 brim,
1215 836 56 57 to
1290 832 57 61 be
1366 830 195 63 allowed
1578 832 56 61 to
1654 829 196 64 connect

347 905 295 51 themselves,
655 914 114 42 even
786 902 47 54 in
852 902 84 54 the
953 906 130 50 most
1102 899 171 57 menial
1290 911 120 45 way,
1430 896 115 60 with
1561 896 84 60 the
1662 894 188 62 demon¬

348 971 254 42 strations.
673 969 147 44 There
847 980 97 33 was
980 967 103 46 also
1121 978 63 35 an
1217 964 223 49 intuitive
1473 962 124 51 force
1629 960 115 53 that
1777 960 72 53 led

349 1038 147 50 them,
542 1036 97 52 and
684 1036 114 53 they
840 1033 378 56 unhesitatingly
1259 1029 229 60 followed,
1532 1027 165 62 feeling
1736 1026 114 63 that

350 1103 191 54 though
557 1102 116 55 they
690 1101 123 56 took
832 1113 64 44 up
924 1112 129 45 arms
1082 1098 194 59 against
1301 1097 84 60 the
1402 1093 228 64 National
1649 1092 202 65 Govern¬

352 1171 144 47 ment,
516 1168 206 50 freedom
749 1179 97 39 was
872 1166 83 52 the
981 1164 293 54 ultimatum.
1327 1161 148 57 Many
1502 1158 53 60 of
1581 1160 140 58 those
1744 1159 105 59 who

352 1235 196 41 enlisted
574 1233 157 43 feared
756 1235 57 41 to
841 1232 63 44 do
924 1224 246 52 otherwise
1186 1229 125 47 than
1327 1227 124 55 tight
1467 1226 74 56 for
1558 1226 200 56 slavery,
1777 1225 73 57 for

352 1303 57 39 to
444 1300 148 42 refuse
627 1298 156 44 would
809 1298 123 44 have
965 1296 195 51 invited,
1189 1294 267 55 perchance,
1484 1294 187 55 torture
1696 1291 38 58 if
1762 1293 88 56 not

354 1379 261 38 massacre;
634 1367 58 50 to
712 1366 138 51 avert
867 1362 147 55 which
1032 1373 148 44 many
1199 1360 54 57 of
1272 1360 81 57 the
1378 1359 90 58 free
1484 1358 177 59 blacks,
1682 1370 54 47 as
1753 1357 97 60 well

355 1446 55 29 as
430 1445 130 30 some
579 1431 52 44 of
651 1432 82 43 the
760 1430 167 51 slaves,
949 1441 122 43 gave
1099 1441 63 43 an
1190 1427 237 57 apparent
1454 1424 316 60 acquiescence
1794 1425 54 59 to

353 1499 84 42 the
453 1499 156 42 fervor
628 1497 54 45 of
692 1496 124 46 their
833 1496 139 46 lesser
990 1493 229 49 informed
1230 1491 259 52 comrades,
1500 1490 105 53 who
1624 1488 225 55 regarded

356 1579 97 41 any
486 1576 190 44 remove
708 1563 124 57 from
864 1561 84 59 the
990 1562 270 58 monotony
1306 1557 53 63 of
1387 1555 277 65 plantation
1704 1554 74 66 life
1819 1566 31 54 a

355 1632 187 54 respite.

455 1697 99 42 The
578 1695 239 44 readiness
843 1693 115 46 with
983 1691 149 48 which
1156 1690 116 53 they
1296 1687 262 56 responded
1583 1689 55 54 to
1664 1686 82 57 the
1763 1685 88 58 call

355 1776 98 29 was
481 1763 113 53 only
621 1760 303 56 astonishing
948 1761 56 55 to
1038 1757 141 59 those
1203 1755 115 61 Vhd
1352 1767 116 49 were
1501 1750 349 66 unacquainted

355 1829 115 42 with
487 1829 83 42 the
585 1830 108 41 true
718 1826 189 54 feelings
935 1824 53 56 of
1007 1824 82 56 the
1115 1822 229 58 unhappy
1369 1832 107 48 race
1493 1819 155 61 whose
1665 1817 185 63 highest

354 1896 125 52 hope
514 1894 54 54 of
585 1893 207 55 freedom
825 1904 98 44 was
958 1888 186 60 beyond
1179 1887 83 61 the
1296 1885 164 63 pearly
1501 1886 138 62 gates
1683 1883 54 65 of
1769 1882 82 66 the

356 1959 205 44 celestial
587 1958 210 45 domain.
852 1956 97 47 One
973 1948 141 60 thing
1138 1953 114 55 that
1278 1950 254 58 impressed
1574 1950 82 58 the
1690 1948 160 60 blacks

354 2026 190 55 greatly
578 2037 99 44 was
709 2024 84 57 the
816 2022 166 59 failure
1016 2021 54 60 of
1099 2018 237 63 Denmark
1370 2016 136 65 Vesy,
1534 2015 97 66 Nat
1673 2014 177 67 Turner

357 2092 96 42 and
472 2091 130 43 John
620 2090 186 51 Brown,
826 2088 156 53 whose
999 2087 98 54 fate
1115 2098 96 43 was
1237 2097 106 44 ever
1368 2083 106 58 held
1492 2095 64 46 up
1573 2084 56 57 to
1647 2082 129 59 them
1795 2093 54 48 as

352 2158 86 41 the
463 2157 98 42 fate
580 2156 52 43 of
654 2155 64 44 all
734 2155 105 44 who
868 2151 268 55 attempted
1170 2153 57 53 to
1261 2151 90 55 free
1384 2149 278 57 themselves
1689 2162 55 44 or
1768 2148 82 58 the

356 2224 169 41 slaves.
579 2221 180 54 Escape
782 2222 57 53 to
864 2220 92 55 free
980 2218 114 57 land
1130 2230 98 45 was
1251 2217 84 58 the
1362 2217 113 58 only
1500 2215 204 60 possible
1729 2213 128 62 relief

351 2289 119 52 they
496 2300 97 41 saw
621 2300 62 41 on
710 2286 152 55 earth,
884 2284 95 57 and
1010 2284 113 57 that
1147 2284 115 57 they
1287 2283 196 58 realized
1502 2295 55 46 as
1576 2295 63 46 an
1656 2280 195 61 individ¬

355 2354 83 41 ual
463 2355 211 48 venture,
708 2352 76 51 far
816 2350 221 53 removed
1071 2351 125 52 from
1219 2350 84 53 the
1326 2349 254 54 field-hand
1615 2348 154 55 South
1804 2346 53 57 of

357 2418 250 51 Delaware,
627 2416 253 54 Maryland
901 2417 96 53 and
1015 2416 228 55 Virginia.

455 2483 48 41 It
520 2495 98 29 was
637 2485 89 39 not
744 2483 275 51 unnatural,
1041 2483 129 51 then,
1189 2482 74 52 for
1289 2494 131 40 some
1443 2484 57 50 to
1519 2480 164 55 spring
1701 2481 54 54 at
1771 2479 81 56 the

354 2547 323 56 opportunity
713 2548 169 55 offered
917 2551 56 52 to
1009 2548 82 55 dig
1122 2548 214 55 trenches
1364 2548 95 55 and
1482 2547 150 56 'assist
1657 2546 196 57 Beaure¬

354 2614 125 54 gard
503 2614 50 54 in
579 2614 256 54 mounting
860 2626 202 42 cannon,
1092 2613 95 55 and
1214 2613 198 55 loading
1434 2613 133 55 them
1600 2612 115 56 with
1740 2612 112 56 shot

355 2680 100 41 and
472 2679 116 42 shell
603 2682 57 39 to
678 2680 83 41 fire
778 2692 130 41 upon
926 2678 123 55 Fort
1066 2678 201 55 Sumter.

456 2744 98 42 The
571 2758 146 42 negro
738 2745 79 55 did
835 2746 90 54 not
952 2747 55 53 at
1032 2744 107 56 first
1164 2744 164 56 realize
1347 2756 31 44 a
1395 2743 123 57 fight
1536 2743 54 57 of
1610 2756 95 44 any
1724 2755 129 45 mag¬

357 2810 164 42 nitude
547 2810 218 55 possible,
787 2822 55 43 or
866 2809 116 56 that
1007 2809 41 56 it
1072 2809 155 56 would
1254 2804 147 61 result
1434 2808 49 57 in
1519 2821 96 44 any
1649 2808 204 57 possible

358 2877 130 53 good
520 2878 58 52 to
613 2875 193 55 himself.
860 2873 63 57 So
958 2874 131 56 while
1129 2874 83 56 the
1252 2874 93 56 free
1385 2886 196 44 negroes
1623 2873 229 57 trembled

355 2942 199 43 because
570 2941 116 53 they
707 2952 111 42 were
834 2939 102 55 free,
956 2939 82 55 the
1064 2939 155 55 slaves
1245 2938 180 56 sought
1442 2938 156 56 refuge
1615 2939 123 55 from
1756 2952 99 42 sus-
