2200 3300
719 304 343 42 Department
1091 314 63 32 of
1181 312 96 34 the
1305 300 175 46 South.

1763 296 95 41 259

334 436 116 36 loved
472 438 78 35 and
571 438 173 35 honored
763 439 54 42 by
837 439 53 42 all
909 438 85 43 who
1013 436 80 45 had
1113 446 86 35 ever
1217 435 140 46 known
1376 433 91 48 him.
1508 432 81 49 The
1607 432 126 49 heavy
1753 431 105 50 work

335 490 176 45 imposed
532 503 106 34 upon
658 494 66 43 the
744 493 178 44 garrison
941 493 40 44 in
1001 491 144 46 repairs
1167 490 77 47 and
1264 488 274 49 construction,
1563 498 44 39 as
1628 487 79 50 well
1728 497 44 40 as
1792 487 67 50 the

338 547 128 35 strain
480 558 106 33 upon
599 549 66 42 the
679 551 144 40 system
836 548 53 43 by
903 548 184 43 constant
1100 555 184 36 exposure
1297 547 45 44 to
1356 544 67 47 the
1443 543 163 48 enemy's
1621 543 75 48 fire,
1713 542 79 49 had
1805 542 55 49 in¬

339 601 120 36 duced
481 602 158 36 General
659 603 243 43 Beauregard
921 604 46 42 to
989 602 124 44 adopt
1134 600 65 46 the
1219 600 91 46 plan
1332 599 43 47 of
1390 598 178 48 relieving
1588 598 66 48 the
1680 597 178 49 garrison

338 667 115 33 every
467 657 67 43 few
548 658 98 42 days
660 658 53 42 by
726 658 98 42 fresh
845 660 148 40 troops.
1036 656 79 44 The
1135 655 189 45 objection
1343 656 46 44 to
1409 653 79 47 this
1503 663 78 37 was
1594 653 93 47 that
1700 652 66 48 the
1779 662 81 38 new

339 722 88 25 men
447 713 80 34 had
547 715 45 33 to
613 714 47 34 be
680 713 211 35 instructed
912 712 76 36 and
1009 710 244 38 familiarized
1273 708 91 40 with
1377 709 99 39 their
1491 708 141 43 duties;
1647 708 73 43 but
1735 707 78 44 still
1826 707 34 44 it

340 778 81 24 was
442 768 87 34 wise
549 768 77 35 and
647 778 208 32 necessary,
871 768 59 42 for
949 767 67 43 the
1030 776 104 34 same
1148 767 59 43 set
1221 765 43 45 of
1280 764 143 46 officers
1438 763 78 47 and
1529 774 97 36 men,
1641 762 32 48 if
1687 762 173 48 retained

341 833 80 32 any
441 823 132 43 length
595 824 43 42 of
652 824 103 42 time,
772 822 124 44 would
916 822 99 44 have
1034 822 92 44 been
1144 820 146 46 broken
1312 820 111 46 down
1443 820 53 46 by
1509 819 66 47 the
1596 818 170 48 arduous
1788 827 73 39 ser¬

340 878 82 35 vice
441 878 171 43 required
635 878 43 43 of
692 878 116 43 them.
851 877 78 44 The
954 876 106 45 relief
1074 885 78 36 was
1181 877 85 44 sent
1291 874 54 47 by
1371 874 205 47 regiments
1604 873 77 48 and
1710 872 152 49 detach¬

341 935 138 41 ments,
496 944 43 32 so
554 933 106 43 there
672 943 79 33 was
765 943 112 33 never
891 942 51 34 an
956 931 158 45 entirely
1128 941 79 35 new
1220 930 106 46 body
1340 929 45 47 of
1398 939 86 37 men
1497 928 39 48 in
1550 929 66 47 the
1629 927 137 49 works.

424 988 22 17 "
456 988 78 34 The
547 988 177 43 garrison
739 997 78 34 was
838 986 203 45 estimated
1063 988 45 43 at
1123 996 71 35 one
1207 984 198 47 thousand
1419 995 112 36 seven
1543 983 172 48 hundred
1730 992 133 39 aggre¬

340 1045 105 41 gate.
488 1042 79 44 The
594 1042 95 44 staff
713 1042 44 44 of
780 1041 156 45 General
963 1041 208 45 Taliaferro
1200 1039 192 47 consisted
1426 1039 44 47 of
1498 1038 165 48 Captain
1696 1038 163 48 Twiggs,

340 1098 313 41 Quartermaster
680 1096 175 44 General;
884 1096 163 44 Captain
1074 1095 58 45 W.
1155 1095 43 45 T.
1221 1095 220 45 Taliaferro,
1464 1093 193 47 Adjutant
1684 1092 175 48 General;

341 1151 251 35 Lieutenants
607 1151 49 35 H.
673 1151 36 35 C.
726 1151 263 43 Cunningham
1004 1150 78 44 and
1096 1150 175 44 Magyck,
1288 1149 197 45 Ordnance
1506 1147 168 47 Officers;
1689 1147 174 47 Lieuten¬

338 1209 94 32 ants
446 1206 132 35 Meade
592 1206 77 35 and
685 1205 154 43 Stoney,
849 1205 314 43 Aides-de-Camp;
1173 1205 126 43 Major
1313 1204 221 44 Holcombe;
1551 1203 164 45 Captain
1724 1203 136 45 Burke,

340 1261 322 43 Quartermaster,
680 1260 77 44 and
772 1261 254 43 Habersham,
1043 1259 354 45 Surgeon-in-Chief;
1413 1259 159 45 Private
1586 1257 219 47 Stockman,
1823 1258 45 46 of

339 1315 218 43 McEnery's
572 1316 211 42 Louisiana
797 1315 214 43 Battalion,
1028 1315 84 43 who
1134 1315 79 43 had
1232 1315 93 43 been
1346 1313 164 45 detailed
1532 1323 44 35 as
1590 1313 99 45 clerk
1703 1313 160 45 because

339 1371 46 35 of
393 1371 58 35 his
466 1371 217 43 incapacity
697 1371 60 43 for
772 1370 111 44 other
898 1370 97 44 duty
1009 1370 98 44 from
1122 1371 105 43 most
1240 1369 212 45 honorable
1465 1368 169 46 wounds,
1652 1367 110 47 acted
1777 1367 85 47 also

338 1426 40 35 in
392 1426 178 44 capacity
592 1426 43 44 of
651 1426 75 44 aid.

421 1481 112 34 "The
553 1480 225 36 Charleston
797 1480 205 36 Battalion
1022 1490 79 26 was
1123 1479 177 43 assigned
1320 1481 45 41 to
1386 1479 93 43 that
1499 1480 93 42 part
1613 1478 44 44 of
1671 1478 66 44 the
1757 1478 106 44 work

340 1536 121 35 which
474 1536 186 35 extended
680 1536 99 35 from
799 1535 67 36 the
880 1534 104 43 Sally
1004 1537 93 41 port
1111 1545 45 33 or
1170 1534 237 44 Lighthouse
1420 1533 99 45 Inlet
1533 1533 105 45 creek
1652 1532 151 46 around
1816 1534 46 44 to

341 1591 68 35 the
421 1591 68 35 left
502 1590 100 36 until
615 1590 33 36 it
663 1590 176 42 occupied
853 1592 92 40 part
966 1590 43 42 of
1024 1590 66 42 the
1109 1589 80 43 face
1207 1592 46 40 to
1268 1589 66 43 the
1349 1588 127 44 south,
1493 1588 192 44 including
1697 1587 67 45 the
1777 1597 86 35 wes¬

341 1648 88 33 tern
442 1646 177 42 bastion;
635 1645 67 43 the
717 1644 203 44 Fifty-first
939 1644 124 44 North
1085 1644 178 44 Carolina
1282 1643 204 45 connected
1500 1642 90 46 with
1605 1642 106 46 these
1724 1644 139 44 troops

346 1711 53 24 on
412 1700 66 35 the
491 1700 68 35 left
573 1700 78 35 and
671 1699 184 36 extended
875 1701 45 34 to
941 1699 66 36 the
1027 1699 203 36 southeast
1249 1698 176 43 bastion;
1447 1698 67 43 the
1526 1699 80 42 rest
1620 1697 43 44 of
1678 1697 67 44 the
1758 1697 105 44 work

346 1765 80 25 was
440 1758 45 32 to
498 1753 48 37 be
561 1754 176 44 occupied
756 1754 54 44 by
829 1753 67 45 the
916 1753 236 45 Thirty-first
1171 1754 125 44 North
1317 1753 178 45 Carolina
1514 1752 208 46 Regiment,
1740 1751 76 47 and
1838 1762 25 36 a

345 1810 114 35 small
472 1810 100 35 force
584 1810 100 35 from
697 1809 94 36 that
803 1809 183 42 regiment
1006 1819 78 32 was
1105 1809 164 42 detailed
1291 1819 44 32 as
1357 1819 26 32 a
1402 1818 155 33 reserve,
1581 1807 77 44 and
1671 1809 78 42 two
1763 1816 101 35 cam-

347 1865 132 43 panies
508 1864 43 44 of
566 1865 67 43 the
654 1863 222 45 Charleston
896 1863 203 45 Battalion
1119 1874 93 34 were
1231 1866 44 42 to
1299 1874 142 34 occupy
1463 1862 150 46 outside
1634 1862 44 46 of
1698 1861 67 47 the
1784 1862 80 46 fort

347 1920 68 34 the
435 1919 158 35 covered
614 1930 85 31 way
720 1919 144 42 spoken
885 1919 43 42 of
944 1919 77 42 and
1036 1929 104 32 some
1160 1919 196 42 sand-hills
1369 1918 53 43 by
1435 1918 67 43 the
1515 1917 194 44 seashore;
1724 1916 67 45 the
1806 1927 59 34 ar¬

348 1975 127 41 tillery
501 1984 78 32 was
608 1974 228 42 distributed
859 1983 142 34 among
1021 1974 66 43 the
1107 1974 144 43 several
1271 1973 289 44 gun-chambers
1581 1972 78 45 and
1678 1972 67 45 the
1764 1971 100 46 light

348 2029 120 44 pieces
488 2029 138 44 posted
647 2039 50 34 on
720 2039 25 34 a
765 2031 171 42 traverse
957 2029 150 44 outside
1127 2039 44 34 so
1194 2039 45 34 as
1258 2031 45 42 to
1325 2038 116 35 sweep
1462 2030 45 43 to
1529 2037 66 36 sea
1614 2027 79 46 face
1707 2026 77 47 and
1798 2026 68 47 the

348 2084 108 42 right
471 2084 206 42 approach.
720 2084 79 42 The
812 2084 189 43 positions
1021 2086 44 41 to
1087 2084 46 43 be
1154 2083 176 44 occupied
1344 2093 92 34 were
1449 2082 79 45 well
1541 2082 138 45 known
1692 2083 45 44 to
1752 2091 113 36 every

347 2139 128 34 officer
495 2139 77 34 and
592 2149 92 24 man
704 2140 79 33 and
804 2139 79 34 had
902 2139 91 34 been
1013 2139 151 34 verified
1185 2138 218 43 repeatedly
1421 2138 54 43 by
1494 2137 79 44 day
1587 2137 78 44 and
1678 2136 124 45 night,
1818 2146 46 35 so

348 2193 111 35 there
477 2203 78 25 was
575 2203 51 25 no
649 2193 78 35 fear
749 2193 44 35 of
807 2194 207 42 confusion,
1037 2194 164 42 mistake
1221 2203 45 33 or
1287 2193 110 43 delay
1417 2193 39 43 in
1476 2192 66 44 the
1555 2191 112 45 event
1681 2191 44 45 of
1740 2202 51 34 an
1806 2201 60 35 as¬

348 2248 118 34 sault.
510 2247 77 35 The
601 2250 137 42 troops
755 2249 43 43 of
812 2259 130 33 course
956 2259 92 33 were
1062 2251 72 41 not
1148 2248 157 44 ordered
1318 2250 44 42 to
1377 2247 105 45 these
1495 2246 192 46 positions
1701 2246 104 46 when
1821 2247 45 45 at

350 2303 25 34 6
392 2302 143 35 o'clock
548 2302 34 35 it
594 2313 78 24 was
688 2303 151 35 evident
860 2314 25 24 a
904 2304 144 34 furious
1068 2303 296 35 bombardment
1378 2312 78 26 was
1470 2300 228 44 impending,
1714 2300 83 44 but,
1814 2311 52 33 on

348 2357 70 35 the
432 2359 194 41 contrary,
641 2360 45 40 to
700 2358 67 42 the
780 2358 138 42 shelter
932 2359 42 41 of
983 2359 66 41 the
1062 2356 274 44 bomb-proofs,
1346 2356 196 44 sand-hills
1557 2355 78 45 and
1649 2357 175 43 parapet;
1841 2365 26 35 a

349 2413 69 34 few
432 2413 176 34 sentinels
623 2423 45 24 or
687 2413 164 34 videttes
878 2423 92 25 were
999 2412 162 36 detailed
1189 2412 77 36 and
1293 2411 67 37 the
1386 2421 78 32 gun
1492 2410 261 43 detachments
1775 2410 91 43 only

353 2467 157 35 ordered
524 2469 45 33 to
583 2467 101 35 their
695 2468 129 43 pieces.

433 2521 109 35 "The
562 2521 222 37 Charleston
805 2522 204 36 Battalion
1029 2521 185 44 preferred
1233 2520 68 45 the
1320 2520 93 45 freer
1433 2521 58 44 air
1512 2521 43 44 of
1569 2521 67 44 the
1650 2530 98 35 open
1760 2519 107 46 work

349 2578 47 33 to
417 2577 66 34 the
504 2577 144 43 stifling
668 2578 242 43 atmosphere
938 2577 43 44 of
1002 2576 67 45 the
1095 2575 263 46 bomb-proofs
1387 2576 77 45 and
1484 2585 92 36 were
1596 2575 204 46 permitted
1820 2575 46 46 to

349 2632 142 35 shelter
510 2632 223 35 themselves
754 2633 118 34 under
891 2633 67 34 the
977 2632 166 43 parapet
1164 2629 77 46 and
1261 2632 201 43 traverses.
1505 2630 79 45 Not
1612 2640 71 35 one
1710 2629 43 46 of
1774 2629 94 46 that

350 2686 126 35 heroic
490 2686 104 35 band
613 2687 151 35 entered
783 2688 68 34 the
871 2687 165 43 opening
1057 2686 43 44 of
1116 2695 25 35 a
1160 2684 249 46 bomb-proof
1425 2685 138 45 during
1581 2685 95 45 that
1694 2684 173 46 frightful

348 2741 93 42 day.
483 2741 79 42 The
581 2742 177 41 immense
779 2742 216 43 superority
1018 2740 43 45 of
1075 2740 67 45 the
1161 2738 164 47 enemy's
1347 2740 169 45 artillery
1538 2750 77 35 was
1636 2739 79 46 well
1735 2738 133 47 under¬

348 2796 120 36 stood
484 2797 77 35 and
576 2797 242 44 appreciated
837 2797 55 44 by
911 2796 67 45 the
999 2795 243 46 Confederate
1261 2795 254 46 commander,
1532 2794 76 47 and
1630 2794 32 47 it
1676 2803 78 38 was
1767 2793 100 48 clear

346 2855 49 32 to
412 2851 75 36 him
502 2852 93 35 that
608 2852 58 35 his
679 2852 125 44 policy
825 2862 79 34 was
924 2853 46 43 to
990 2849 177 47 husband
1189 2849 58 47 his
1267 2859 191 37 resources
1479 2849 78 47 and
1577 2858 171 38 preserve
1762 2848 105 48 them

347 2918 49 24 as
411 2907 85 35 best
511 2906 46 36 he
570 2907 111 35 could
696 2907 58 35 for
768 2907 66 35 the
848 2906 161 42 assault,
1026 2904 117 44 which
1157 2904 33 44 it
1202 2914 79 34 was
1302 2904 223 44 reasonable
1538 2906 44 42 to
1597 2905 132 43 expect
1741 2902 126 46 would

345 2972 117 26 occur
484 2961 138 43 during
642 2961 65 43 the
729 2962 89 42 day.
861 2961 60 43 He
939 2959 218 45 recognized
1177 2959 67 45 the
1263 2959 79 45 fact
1361 2959 93 45 that
1472 2959 60 45 his
1552 2969 98 35 guns
1671 2968 91 36 were
1776 2957 93 47 only
