2200 3300
726 303 345 44 Department
1099 315 63 32 of
1189 315 95 32 the
1312 302 152 45 Gulf.

1777 298 96 42 203

346 431 236 58 charging
609 438 55 51 at
692 436 173 53 double
893 438 137 55 quick
1056 438 128 55 time,
1212 438 89 55 but
1326 436 83 57 the
1434 435 223 58 Phalanx
1681 436 107 57 held
1806 436 66 57 its

346 497 83 43 fire
447 500 124 41 until
588 501 85 42 the
691 515 164 43 enemy
874 517 98 41 was
991 505 122 53 close
1130 517 130 43 upon
1277 504 144 56 them,
1443 503 96 57 and
1557 503 117 57 then
1690 502 182 58 poured

347 576 32 30 a
405 565 173 55 deadly
605 568 158 55 volley
789 569 106 54 into
922 570 83 53 the
1030 571 147 52 ranks
1205 571 52 52 of
1276 570 82 53 the
1383 569 223 54 exultant
1631 569 87 54 foe,
1740 571 133 53 stop¬

346 630 117 56 ping
487 632 133 54 them
648 634 140 52 short
816 637 96 49 and
932 637 206 55 mowing
1153 637 131 55 them
1303 636 137 56 down
1458 635 90 57 like
1564 648 154 44 grass.
1772 635 100 57 The

346 697 325 45 confederates
689 702 213 53 recoiled,
925 703 96 52 and
1039 716 105 39 now
1171 703 155 55 began
1353 715 31 43 a
1409 702 122 56 fight
1557 701 114 57 such
1699 714 55 44 as
1771 714 100 44 was

347 764 181 55 always
554 765 175 56 fought
754 768 133 53 when
912 769 83 52 the
1021 768 309 53 Southerners
1357 769 188 52 became
1571 780 156 41 aware
1752 767 117 54 that

347 830 140 43 black
505 831 199 43 soldiers
722 846 117 30 were
856 834 48 42 in
922 835 132 42 front
1072 835 54 43 of
1137 835 143 53 them,
1295 835 94 53 and
1408 834 73 54 for
1500 847 63 41 an
1580 833 124 55 hour
1723 834 96 54 and
1839 846 32 42 a

348 896 104 43 half
471 897 115 55 they
613 897 175 57 fought
816 903 56 51 at
899 901 123 53 close
1049 904 231 52 quarters,
1302 900 188 56 ceasing
1508 900 113 56 only
1640 901 56 55 at
1713 899 154 57 night.

349 961 154 58 Every
513 963 174 56 charge
706 965 54 54 of
772 966 82 53 the
872 980 165 42 enemy
1053 980 98 42 was
1170 967 210 55 repulsed
1400 967 63 55 by
1480 966 83 56 the
1581 966 171 56 steady
1770 965 101 57 gal¬

349 1029 162 55 lantry
522 1029 54 55 of
589 1029 198 55 General
805 1031 222 56 Emory's
1045 1031 197 57 brigade
1261 1033 95 55 and
1374 1032 81 56 the
1473 1032 138 56 black
1630 1031 236 57 Phalanx,

347 1095 105 43 who
473 1096 146 42 saved
645 1097 84 42 the
748 1110 139 43 army
904 1098 123 55 from
1047 1099 318 54 annihilation
1384 1097 194 56 against
1597 1111 31 42 a
1645 1098 74 55 foe
1736 1111 134 42 num¬

348 1161 164 56 bering
527 1162 133 55 three
678 1165 56 52 to
756 1176 102 41 one.
896 1163 182 57 During
1093 1165 98 55 this
1210 1164 285 56 memorable
1513 1164 254 56 campaign
1785 1164 83 56 the

347 1227 222 43 Phalanx
588 1242 132 29 more
737 1229 124 42 than
889 1243 114 29 once
1029 1233 97 39 met
1151 1231 82 42 the
1250 1244 163 41 enemy
1432 1230 95 55 and
1547 1231 219 54 accepted
1784 1231 84 54 the

346 1293 99 43 face
480 1294 53 42 of
561 1294 125 42 their
720 1295 140 43 black
894 1296 101 55 flag
1029 1296 330 55 declarations.
1414 1295 98 56 The
1545 1296 321 55 confederates

344 1360 133 42 knew
502 1360 84 42 full
611 1361 100 41 well
736 1361 116 42 that
870 1374 139 42 every
1028 1375 111 41 man
1161 1362 53 54 of
1232 1363 82 53 the
1331 1361 220 55 Phalanx
1569 1362 155 54 would
1743 1362 124 55 fight

342 1428 58 40 to
418 1425 83 44 the
518 1427 121 52 last;
659 1427 117 54 they
793 1427 98 54 had
910 1428 189 53 learned
1117 1428 114 53 that
1248 1428 115 55 long
1383 1428 165 55 before.

443 1492 66 43 As
527 1493 133 53 early
679 1504 55 42 as
753 1492 137 54 June,
913 1494 142 53 1863,
1078 1493 194 54 General
1299 1493 154 54 Grant
1477 1506 98 41 was
1594 1494 270 55 compelled,

344 1558 48 42 in
428 1558 140 44 order
601 1561 57 41 to
695 1559 130 43 show
845 1572 32 30 a
911 1559 113 43 bold
1050 1560 131 42 front
1206 1562 56 41 to
1291 1559 133 44 Gens.
1453 1559 288 44 Pemberton
1768 1561 97 42 and

342 1623 250 45 Johnston
612 1627 55 41 at
684 1625 83 43 the
794 1638 131 32 same
950 1626 128 52 time,
1098 1626 131 52 while
1255 1626 239 55 besieging
1510 1625 278 57 Vicksburg,
1808 1629 57 53 to

343 1690 131 42 draw
501 1691 166 54 nearly
695 1691 64 54 all
784 1691 83 54 the
892 1694 172 52 troops
1098 1692 121 54 from
1254 1691 245 55 Milliken's
1534 1691 131 55 Bend
1700 1694 57 52 £o
1790 1692 76 54 his

342 1760 220 51 support,
608 1757 192 55 leaving
832 1757 134 55 three
1006 1757 214 55 infantry
1253 1758 254 55 regiments
1536 1758 53 55 of
1616 1758 84 55 the
1725 1758 141 55 black

342 1821 223 43 Phalanx
584 1823 97 42 and
701 1836 31 29 a
750 1823 139 42 small
906 1823 122 42 force
1048 1823 53 42 of
1111 1823 141 43 white
1269 1824 197 55 cavalry
1476 1826 56 53 to
1551 1824 115 55 hold
1683 1825 113 54 this,
1807 1827 57 52 to

339 1888 99 44 him
458 1902 64 30 an
542 1889 64 43 all
624 1889 271 55 important
914 1892 126 52 post.
1087 1888 245 56 Milliken's
1352 1890 130 54 Bend
1501 1903 98 41 was
1616 1890 100 54 well
1733 1891 133 53 forti¬

339 1954 104 53 fied,
466 1955 97 52 and
581 1955 116 52 with
716 1968 32 39 a
765 1967 173 43 proper
954 1955 221 55 garrison
1193 1968 99 42 was
1310 1956 49 54 in
1378 1957 246 53 condition
1640 1959 57 51 to
1717 1957 148 53 stand

340 2034 31 30 a
397 2022 137 55 siege.
588 2020 462 57 Brigadier-General
1078 2021 171 56 Dennis
1276 2036 99 41 was
1401 2023 48 54 in
1476 2024 269 53 command,
1767 2024 97 53 and

337 2088 84 42 the
437 2091 174 52 troops
638 2087 238 56 consisted
905 2088 52 55 of
977 2088 82 55 the
1087 2089 87 54 9th
1195 2089 96 54 and
1312 2089 121 54 11th
1451 2089 265 54 Louisiana
1732 2089 133 56 Regi¬

338 2157 168 50 ments,
519 2155 83 52 the
621 2154 80 53 1st
719 2153 279 56 Mississippi
1019 2155 95 54 and
1135 2168 32 41 a
1185 2156 139 53 small
1343 2156 305 53 detachment
1658 2156 51 53 of
1722 2156 142 53 white

337 2221 211 54 cavalry,
584 2220 50 55 in
670 2220 64 55 all
769 2221 155 54 about
953 2220 144 55 1,400
1125 2235 119 40 men,
1275 2235 98 40 raw
1399 2222 211 53 recruits.
1666 2221 199 54 General

338 2285 171 44 Dennis
551 2287 200 56 looking
784 2300 131 43 upon
949 2288 81 55 the
1066 2288 132 55 place
1233 2301 132 42 more
1401 2301 54 42 as
1492 2300 31 43 a
1566 2287 189 56 station
1789 2287 76 56 for

339 2353 280 56 organizing
637 2353 94 56 and
752 2354 189 55 drilling
966 2354 83 55 the
1076 2353 235 56 Phalanx,
1332 2353 97 56 had
1448 2354 142 55 made
1607 2364 63 45 no
1690 2353 175 56 partic,-

337 2420 107 42 ular
462 2423 361 53 arrangements
841 2420 49 56 in
910 2420 320 56 anticipation
1258 2419 56 57 of
1334 2432 64 44 an
1426 2420 183 56 attack.
1664 2419 74 57 He
1761 2432 103 44 was

337 2487 251 55 surprised,
625 2488 244 54 therefore,
907 2487 131 55 when
1075 2499 31 43 a
1140 2486 125 56 force
1300 2485 54 57 of
1383 2485 146 57 3,000
1564 2498 121 44 men,
1713 2485 151 57 under

338 2551 196 45 General
551 2553 164 55 Henry
724 2552 284 56 McCulloch,
1058 2552 124 56 from
1198 2550 84 58 the
1299 2550 197 58 interior
1515 2550 54 58 of
1581 2549 278 59 Louisiana,

337 2621 229 42 attacked
586 2620 96 43 and
702 2620 147 43 drove
866 2618 73 45 his
967 2618 180 54 pickets
1176 2616 96 56 and
1298 2618 97 54 two
1415 2615 271 57 companies
1706 2616 53 56 of
1778 2615 84 57 the

336 2686 97 44 23d
459 2686 134 44 Iowa
619 2686 218 54 Cavalry,
864 2683 179 57 (white)
1075 2694 65 46 up
1166 2684 55 56 to
1248 2681 83 59 the
1356 2681 321 59 breastworks
1705 2680 54 60 of
1777 2680 85 60 the

334 2752 146 44 Bend.
535 2753 98 43 The
659 2752 273 44 movement
965 2760 99 36 was
1100 2746 258 52 successful,
1386 2746 228 53 however,
1646 2747 96 52 and
1776 2746 85 53 the

333 2819 337 50 confederates,
683 2816 199 53 holding
899 2814 82 55 the
999 2812 202 57 ground,
1213 2812 154 57 rested
1385 2812 75 57 for
1476 2812 84 57 the
1577 2812 154 57 night,
1743 2811 117 58 with

332 2886 85 42 the
434 2883 307 57 expectation
762 2881 53 59 of
835 2878 248 62 marching
1108 2877 105 63 into
1240 2877 82 63 the
1346 2877 338 63 fortifications
1711 2878 48 62 in
1777 2878 84 62 the

331 2951 241 53 morning,
593 2951 57 53 to
668 2946 141 58 begin
829 2957 33 47 a
877 2954 252 50 massacre,
1140 2941 206 63 wThether
1365 2955 31 49 a
1413 2943 255 61 resistance
1687 2943 174 61 should
