2219 3312
759 323 106 45 The
892 325 239 46 Phalanx
1155 340 49 32 in
1230 329 237 47 Virginia.

1769 336 97 43 377

908 968 289 48 CHAPTER
1223 973 87 45 XI.

757 1088 105 38 THE
885 1090 244 38 PHALANX
1151 1092 52 37 IN
1224 1094 235 39 VIRGINIA.

426 1198 98 44 The
541 1198 173 45 laurels
731 1214 107 30 won
857 1202 65 54 by
930 1203 83 53 the
1023 1204 221 52 Phalanx
1261 1206 46 50 in
1327 1208 83 48 the
1428 1207 237 49 Southern
1676 1207 177 55 States,

351 1265 438 57 notwithstanding
814 1267 82 55 the
926 1270 101 52 "no
1056 1272 235 53 quarter"
1319 1273 169 55 policy,
1516 1287 99 41 was
1642 1276 145 54 proof
1809 1276 53 54 of

350 1330 65 43 its
443 1331 229 43 devotion
706 1335 56 40 to
797 1334 84 41 the
915 1347 140 30 cause
1090 1336 53 41 of
1171 1337 173 55 liberty
1379 1340 95 52 and
1509 1339 83 53 the
1627 1341 79 51 old
1741 1342 111 55 flag,

350 1396 147 43 which
521 1397 164 53 latter,
706 1400 124 50 until
856 1400 164 50 within
1040 1414 31 36 a
1088 1402 139 48 short
1253 1405 159 53 period
1443 1405 97 53 had
1567 1407 114 51 been
1708 1407 89 51 but
1824 1421 33 37 a

350 1463 188 54 symbol
557 1464 53 53 of
624 1465 278 55 oppression
920 1468 55 52 to
987 1466 81 54 the
1086 1468 138 52 black
1243 1482 136 41 man;
1410 1470 213 53 Cailloux
1640 1473 97 50 had
1756 1475 99 48 red¬

349 1528 146 44 dened
522 1530 41 42 it
588 1530 115 43 with
729 1531 74 42 his
829 1531 114 43 life's
970 1533 161 54 blood,
1162 1536 94 51 and
1285 1535 194 57 Carney,
1508 1538 48 54 in
1584 1552 31 40 a
1641 1540 214 57 seething

348 1595 82 42 fire
463 1596 97 42 had
597 1596 196 55 planted
827 1598 41 53 it
903 1611 64 40 on
1002 1600 82 51 the
1118 1605 246 51 ramparts
1401 1604 53 52 of
1483 1603 218 57 Wagner.
1755 1606 98 54 The

349 1663 262 43 audacious
654 1664 206 56 bravery
903 1666 53 54 of
991 1666 84 54 the
1117 1664 222 56 Phalanx
1382 1670 98 50 had
1523 1684 165 43 wrung
1729 1673 122 54 from

343 1727 221 45 Generals
606 1729 165 44 Banks
816 1731 97 42 and
959 1729 222 44 Gillmore
1225 1736 405 55 congratulatory
1673 1739 178 54 orders,

341 1795 132 42 while
497 1796 83 42 the
597 1796 132 55 loyal
747 1796 164 55 people
931 1796 53 55 of
1004 1797 82 54 the
1106 1798 173 53 nation
1299 1802 178 52 poured
1499 1805 88 49 out
1604 1804 247 50 unstinted

342 1861 192 54 praises.
589 1861 98 54 Not
714 1875 31 40 a
763 1863 172 52 breach
956 1862 56 53 of
1032 1864 240 55 discipline
1290 1868 187 51 marred
1495 1869 83 50 the
1595 1882 147 43 negro
1762 1872 90 53 sol¬

341 1926 138 43 dier's
490 1929 193 53 record;
703 1931 90 51 not
812 1942 90 40 one
920 1930 242 55 cowardly
1190 1935 80 50 act
1296 1934 247 51 tarnished
1561 1936 124 49 their
1710 1936 137 50 fame.

343 1991 153 45 Grant
514 1996 304 52 pronounced
838 1996 131 52 them
989 1996 190 57 gallant
1199 1999 94 54 and
1321 2000 203 54 reliable,
1546 2002 96 52 and
1659 2001 191 53 Weitzel

340 2071 97 30 was
455 2060 174 63 willing
645 2063 56 60 to
721 2063 256 60 command
996 2063 146 60 them.

438 2125 56 42 In
521 2126 106 42 New
652 2126 132 44 York
811 2127 119 56 City,
954 2129 150 54 where
1130 2142 198 42 negroes
1361 2130 100 54 had
1494 2132 115 52 been
1635 2133 131 56 hung
1791 2137 56 52 to

339 2189 130 57 lamp
487 2195 152 51 posts,
662 2194 96 52 and
776 2194 150 52 where
947 2207 31 39 a
997 2195 189 51 colored
1207 2196 186 54 orphan
1414 2198 186 53 asylum
1617 2199 98 52 had
1734 2201 113 50 been

340 2257 170 43 sacked
538 2259 96 42 and
670 2259 194 53 burned,
894 2261 182 51 crowds
1104 2261 231 54 gathered
1369 2262 49 53 in
1453 2263 271 57 Broadway
1751 2267 97 53 and

340 2322 186 45 cheered
562 2324 222 44 Phalanx
818 2327 258 55 regiments
1114 2340 63 42 on
1211 2327 124 55 their
1369 2340 107 42 way
1509 2331 56 51 to
1591 2330 84 52 the
1699 2330 146 52 front.

341 2387 195 46 General
561 2388 187 59 Logan,
770 2393 183 54 author
973 2393 52 54 of
1044 2394 84 53 the
1146 2393 181 54 Illinois
1345 2391 148 56 Black
1511 2392 135 56 Code,
1659 2398 188 52 greeted

337 2455 131 43 them
495 2469 55 30 as
577 2459 262 54 comrades,
871 2460 96 53 and
995 2458 229 55 Jefferson
1253 2458 148 55 Davis
1427 2459 165 55 finally
1619 2462 228 52 accorded

337 2523 55 40 to
411 2522 130 44 them
568 2524 83 42 the
677 2525 157 55 rights
855 2525 89 55 due
962 2524 229 56 captured
1219 2525 197 55 soldiers
1445 2538 54 42 as
1526 2526 238 54 prisoners
1791 2528 54 52 of

337 2600 111 32 war.
503 2589 232 57 Congress
755 2593 56 53 at
828 2589 101 57 last
946 2590 124 56 took
1095 2602 65 44 up
1186 2590 83 56 the
1295 2591 220 55 question
1543 2592 53 54 of
1615 2604 112 43 pay,
1749 2593 96 54 and

337 2654 163 55 placed
518 2657 84 52 the
628 2656 140 53 black
796 2668 64 41 on
887 2668 64 41 an
978 2654 140 55 equal
1143 2655 190 55 footing
1358 2657 114 53 with
1497 2657 84 53 the
1598 2658 140 52 white
1755 2659 91 51 sol¬

337 2721 135 45 diers.
527 2723 142 43 Their
685 2722 155 51 valor,
860 2720 199 53 excelled
1077 2720 66 53 by
1160 2733 64 40 no
1250 2722 172 54 troops
1440 2723 48 53 in
1505 2723 84 53 the
1606 2724 120 52 field,
1745 2724 99 52 had

336 2787 165 58 finally
510 2802 107 43 won
634 2788 85 57 full
736 2785 299 60 recognition
1052 2784 121 61 from
1193 2798 139 47 every
1350 2791 209 54 quarter,
1572 2790 96 55 and
1687 2790 158 55 hence¬

336 2853 132 44 forth
485 2855 116 54 they
618 2866 118 43 were
751 2854 58 55 to
829 2851 140 58 share
993 2850 83 59 the
1100 2849 82 60 fall
1209 2850 137 59 glory
1367 2865 53 44 as
1438 2854 97 55 well
1556 2867 53 42 as
1627 2855 83 54 the
1726 2855 116 54 toils

338 2920 55 43 of
410 2921 127 43 their
569 2918 143 46 white
745 2914 477 50 comrades-in-arms.
1283 2915 98 49 Not
1414 2919 123 45 until
1569 2920 141 44 those
1738 2921 105 55 just
