2210 3307
754 292 106 43 The
888 294 240 44 Phalanx
1153 308 48 31 in
1228 297 237 46 Virginia.

1765 303 97 43 455

346 419 129 44 until
491 420 85 44 the
603 422 89 43 5th
718 423 116 56 they
860 427 215 52 resumed
1101 427 83 52 the
1210 430 177 53 march,
1408 432 207 56 fighting
1642 434 97 54 and
1757 448 106 40 run¬

347 485 132 57 ning,
491 487 139 55 until,
644 490 56 52 at
709 488 342 57 Appomattox
1068 491 116 57 they
1201 507 124 42 gave
1342 509 65 42 up
1427 498 97 53 and
1542 500 318 51 surrendered.

347 550 161 59 Major
524 553 293 56 Alexandria
835 554 44 55 S.
900 555 224 54 Johnson
1144 559 53 50 of
1217 560 82 49 the
1319 560 154 49 116th
1492 563 222 46 Phalanx
1731 565 132 57 Regi¬

348 620 134 42 ment
507 620 117 42 thus
650 620 174 44 relates
858 622 83 42 the
976 626 140 54 story
1142 624 50 56 in
1218 628 114 52 part
1359 626 148 54 which
1532 629 83 51 the
1641 630 221 50 Phalanx

348 685 201 57 brigade
582 686 125 56 took
741 684 49 58 in
824 687 85 55 the
942 690 291 52 memorable
1267 696 272 46 movement
1575 695 54 47 of
1656 697 82 45 the
1763 699 97 43 two

347 752 176 43 armies
548 755 57 40 to
624 752 355 57 Appomatto^.
1033 755 74 54 He
1125 770 136 42 says:

431 864 84 35 "As
530 875 26 24 a
569 864 241 45 participant
831 866 40 43 in
892 866 107 43 these
1012 870 133 39 events
1159 868 20 41 I
1193 868 72 41 will
1286 870 118 42 speak
1425 871 139 42 merely
1579 872 43 41 of
1637 873 106 40 what
1755 884 106 29 came

349 919 120 35 under
490 930 66 32 my
571 930 85 32 own
668 920 268 42 observation.
979 922 79 40 The
1073 922 79 40 One
1166 923 184 40 Hundred
1365 924 78 39 and
1458 925 197 38 Sixteenth
1673 928 184 45 (colored)

348 974 191 44 Infantry,
569 976 39 42 in
637 976 119 42 which
784 976 19 42 I
824 978 252 40 commanded
1098 988 26 30 a
1144 989 203 33 company,
1371 980 186 43 belonged
1583 984 45 39 to
1649 983 67 40 the
1742 983 118 40 Third

349 1030 177 45 Brigade,
550 1030 147 45 Second
717 1031 174 44 Division
913 1033 43 42 of
971 1033 67 42 the
1059 1033 257 43 Twenty-fifth
1337 1035 119 43 Army
1471 1036 128 43 Corps,
1623 1038 78 41 and
1723 1038 138 45 during

349 1086 67 35 the
429 1086 134 35 winter
584 1086 44 35 of
645 1086 178 39 1864-65
844 1088 87 37 held
951 1088 67 37 the
1038 1089 92 36 lines
1145 1100 51 25 on
1211 1089 178 44 Chapin's
1410 1091 109 43 farm,
1542 1092 67 42 the
1628 1093 67 41 left
1714 1095 147 43 resting

349 1151 53 24 on
430 1140 100 36 Fort
557 1141 210 36 Burnham.
812 1142 79 35 The
913 1143 164 35 division
1097 1154 80 24 was
1203 1145 252 35 commanded
1483 1147 52 43 by
1563 1147 296 43 Major-General

350 1196 149 43 Birney.
543 1197 79 42 The
636 1197 134 42 winter
786 1208 76 31 was
876 1199 137 42 passed
1036 1199 40 42 in
1090 1199 260 44 endeavoring
1369 1203 45 40 to
1428 1204 68 40 get
1515 1202 66 42 the
1601 1205 139 42 troops
1759 1205 40 42 in
1814 1216 44 31 as

349 1252 93 43 high
463 1262 26 33 a
510 1254 106 41 state
644 1252 43 43 of
711 1253 192 44 discipline
924 1264 45 33 as
989 1253 167 44 possible
1182 1255 53 42 by
1255 1258 187 39 constant
1469 1257 85 40 drill
1582 1259 78 38 and
1680 1260 179 37 watchful

349 1307 184 44 training.
576 1308 119 43 When
716 1309 66 42 the
803 1309 134 43 spring
957 1310 145 42 opened
1128 1320 54 32 we
1208 1310 80 42 had
1315 1311 66 41 the
1402 1312 244 40 satisfaction
1667 1314 44 38 of
1725 1315 133 44 feeling

349 1362 94 35 that
454 1363 94 42 they
555 1373 93 32 were
662 1363 66 42 the
742 1364 124 42 equal,
883 1374 45 32 as
942 1364 170 43 soldiers,
1130 1365 44 42 of
1183 1368 105 39 most
1303 1366 43 41 of
1355 1367 66 40 the
1435 1368 112 39 white
1560 1371 149 41 troops.
1752 1369 105 43 They

350 1427 92 25 were
456 1428 26 24 a
495 1418 207 42 contented
716 1419 117 42 body,
849 1419 114 43 being
971 1420 77 42 well
1062 1419 58 43 fed
1136 1420 78 42 and
1228 1421 163 43 clothed,
1402 1422 78 42 and
1493 1423 92 42 they
1599 1425 98 40 took
1712 1425 145 43 delight

350 1472 39 35 in
410 1472 99 36 their
522 1473 159 35 various
698 1474 134 35 duties.
877 1474 79 35 The
969 1485 99 24 news
1083 1474 43 36 of
1143 1476 66 34 the
1222 1478 159 40 capture
1396 1476 42 42 of
1456 1477 208 41 Savannah
1685 1480 52 46 by
1752 1480 105 46 Sher¬

349 1538 92 25 man
456 1528 78 35 and
554 1529 67 34 the
636 1529 125 34 defeat
776 1529 44 34 of
836 1529 118 34 Hood
968 1531 47 33 at
1028 1529 193 36 Nashville
1234 1530 79 35 had
1328 1541 25 24 a
1366 1532 173 43 cheering
1552 1533 105 42 effect
1671 1545 104 32 upon
1789 1536 67 41 the

348 1584 120 35 whole
487 1584 218 42 command,
729 1584 78 42 and
829 1594 52 32 we
900 1585 140 41 looked
1060 1585 166 41 forward
1240 1586 92 40 with
1352 1586 213 40 confidence
1584 1589 93 37 that
1697 1590 66 36 the
1782 1591 73 35 end

349 1649 78 25 was
443 1639 172 43 drawing
628 1649 104 33 near.

430 1693 22 18 "
462 1693 59 36 On
534 1694 67 35 the
608 1693 114 44 night
736 1693 44 44 of
788 1694 68 43 the
869 1694 98 43 26th
983 1694 43 43 of
1036 1695 130 42 March
1182 1706 71 31 our
1267 1695 162 42 division
1445 1697 151 43 silently
1604 1698 66 42 left
1683 1699 66 41 the
1762 1699 92 41 lines

346 1759 54 25 on
413 1747 180 46 Chapin's
614 1749 110 44 farm,
742 1749 79 44 and
842 1750 199 43 marching
1054 1753 46 40 to
1115 1751 66 42 the
1193 1761 87 32 rear
1293 1762 105 31 some
1415 1751 102 42 three
1531 1754 104 39 miles
1649 1757 99 36 went
1768 1754 85 39 into

347 1805 177 36 bivouac.
569 1804 57 37 On
647 1805 67 36 the
734 1804 114 44 night
870 1805 42 43 of
936 1806 65 42 the
1022 1805 98 43 27th
1141 1816 54 32 we
1214 1807 150 41 crossed
1393 1808 65 40 the
1478 1807 131 41 James
1630 1819 51 29 on
1701 1811 152 37 muffled

347 1862 209 43 pontoons,
581 1860 79 45 and
682 1860 99 45 after
796 1871 26 34 a
835 1870 126 35 weary
975 1861 130 44 march
1127 1861 151 44 arrived
1299 1864 46 41 at
1366 1861 203 44 Hatcher's
1589 1863 85 42 Run
1695 1867 46 38 at
1762 1865 92 43 day¬

347 1917 119 35 break
487 1916 45 36 of
546 1911 68 41 the
628 1916 109 36 28th.
782 1915 180 44 Crossing
981 1916 66 43 the
1062 1916 164 43 original
1245 1917 92 42 lines
1352 1917 44 42 of
1410 1917 257 42 breastworks
1682 1930 52 29 we
1754 1920 99 39 built

347 1983 78 24 new
445 1972 259 35 breastworks
719 1982 107 25 some
846 1974 79 33 two
947 1971 170 36 hundred
1137 1972 119 42 yards
1277 1972 38 42 in
1331 1972 171 42 advance
1516 1974 79 40 and
1614 1974 239 40 bivouacked

346 2027 40 35 in
399 2028 66 35 the
478 2029 87 43 pine
571 2028 133 44 woods
719 2027 188 45 awaiting
920 2029 142 43 events.
1106 2026 184 46 Sheridan
1304 2029 46 43 at
1363 2028 79 44 this
1456 2028 92 44 time
1555 2039 79 33 was
1649 2031 204 43 operating

345 2093 53 25 on
412 2084 66 36 the
491 2083 247 37 Confederate
751 2083 108 43 right
873 2082 117 44 flank.
1033 2082 79 44 The
1125 2092 99 34 news
1239 2082 43 44 of
1291 2082 58 44 his
1365 2082 157 44 decisive
1536 2083 151 43 victory
1701 2087 46 39 at
1761 2084 91 42 Five

347 2138 123 36 Forks
486 2139 78 35 and
580 2139 42 35 of
631 2139 67 35 the
712 2138 186 43 complete
911 2138 161 43 turning
1086 2137 42 44 of
1137 2138 67 43 the
1218 2138 164 43 enemy's
1396 2138 106 43 flank
1515 2149 79 32 was
1607 2139 67 42 the
1686 2140 166 41 immedi¬

346 2196 66 33 ate
437 2205 114 24 cause
572 2193 44 36 of
638 2204 26 25 a
683 2193 133 36 verbal
845 2194 122 41 order,
991 2193 112 43 given
1130 2195 45 41 to
1203 2202 193 34 company
1415 2194 264 42 commanders
1706 2195 53 41 by
1780 2205 72 31 our

342 2249 150 35 colonel
512 2260 52 24 on
583 2249 68 35 the
671 2249 206 35 afternoon
899 2248 44 36 of
964 2249 106 42 April
1092 2247 75 44 1st,
1190 2250 45 41 to
1258 2248 171 43 advance
1450 2258 51 33 on
1522 2249 66 42 the
1607 2249 92 42 lines
1719 2250 39 41 in
1780 2260 72 31 our

346 2304 106 35 front
473 2307 46 32 at
546 2305 111 34 dawn
680 2314 51 25 on
751 2304 67 35 the
838 2303 193 43 following
1052 2304 88 42 day.
1185 2303 105 43 That
1310 2303 112 43 night
1442 2303 67 43 the
1535 2303 124 43 Union
1680 2305 172 42 artillery

345 2360 147 43 opened
512 2360 120 43 along
651 2359 67 44 the
731 2359 120 44 whole
871 2358 84 45 line.
998 2358 159 45 Hissing
1178 2358 78 45 and
1276 2358 180 45 bursting
1476 2358 112 45 shells
1608 2358 97 45 from
1726 2359 126 44 Appo¬

346 2417 158 33 mattox
518 2415 100 35 river
631 2416 45 34 to
699 2413 204 37 Hatcher's
917 2413 86 37 Run
1017 2412 98 38 filled
1129 2413 40 37 in
1184 2423 26 27 a
1223 2423 107 27 scene
1342 2423 112 27 never
1467 2415 46 35 to
1527 2413 47 37 be
1588 2413 197 43 forgotten
1799 2415 53 41 by

346 2470 112 35 those
471 2470 86 35 who
571 2469 200 36 witnessed
791 2469 44 36 it.
879 2468 40 37 It
938 2478 79 27 was
1039 2478 43 27 as
1103 2467 31 38 if
1152 2468 156 37 demons
1330 2468 198 37 incarnate
1542 2477 92 28 were
1654 2468 157 42 holding
1827 2479 26 31 a

339 2525 149 43 jubilee.
531 2525 53 43 As
598 2525 60 43 far
672 2534 46 34 as
732 2524 67 44 the
812 2533 67 35 eye
891 2522 113 46 could
1024 2522 112 46 reach
1157 2520 105 48 there
1277 2532 79 36 was
1371 2531 72 37 one
1462 2522 106 46 blaze
1582 2522 43 46 of
1640 2523 92 45 fiery
1747 2523 101 45 shot.

345 2580 79 35 The
437 2580 120 35 world
577 2579 73 36 has
665 2578 145 37 seldom
825 2587 86 28 seen
930 2577 53 38 its
1003 2576 84 39 like.
1129 2576 134 39 "Where
1277 2586 72 29 our
1368 2577 160 42 brigade
1541 2587 78 32 was
1633 2579 45 40 to
1694 2579 157 40 operate

343 2645 80 25 was
445 2646 26 24 a
492 2635 113 35 dense
624 2634 213 36 wilderness
859 2630 44 40 of
925 2631 105 42 pines
1051 2630 92 43 with
1171 2631 150 42 matted
1339 2632 258 42 -underbrush,
1620 2632 73 42 but
1719 2632 40 42 in
1784 2633 67 41 the

344 2690 181 43 morning
537 2690 34 43 it
585 2688 139 45 looked
739 2697 46 36 as
798 2685 152 48 though
966 2695 26 38 a
1006 2684 143 49 sirocco
1164 2684 79 49 had
1257 2685 124 48 kissed
1395 2685 43 48 it.

426 2745 22 19 "
458 2745 106 35 With
584 2744 67 36 the
672 2743 113 37 dawn
806 2740 46 40 of
866 2740 79 41 day
964 2739 67 42 the
1051 2738 159 43 brigade
1230 2749 78 32 was
1328 2739 39 42 in
1387 2740 74 41 line
1482 2740 43 41 of
1546 2740 137 41 battle.
1724 2740 80 41 Not
1825 2751 26 30 a

343 2799 140 37 breath
499 2800 42 36 of
553 2799 57 37 air
625 2808 79 28 was
719 2795 170 42 stirring.
932 2793 32 44 A
978 2793 118 44 misty
1111 2802 124 35 vapor
1251 2793 90 44 shed
1355 2793 52 44 its
1421 2794 131 43 gloom
1567 2795 78 42 and
1659 2795 105 42 hung
1777 2795 73 42 like

345 2866 26 25 a
383 2855 81 46 pall
478 2863 147 38 among
638 2853 67 48 the
719 2852 197 49 tree-tops.
959 2847 79 54 The
1052 2847 72 54 silk
1137 2856 132 45 covers
1289 2857 92 44 were
1394 2848 118 53 taken
1533 2849 96 52 from
1646 2859 72 42 our
1737 2850 109 51 flags,

342 2909 75 37 but
431 2910 100 36 their
544 2908 100 38 folds
658 2906 108 43 hung
778 2903 114 46 lazily
900 2901 198 48 alongthe
1105 2901 95 48 staff
1210 2901 104 48 when
1322 2901 66 48 the
1395 2903 214 46 command,
1628 2903 219 46 'Forward!

341 2964 116 46 guide
477 2962 146 48 centre!
652 2957 164 53 march!'
845 2967 79 43 was
945 2956 123 54 given.
1111 2955 53 55 At
1184 2955 85 55 first
1290 2955 150 55 slashed
1467 2956 138 54 timber
1626 2958 78 52 and
1730 2958 118 52 brush
