2218 3312
740 306 105 44 The
872 308 363 47 Confederate
1262 314 218 47 Service.

1763 323 98 43 489

350 404 85 46 rie?,
452 408 75 42 will
547 411 195 39 endeavor
763 418 45 34 to
824 428 146 25 answer
988 418 106 36 them
1115 421 53 42 by
1183 431 26 32 a
1222 425 212 38 statement
1454 427 45 36 of
1513 438 66 32 my
1592 428 112 42 views
1725 440 52 30 on
1796 432 67 38 the

348 462 161 43 subject.

433 517 51 37 "I
499 520 100 36 shall
613 522 48 37 be
674 529 107 32 most
795 527 132 44 happy
940 529 33 42 if
988 529 20 42 I
1020 540 71 31 can
1107 532 219 39 contribute
1339 536 45 35 to
1399 535 67 36 the
1479 537 170 35 solution
1665 539 44 34 of
1718 550 26 24 a
1758 551 104 32 ques¬

349 572 87 35 tion
457 573 41 36 in
518 576 121 36 which
660 579 20 34 I
707 580 66 35 feel
795 592 51 25 an
867 583 160 36 interest
1053 590 307 32 commensurate
1379 589 92 34 with
1492 601 65 33 my
1579 592 118 42 desire
1717 594 59 40 for
1795 596 67 38 the

349 628 149 36 welfare
513 632 80 34 and
608 633 207 44 happiness
829 637 44 40 of
889 648 73 29 our
974 640 143 42 people.

431 683 277 49 "Considering
720 691 67 41 the
800 692 167 40 relation
982 693 44 39 of
1042 697 145 35 master
1201 696 79 36 and
1301 697 105 35 slave
1419 700 212 35 controlled
1651 702 53 41 by
1716 703 145 40 human

347 739 105 44 laws,
463 739 79 44 and
556 742 209 41 influenced
778 746 54 43 by
840 746 253 45 Christianity
1101 750 79 41 and
1194 761 52 30 an
1253 752 238 42 enlightened
1505 754 125 42 public
1644 758 215 43 sentiment,

350 806 45 24 as
408 796 68 35 the
489 797 88 35 best
590 798 95 35 that
698 810 73 24 can
786 801 101 34 exist
900 801 167 36 between
1080 804 67 34 the
1160 805 113 35 white
1288 807 78 33 and
1379 807 113 35 black
1506 819 114 33 races,
1631 811 105 41 while
1749 812 113 40 inter¬

349 851 166 44 mingled
537 863 45 32 as
597 855 47 40 at
670 858 156 40 present
845 856 40 42 in
905 857 81 41 this
1006 861 178 41 country,
1207 860 20 42 I
1247 862 125 40 would
1400 863 198 43 deprecate
1618 875 78 32 any
1716 867 145 40 sudden

346 907 249 38 disturbance
628 911 45 34 of
702 912 94 35 that
829 913 178 44 relation,
1043 916 127 41 unless
1210 917 33 40 it
1277 918 46 39 be
1356 929 199 34 necessary
1593 923 46 40 to
1681 925 113 38 avert
1834 934 26 29 a

346 966 154 40 greater
526 965 187 43 calamity
739 969 46 39 to
814 968 111 40 both.
968 969 19 39 I
1009 970 149 42 should,
1181 972 198 45 therefore,
1401 974 120 43 prefer
1541 977 45 40 to
1607 976 79 42 rely
1715 987 51 31 on
1788 987 72 31 our

343 1018 114 34 white
477 1020 235 42 population
732 1023 46 39 to
799 1032 174 33 preserve
994 1024 66 41 the
1073 1025 105 40 ratio
1200 1025 166 40 between
1380 1038 72 27 our
1472 1029 118 36 forces
1606 1031 78 34 and
1703 1031 93 37 that
1816 1033 45 35 of

342 1073 67 34 the
423 1083 145 34 enemy,
585 1075 119 42 which
726 1077 214 42 experience
960 1078 73 41 has
1055 1080 131 39 shown
1207 1083 44 36 to
1273 1082 47 37 be
1340 1083 89 36 safe.
1472 1083 79 36 But
1571 1084 39 35 in
1624 1085 93 34 view
1730 1086 44 33 of
1788 1087 67 34 the

341 1129 275 43 preparations
631 1131 44 41 of
691 1141 72 31 our
777 1133 160 39 enemies
952 1133 34 39 it
1006 1133 32 39 is
1054 1145 72 27 our
1140 1135 98 43 duty
1252 1138 44 40 to
1312 1147 158 34 prepare
1484 1138 60 43 for
1557 1140 205 41 continued
1775 1151 79 30 war

341 1184 81 34 and
437 1187 72 32 not
523 1185 60 34 for
599 1196 25 24 a
636 1186 129 35 battle
781 1197 44 24 or
841 1198 24 24 a
880 1190 215 44 campaign,
1113 1191 78 43 and
1212 1191 19 43 I
1247 1202 84 32 own
1345 1192 19 42 I
1378 1193 79 41 fear
1470 1204 53 30 we
1536 1204 72 30 can
1622 1197 73 37 not
1709 1206 145 28 accom¬

342 1239 100 43 plish
456 1240 79 42 this
550 1241 168 41 without
732 1244 233 43 overtaxing
978 1245 66 42 the
1057 1246 180 42 capacity
1252 1247 44 41 of
1312 1257 71 31 our
1397 1248 112 40 white
1522 1250 242 42 population.

424 1295 172 36 "Should
616 1296 67 35 the
697 1308 80 23 war
797 1299 180 34 continue
997 1300 120 35 under
1137 1300 167 45 existing
1323 1302 290 43 circumstances
1636 1305 65 40 the
1720 1315 132 33 enemy

342 1360 92 32 may
449 1350 39 42 in
502 1361 133 31 course
650 1352 43 40 of
710 1352 92 40 time
823 1356 199 41 penetrate
1038 1365 70 32 our
1122 1359 176 40 country,
1317 1358 77 41 and
1415 1361 67 39 get
1502 1368 123 32 access
1639 1362 44 38 to
1701 1370 25 30 a
1746 1361 105 43 large

343 1408 93 40 part
457 1406 44 42 of
518 1416 72 32 our
610 1407 107 41 slave
737 1409 243 42 population.
1024 1407 40 44 It
1083 1411 33 40 is
1137 1411 58 40 his
1217 1412 158 39 avowed
1394 1413 126 43 policy
1540 1415 45 41 to
1606 1418 159 38 convert
1785 1416 67 40 the

342 1461 240 34 able-bodied
610 1472 85 24 men
717 1473 146 33 among
883 1464 105 42 them
1009 1464 85 42 into
1117 1465 168 44 soldiers,
1309 1467 78 42 and
1408 1469 238 43 emancipate
1667 1470 62 42 all.
1772 1471 79 41 The

342 1525 146 26 success
503 1516 45 35 of
562 1517 67 34 the
643 1517 139 35 federal
797 1529 104 24 arms
915 1519 39 34 in
968 1520 67 34 the
1049 1521 118 33 south
1181 1531 79 24 was
1274 1521 172 35 followed
1460 1523 51 42 by
1527 1534 26 31 a
1566 1525 283 42 proclamation

342 1571 98 34 from
456 1570 199 38 President
676 1572 159 36 Lincoln
849 1574 60 34 for
922 1577 78 32 two
1022 1575 172 36 hundred
1216 1576 77 35 and
1314 1577 131 44 eighty
1459 1578 198 43 thousand
1672 1590 96 33 men,
1784 1581 67 42 the

344 1626 108 35 effect
473 1627 44 34 of
533 1627 119 35 which
673 1628 73 34 will
768 1629 46 33 be
834 1631 45 32 to
902 1630 199 35 stimulate
1120 1631 67 34 the
1207 1632 185 34 northern
1413 1635 124 32 states
1558 1636 45 32 to
1625 1644 159 33 procure
1805 1646 45 31 as

341 1682 233 35 substitutes
588 1683 60 34 for
661 1683 100 34 their
775 1694 85 25 own
880 1685 134 43 people
1033 1686 68 42 the
1120 1696 159 34 negroes
1300 1687 92 43 thus
1412 1688 173 43 brought
1597 1689 133 42 within
1750 1690 100 41 their

343 1738 122 33 reach.
510 1737 118 43 Many
649 1737 99 43 have
769 1739 159 43 already
948 1740 93 42 been
1063 1741 183 41 obtained
1267 1742 39 40 in
1327 1742 182 43 Virginia,
1526 1744 78 41 and
1625 1744 137 41 should
1783 1746 67 39 the

341 1792 174 35 fortunes
530 1793 44 34 of
589 1803 80 25 war
682 1804 140 33 expose
836 1805 106 32 more
956 1795 44 42 of
1015 1796 66 41 her
1095 1797 185 42 territory
1293 1797 66 42 the
1373 1808 131 32 enemy
1512 1798 72 42 will
1597 1799 93 43 gain
1704 1810 27 32 a
1743 1800 107 43 large

341 1847 192 35 accession
548 1848 44 34 of
608 1849 189 43 strength.
842 1849 71 43 His
935 1860 177 34 progress
1127 1851 70 43 will
1219 1852 93 42 thus
1327 1852 78 42 add
1425 1855 45 39 to
1492 1854 58 40 his
1564 1855 189 43 numbers,
1770 1856 79 42 and

342 1905 48 33 at
409 1903 66 36 the
496 1914 105 25 same
621 1904 93 35 time
736 1904 157 43 destroy
908 1905 151 43 slavery
1081 1906 38 42 in
1135 1917 25 31 a
1180 1916 159 32 manner
1358 1910 107 38 most
1483 1909 213 42 pernicious
1717 1911 44 40 to
1784 1911 66 40 the

342 1958 145 35 welfare
502 1959 43 34 of
562 1969 72 24 our
654 1960 143 43 people.
841 1960 112 43 Their
967 1971 158 33 negroes
1139 1961 73 43 will
1233 1962 46 42 be
1293 1962 92 42 used
1405 1965 47 39 to
1471 1963 92 41 hold
1584 1964 105 40 them
1709 1965 40 39 in
1763 1966 86 38 sub¬

338 2013 154 43 jection,
522 2015 153 43 leaving
701 2015 67 43 the
787 2016 214 43 remaining
1026 2016 100 43 force
1148 2017 43 42 of
1212 2017 67 42 the
1299 2028 132 32 enemy
1457 2019 74 41 free
1556 2021 46 39 to
1623 2021 139 39 extend
1788 2021 60 39 his

339 2071 197 41 conquest.

423 2125 22 17 "
455 2123 207 37 Whatever
675 2135 92 33 may
787 2125 48 43 be
855 2126 67 42 the
935 2126 106 42 effect
1062 2127 43 41 of
1121 2137 72 31 our
1206 2126 220 44 employing
1439 2138 117 33 negro
1577 2131 139 42 troops
1729 2130 34 43 it
1775 2141 73 32 can

341 2182 74 33 not
434 2180 47 35 be
495 2190 45 25 as
554 2179 252 36 mischievous
822 2190 45 25 as
881 2181 91 34 this.
1014 2181 38 34 If
1067 2181 34 34 it
1114 2182 72 33 end
1206 2182 39 33 in
1260 2182 225 42 subverting
1498 2184 152 42 slavery
1663 2185 34 41 it
1709 2186 72 40 will
1802 2186 46 40 be

340 2236 279 43 accomplished
640 2236 52 43 by
708 2235 202 44 ourselves,
929 2236 77 43 and
1027 2246 53 33 we
1093 2246 72 33 can
1180 2235 125 44 devise
1325 2237 66 42 the
1411 2248 132 31 means
1564 2239 44 40 of
1624 2239 224 44 alleviating

341 2291 67 34 the
420 2290 74 35 evil
514 2301 272 34 consequences
801 2293 44 42 to
867 2290 100 45 both
982 2299 114 36 races.
1140 2290 19 45 I
1181 2291 121 44 think,
1318 2291 196 44 therefore,
1530 2303 53 32 we
1597 2296 106 39 must
1723 2294 126 41 decide

342 2346 165 35 whether
521 2347 152 41 slavery
689 2346 99 42 shall
807 2346 47 42 be
868 2345 266 43 extinguished
1153 2345 53 43 by
1221 2355 72 33 our
1306 2347 158 41 enemies
1479 2347 78 41 and
1576 2348 67 40 the
1657 2349 125 39 slaves
1802 2350 47 38 be

341 2402 92 34 used
455 2402 159 43 against
633 2412 57 33 us,
708 2411 46 34 or
767 2411 67 34 use
855 2400 105 45 them
983 2400 189 45 ourselves
1194 2402 46 43 at
1259 2400 66 45 the
1345 2400 79 45 risk
1446 2402 43 43 of
1504 2402 66 43 the
1589 2403 126 42 effects
1729 2404 119 41 which

341 2468 92 32 may
447 2458 47 42 be
507 2457 193 44 produced
715 2466 106 35 upon
836 2465 73 36 our
923 2454 117 47 social
1061 2453 255 48 institutions.
1360 2454 65 47 My
1440 2465 84 36 own
1539 2457 157 44 opinion
1709 2458 32 43 is
1756 2458 93 43 that

341 2523 53 24 we
408 2513 138 36 should
560 2512 154 43 employ
727 2512 106 43 them
842 2509 166 46 without
1022 2508 122 47 delay.
1186 2507 20 48 I
1219 2509 140 46 believe
1372 2510 104 45 that,
1486 2511 91 44 with
1591 2521 139 34 proper
1743 2523 106 32 regu¬

340 2567 157 44 lations,
514 2568 93 43 they
621 2577 74 34 can
715 2566 47 45 be
776 2565 113 46 made
902 2562 166 49 effective
1082 2563 168 48 soldiers.
1293 2563 106 48 They
1419 2574 152 37 possess
1590 2566 67 45 the
1675 2566 174 45 physical

340 2624 287 43 qualifications
643 2621 36 46 in
697 2631 51 36 an
763 2619 166 48 eminent
944 2618 141 49 degree.
1128 2617 112 50 Long
1253 2618 132 49 habits
1401 2619 42 48 of
1461 2618 196 49 obedience
1672 2620 77 47 and
1763 2621 86 46 sub¬

339 2679 238 41 ordination,
595 2675 160 45 coupled
770 2674 92 46 with
883 2673 94 47 that
990 2672 124 48 moral
1135 2671 179 49 influence
1327 2672 117 48 which
1465 2673 39 47 in
1519 2683 72 37 our
1604 2676 164 44 country
1781 2675 67 45 the

339 2734 114 36 white
468 2743 92 27 man
574 2740 194 36 possesses
783 2738 92 38 over
889 2727 66 49 the
968 2726 123 50 black,
1101 2725 145 51 furnish
1260 2726 66 50 the
1338 2727 87 49 best
1438 2727 231 49 foundation
1682 2728 60 48 for
1755 2729 93 47 that

338 2788 196 44 discipline
548 2785 119 47 which
690 2785 31 47 is
736 2782 66 50 the
817 2783 124 49 surest
957 2782 210 50 guarantee
1182 2780 43 52 of
1241 2780 170 52 military
1425 2782 194 50 efficiency.
1664 2782 77 50 Our
1755 2783 97 49 chief

340 2845 79 34 aim
427 2842 140 37 should
581 2841 47 38 be
634 2843 45 36 to
689 2847 126 32 secure
822 2836 99 43 their
936 2834 155 45 fidelity.
1134 2834 119 45 There
1266 2834 99 45 have
1377 2835 92 44 been
1477 2835 225 44 formidable
1710 2837 137 42 armies

338 2897 209 46 composed
576 2896 44 47 of
642 2904 86 39 men
756 2891 147 52 having
922 2899 52 44 no
1002 2888 178 55 interests
1201 2889 38 54 in
1259 2889 67 54 the
1346 2892 164 51 country
1530 2889 60 54 for
1609 2890 118 53 which
1754 2892 93 51 they

339 2954 144 43 fought
502 2948 154 49 beyond
677 2947 101 50 their
790 2955 81 42 pay
886 2954 45 43 or
946 2944 65 53 the
1024 2943 99 54 hope
1137 2942 45 55 of
1196 2942 168 55 plunder.
1407 2943 79 54 But
1505 2944 33 53 it
1550 2944 33 53 is
1597 2945 144 52 certain
1754 2946 93 51 that
