2200 3300
341 309 96 43 318
646 313 220 43 History
893 325 64 31 of
984 324 96 32 the
1106 312 165 44 Black
1296 312 250 44 Phalanx.

340 445 92 35 dent
454 446 43 34 of
512 447 66 33 the
598 446 243 35 Confederate
862 445 130 36 States
1012 445 32 36 is
1066 444 137 41 hereby
1225 443 220 42 authorized
1473 445 44 40 to
1546 450 114 35 cause
1687 440 65 45 full
1780 438 80 47 and

341 501 78 33 and
434 502 124 41 ample
571 502 223 41 retaliation
807 503 46 40 to
868 501 46 42 be
935 500 111 43 made
1066 499 59 44 for
1145 508 110 35 every
1271 499 90 44 such
1376 497 201 46 violation,
1593 495 40 48 in
1648 494 91 49 such
1753 504 108 39 man¬

340 566 66 23 ner
421 557 77 33 and
512 559 44 31 to
573 557 90 33 such
677 558 132 32 extent
823 565 45 25 as
882 555 46 35 he
942 564 91 31 may
1047 553 111 42 think
1173 563 148 32 proper.

423 611 113 34 "Sec.
552 611 185 34 4.—That
750 621 111 31 every
875 610 113 42 white
1007 619 149 33 person,
1173 608 112 44 being
1305 617 26 35 a
1350 605 291 47 commissioned
1663 604 134 48 officer,
1815 613 49 39 or

342 666 132 42 acting
495 676 45 32 as
561 666 102 42 such,
686 666 84 42 who
793 665 138 43 during
949 664 67 44 the
1035 665 152 43 present
1208 672 78 36 war
1307 661 97 47 shall
1423 659 206 49 command
1642 668 159 40 negroes
1816 668 49 40 or

341 721 212 33 mulattoes
574 721 39 33 in
635 731 104 23 arms
761 720 157 42 against
938 719 66 43 the
1025 717 242 45 Confederate
1294 715 140 47 States,
1459 725 45 37 or
1529 714 86 48 who
1644 714 98 48 shall
1763 723 95 39 arm,

339 775 118 42 train,
481 776 178 41 organize
680 785 45 32 or
751 784 159 33 prepare
936 783 157 34 negroes
1122 782 45 35 or
1194 772 209 45 mulattoes
1431 770 59 47 for
1517 769 171 48 military
1723 768 141 49 service

342 829 158 42 against
513 830 67 41 the
594 829 243 42 Confederate
851 828 141 43 States,
1010 838 45 33 or
1075 827 83 44 who
1181 826 97 45 shall
1300 824 236 47 voluntarily
1557 834 66 37 use
1642 833 159 38 negroes
1816 833 48 38 or

341 884 211 34 mulattoes
566 885 39 33 in
620 894 78 31 any
712 884 170 41 military
902 882 214 43 enterprise,
1135 881 135 44 attack
1293 890 44 35 or
1358 879 161 46 conflict,
1536 879 39 46 in
1597 878 91 47 such
1709 878 149 47 service,

341 939 99 33 shall
454 939 47 33 be
515 939 149 33 deemed
680 948 45 24 as
738 938 159 42 inciting
910 937 131 43 servile
1054 936 261 44 insurrection,
1333 935 77 45 and
1431 934 109 46 shall,
1557 934 31 46 if
1603 933 195 47 captured,
1814 933 50 47 be

340 995 74 40 put
427 995 45 40 to
488 993 127 42 death,
633 1003 45 32 or
691 995 45 40 to
753 993 44 42 be
811 992 196 43 otherwise
1020 990 184 45 punished
1219 993 45 42 at
1277 990 67 45 the
1358 990 203 45 discretion
1577 988 49 47 of
1635 989 66 46 the
1715 990 122 45 court.

423 1047 113 34 "Sec.
555 1047 201 42 5.—Every
777 1057 148 33 person,
949 1046 112 44 being
1082 1056 25 34 a
1127 1045 288 45 commissioned
1438 1044 134 46 officer,
1597 1054 44 36 or
1663 1043 131 47 acting
1815 1053 47 37 a&

341 1102 91 33 such
447 1103 38 33 in
500 1102 66 34 the
587 1102 137 34 service
745 1102 43 34 of
803 1102 66 34 the
889 1111 141 32 enemy,
1047 1101 83 42 who
1153 1100 97 43 shall
1273 1100 137 43 during
1429 1099 67 44 the
1516 1101 152 42 present
1688 1109 90 34 war,
1800 1109 60 34 ex¬

340 1157 84 42 cite,
448 1159 171 40 attempt
639 1159 44 40 to
704 1157 130 42 excite,
858 1166 44 33 or
922 1166 112 33 cause
1053 1158 45 41 to
1120 1156 46 43 be
1186 1155 145 44 excited
1352 1165 25 34 a
1391 1154 132 45 servile
1536 1153 261 46 insurrection,
1814 1164 48 35 or

341 1211 85 34 who
442 1212 97 33 shall
553 1212 123 41 incite,
694 1221 45 32 or
752 1221 111 32 cause
877 1213 44 40 to
936 1211 46 42 be
996 1210 137 43 incited
1149 1220 24 33 a
1187 1210 105 43 slave
1305 1212 45 41 to
1365 1209 108 44 rebel,
1491 1209 108 44 shall,
1615 1208 32 45 if
1661 1209 197 44 captured,

340 1266 47 33 be
401 1268 73 40 put
487 1268 44 40 to
548 1266 127 42 death,
693 1276 45 32 or
752 1266 196 42 otherwise
962 1265 184 43 punished
1161 1267 45 41 at
1219 1265 66 43 the
1300 1264 202 44 discretion
1517 1263 42 45 of
1575 1264 66 44 the
1655 1266 122 42 court.

423 1321 21 16 "
454 1319 83 36 Sec.
555 1321 202 42 6.—Every
771 1331 138 32 person
923 1320 163 43 charged
1102 1320 89 43 with
1207 1330 51 33 an
1273 1320 137 43 offence
1424 1319 224 44 punishable
1662 1318 118 45 under
1793 1319 69 44 the

340 1376 219 43 preceeding
571 1376 230 43 resolutions
817 1376 107 43 shall,
942 1375 138 44 during
1099 1375 66 44 the
1185 1377 151 42 present
1357 1384 89 35 war,
1464 1374 44 45 be
1528 1373 99 46 tried
1648 1373 125 46 before
1791 1373 67 46 the

340 1431 171 42 military
526 1433 122 40 court,
666 1430 182 43 attached
862 1432 45 41 to
922 1430 65 43 the
1002 1440 109 33 army
1134 1440 44 33 or
1198 1439 112 34 corps
1324 1429 51 44 by
1389 1429 66 44 the
1469 1430 137 43 troops
1622 1429 43 44 of
1680 1428 117 45 which
1812 1428 48 45 he

340 1485 99 35 shall
460 1486 99 34 have
578 1486 93 34 been
691 1485 194 44 captured,
903 1496 45 40 ot^
967 1486 52 50 by
1041 1485 89 51 such
1153 1485 110 51 other
1284 1485 170 51 military
1474 1487 113 49 court
1602 1494 44 42 as
1660 1483 66 53 the
1740 1483 117 53 Presi¬

341 1540 92 34 dent
447 1551 91 31 may
554 1541 127 42 direct,
699 1541 76 42 and
790 1541 39 42 in
843 1540 91 43 such
955 1550 158 33 manner
1134 1540 78 43 and
1233 1540 118 43 under
1371 1539 88 44 such
1482 1538 236 45 regulations
1734 1548 44 35 as
1792 1538 69 45 the

341 1595 198 35 President
554 1596 96 34 shall
671 1596 201 42 prescribe;
897 1595 76 43 and
996 1595 98 43 after
1113 1594 228 44 conviction,
1358 1594 65 44 the
1444 1593 197 45 President
1655 1603 90 35 may
1759 1603 100 35 com¬

341 1653 106 32 mute
460 1651 66 34 the
539 1650 245 44 punishment
797 1650 39 44 in
851 1651 90 43 such
956 1660 158 34 manner
1128 1649 78 45 and
1221 1659 50 35 on
1286 1649 87 45 such
1391 1651 118 43 terms
1524 1658 44 36 as
1582 1648 46 46 he
1648 1658 90 36 may
1753 1648 103 46 deem

340 1715 151 33 proper.

421 1760 81 34 Sec.
522 1760 135 34 7.—All
678 1766 157 37 negroes
857 1760 77 43 and
956 1760 209 43 mulattoes
1187 1759 83 44 who
1292 1759 97 44 shall
1410 1758 46 45 be
1469 1758 170 45 engaged
1653 1758 39 45 in
1708 1768 87 35 war,
1812 1767 48 36 or

339 1815 48 33 be
406 1815 117 34 taken
544 1815 40 34 in
605 1825 103 24 arms
730 1815 157 42 against
907 1815 66 42 the
994 1814 242 43 Confederate
1257 1813 141 44 States,
1423 1823 45 34 or
1494 1813 98 44 shall
1612 1813 87 44 give
1726 1812 64 45 aid
1811 1823 48 34 or

340 1870 165 34 comfort
519 1873 45 31 to
578 1870 67 34 the
658 1870 157 34 enemies
836 1870 43 34 of
894 1870 66 34 the
981 1869 242 35 Confederate
1245 1867 141 44 States,
1403 1868 108 43 shall,
1534 1868 119 43 where
1672 1867 183 44 captured

339 1925 40 33 in
400 1925 66 34 the
487 1924 242 35 Confederate
750 1924 141 41 States,
915 1925 46 40 be
982 1924 182 41 delivered
1185 1926 44 39 to
1259 1923 229 42 authorities
1515 1923 43 42 of
1580 1923 67 42 the
1674 1923 111 42 State
1811 1933 49 32 or

340 1978 131 35 States
492 1979 39 34 in
553 1979 116 34 which
690 1979 92 42 they
803 1979 95 42 shall
923 1980 44 41 be
987 1979 194 43 captured,
1205 1981 44 41 to
1271 1979 46 43 be
1338 1979 105 43 dealt
1462 1978 91 44 with
1581 1978 204 44 according
1810 1980 49 42 to

339 2034 92 33 such
446 2036 151 40 present
612 2044 45 32 or
670 2034 125 42 future
809 2035 91 41 laws
915 2035 44 41 of
975 2034 89 42 such
1080 2033 111 43 State
1206 2044 45 32 or
1265 2033 168 43 States."

439 2099 56 41 In
521 2098 177 54 March,
729 2099 141 53 1863,
898 2100 98 52 this
1024 2112 130 40 same
1181 2099 304 53 Confederate
1520 2099 228 56 Congress
1782 2114 73 41 en¬

340 2165 137 41 acted
495 2165 83 41 the
594 2165 240 55 following
860 2166 138 54 order
1022 2168 56 52 to
1105 2166 214 54 regulate
1344 2166 82 54 the
1452 2166 328 55 impressment
1806 2166 55 55 of

339 2242 197 42 negroes
553 2230 74 54 for
646 2243 137 42 army
801 2243 251 43 purposes:

420 2305 113 34 "Sec.
557 2306 209 34 9.—Where
786 2308 125 33 slaves
931 2318 65 24 are
1016 2308 204 43 impressed
1248 2309 52 42 by
1327 2310 66 41 the
1421 2309 243 42 Confederate
1692 2311 164 40 Govern¬

339 2362 115 39 ment,
470 2361 44 40 to
529 2360 112 41 labor
655 2371 49 30 on
719 2362 280 42 fortifications,
1017 2373 45 31 or
1083 2364 111 40 other
1215 2365 124 42 public
1361 2366 134 41 works,
1513 2366 65 41 the
1591 2366 266 44 impressment

339 2414 99 34 shall
457 2414 46 34 be
523 2415 111 33 made
654 2415 51 42 by
727 2416 84 41 said
833 2416 255 41 Government
1110 2419 203 43 according
1333 2422 45 40 to
1400 2420 65 42 the
1486 2421 98 41 rules
1613 2421 76 41 and
1710 2423 148 42 regula¬

338 2469 105 34 tions
457 2469 182 42 provided
653 2470 39 41 in
706 2470 66 41 the
784 2471 92 40 laws
892 2472 42 39 of
944 2472 65 39 the
1024 2472 130 39 States
1169 2474 156 37 wherein
1340 2475 91 42 they
1447 2485 64 32 are
1524 2476 222 44 impressed;
1764 2476 87 44 and,

338 2523 39 34 in
391 2523 67 34 the
471 2523 156 34 absence
642 2524 43 33 of
700 2525 89 33 such
804 2525 83 42 law,
904 2526 38 41 in
958 2528 229 39 accordance
1201 2529 90 38 with
1307 2530 90 37 such
1412 2531 98 36 rules
1526 2532 76 35 and
1618 2532 236 43 regulations

338 2580 73 32 not
424 2577 249 35 inconsistent
688 2579 89 33 with
791 2580 66 33 the
870 2582 217 40 provisions
1103 2583 42 39 of
1160 2583 79 39 this
1255 2587 74 40 act,
1347 2595 44 32 as
1412 2585 66 42 the
1492 2586 196 43 Secretary
1704 2587 43 42 of
1762 2587 92 42 War

339 2632 97 34 shall
457 2632 97 34 from
575 2632 92 34 time
686 2635 45 32 to
752 2634 92 33 time
864 2636 201 42 prescribe;
1088 2637 202 44 Provided,
1313 2639 105 42 That
1445 2650 52 31 no
1524 2640 265 44 impressment
1815 2641 46 43 of

339 2687 123 34 slaves
477 2686 97 35 shall
588 2686 46 35 be
648 2687 120 43 made,
786 2689 101 41 when
909 2690 92 42 they
1021 2701 72 31 can
1113 2692 47 40 be
1180 2693 104 39 hired
1306 2704 45 28 or
1372 2695 184 42 procured
1577 2695 51 42 by
1649 2696 67 41 the
1729 2706 127 31 owner

339 2752 46 24 or
399 2743 128 40 agent.

420 2784 113 34 "Sec.
551 2784 218 43 10.—That,
786 2787 176 41 previous
976 2790 45 38 to
1036 2789 66 39 the
1116 2790 65 38 1st
1196 2790 75 41 day
1287 2791 43 40 of
1345 2791 198 40 December
1563 2796 102 39 next,
1682 2804 52 31 no
1750 2795 109 40 slave

338 2839 179 42 laboring
530 2849 51 32 on
596 2849 25 32 a
634 2839 97 42 farm
747 2850 45 31 or
805 2841 233 43 plantation,
1054 2844 222 42 exclusively
1299 2845 162 41 devoted
1483 2849 45 37 to
1542 2847 67 39 the
1622 2848 231 42 production

339 2894 45 34 of
398 2893 111 43 grain
531 2893 75 43 and
627 2894 227 43 provisions,
878 2896 95 41 shall
995 2897 47 40 be
1064 2898 113 39 taken
1200 2898 59 39 for
1279 2899 65 38 the
1365 2900 124 42 public
1510 2910 76 33 use,
1603 2902 165 41 without
1788 2904 70 39 the

336 2950 161 32 consent
510 2947 44 35 of
569 2948 65 34 the
648 2958 133 31 owner,
798 2951 131 41 except
942 2950 38 42 in
995 2960 86 32 case
1095 2951 44 41 of
1154 2955 137 39 urgent
1306 2952 219 42 necessity."
