2200 3300
346 311 60 42 78

651 315 221 44 History
899 328 63 31 of
989 326 97 33 the
1111 315 166 44 Black
1301 311 254 48 Phalanx.

343 447 190 42 entered
551 446 83 43 the
653 447 172 42 service
842 447 114 42 with
984 445 225 53 alacrity;
1229 439 221 59 excluded
1467 438 126 60 from
1609 436 84 62 the
1711 446 153 52 army,

341 512 118 56 they
491 512 197 56 enlisted
724 512 50 56 in
808 512 83 56 the
924 524 146 44 navy,
1090 507 206 61 swelling
1320 505 82 63 the
1428 502 199 66 number
1654 501 53 67 of
1726 499 142 69 those

342 579 121 53 who,
491 592 132 42 upon
657 579 84 55 the
775 578 162 56 rivers,
974 577 145 57 lakes,
1155 574 124 60 bays
1314 570 96 64 and
1438 580 186 54 oceans,
1661 565 206 69 manned

342 646 84 42 the
441 659 124 42 guns
583 646 56 55 of
658 647 82 54 the
758 658 101 43 war
877 643 186 58 vessels,
1089 642 51 59 in
1165 639 182 62 defense
1372 635 55 66 of
1446 634 117 67 Free
1579 632 170 69 Trade,
1769 630 100 71 Sai¬

342 710 115 43 lor's
483 712 172 55 Rights
684 712 97 55 and
809 709 348 58 Independence
1191 718 65 49 on
1280 703 82 64 the
1389 710 105 57 Seas
1522 712 56 55 as
1603 698 100 69 well
1729 710 55 57 as
1803 710 63 57 on

342 776 84 42 the
458 777 129 44 land.
642 778 49 43 It
716 778 40 43 is
785 777 131 55 quite
942 771 273 61 impossible
1247 772 57 60 to
1341 765 238 67 ascertain
1611 764 84 68 the
1728 765 138 67 exact

344 843 198 41 number
569 843 52 42 of
642 855 198 43 negroes
867 841 105 57 who
1002 837 146 61 stood
1175 835 157 63 beside
1355 833 84 65 the
1464 844 123 54 guns
1619 830 117 68 that
1760 843 106 55 won

343 907 76 42 for
435 907 216 44 America
671 909 104 53 just
793 905 298 57 recognition
1116 902 124 60 from
1265 900 83 62 the
1365 898 239 64 maritime
1622 909 178 53 powers
1819 895 53 67 of

343 973 84 41 the
444 974 162 42 world.
660 968 115 48 Like
799 973 85 43 the
909 982 147 42 negro
1084 967 197 57 soldiers
1306 966 50 58 in
1380 965 84 59 the
1489 963 377 61 Revolutionary

345 1050 101 30 war
478 1039 106 42 who
611 1039 165 42 served
802 1037 115 44 with
942 1036 84 45 the
1051 1033 179 52 whites,
1258 1044 57 41 so
1340 1032 85 53 the
1448 1043 148 43 negro
1622 1030 170 56 sailors
1817 1029 49 57 in

344 1103 85 42 the
444 1116 100 30 war
562 1104 54 42 of
629 1103 128 43 1812
777 1101 164 45 served
958 1101 50 45 in
1024 1100 84 46 the
1125 1098 247 48 American
1390 1096 152 55 Navy;
1562 1096 49 55 in
1626 1096 84 55 the
1726 1108 135 43 mess,

345 1171 59 40 at
437 1169 84 42 the
545 1182 112 42 gun,
688 1182 64 42 on
776 1168 84 56 the
893 1166 249 58 yard-arm
1177 1164 96 60 and
1308 1164 49 60 in
1389 1163 83 61 the
1505 1175 251 49 gangway,
1791 1164 75 60 to¬

343 1234 169 54 gether
536 1235 115 53 with
671 1234 162 54 others
861 1233 53 55 of
933 1231 198 57 various
1149 1229 342 59 nationalities,
1511 1229 116 59 they
1646 1228 218 60 achieved

345 1312 150 42 many
528 1300 223 54 victories
786 1299 74 55 for
892 1298 84 56 the
1009 1309 132 45 navy
1176 1296 54 58 of
1266 1309 90 45 our
1390 1308 222 46 common
1646 1296 216 58 country.

344 1364 102 43 The
480 1365 107 42 best
622 1365 215 42 evidence
871 1363 24 44 I
930 1376 89 31 can
1045 1362 106 56 give
1175 1362 50 56 in
1252 1361 385 57 substantiation
1664 1361 53 57 of
1735 1361 132 57 what

345 1430 92 42 has
455 1431 116 42 been
588 1430 204 52 written,
812 1430 42 52 is
870 1430 84 52 the
970 1428 241 56 following
1225 1429 142 55 letter
1381 1427 124 57 from
1522 1425 213 59 Surgeon
1752 1426 114 58 Par¬

345 1508 118 30 sons
498 1498 56 40 to
591 1495 181 56 George
806 1495 285 56 Livermore,
1127 1494 128 57 Esq.,
1294 1494 53 57 of
1374 1493 82 58 the
1488 1492 376 59 Massachusetts

347 1560 267 45 Historical
632 1561 210 56 Society:

1144 1659 293 42 "Providence,
1454 1658 164 43 October
1631 1657 193 44 18,1862.

429 1716 98 35 "My
547 1716 113 35 Dear
681 1715 170 36 Sir:—In
872 1715 107 43 reply
997 1717 46 41 to
1057 1725 100 33 your
1176 1714 177 44 inquiries
1377 1715 123 43 about
1519 1714 66 44 the
1598 1713 215 45 employing
1827 1712 43 46 of

346 1771 134 35 blacks
494 1772 39 34 in
549 1781 71 25 our
634 1781 105 32 navy
753 1771 40 42 in
806 1770 66 43 the
886 1781 79 32 war
979 1770 44 43 of
1038 1769 115 44 1812,
1170 1770 78 43 and
1268 1769 250 45 particularly
1538 1768 40 46 in
1597 1768 66 46 the
1683 1768 124 46 battle
1826 1767 44 47 of

344 1826 109 36 Lake
466 1826 96 43 Erie,
578 1826 21 43 I
612 1826 94 43 refer
716 1836 81 33 you
817 1828 46 41 to
884 1825 224 44 documents
1128 1824 40 45 in
1187 1824 245 45 Mackenzie's
1447 1823 92 46 'Life
1558 1823 45 46 of
1617 1822 248 47 Commodore

346 1881 144 43 Perry,'
506 1881 77 43 vol.
600 1881 24 43 i.
639 1891 65 33 pp.
720 1880 77 44 166
813 1879 78 45 and
906 1879 89 45 187.

425 1936 23 17 "
457 1935 46 35 In
531 1935 115 42 1814,
671 1945 72 32 our
770 1935 86 42 fleet
870 1934 118 43 sailed
1015 1936 45 41 to
1081 1934 67 43 the
1168 1932 125 45 Upper
1313 1932 124 45 Lakes
1457 1935 46 42 to
1530 1934 217 43 co-operate
1773 1932 90 45 with

344 1989 153 36 Colonel
512 1989 177 44 Croghan
704 1991 46 42 at
770 1988 209 45 Mackinac.
1019 1988 134 45 About
1173 1998 72 35 one
1264 1988 40 45 in
1324 1990 66 43 ten
1411 1997 45 36 or
1470 1988 133 45 twelve
1617 1988 43 45 of
1675 1988 65 45 the
1753 1996 110 37 crews

344 2053 94 26 were
451 2044 124 35 black.

425 2099 70 33 "In
523 2097 116 43 1816,
668 2096 22 44 I
714 2107 78 33 was
820 2105 164 35 surgeon
1013 2096 43 44 of
1070 2096 66 44 the
1159 2096 127 44 'Java,
1315 2096 119 44 under
1456 2095 251 45 Commodore
1734 2097 128 43 Perry.

342 2152 81 35 The
449 2152 113 35 white
589 2152 77 35 and
694 2151 152 36 colored
866 2161 151 26 seamen
1038 2151 145 36 messed
1202 2150 191 43 together.
1433 2146 135 47 About
1588 2162 72 31 one
1679 2152 40 41 in
1739 2151 59 42 six
1818 2162 46 31 or

341 2207 109 43 eight
463 2217 93 33 were
569 2206 163 44 colored.

423 2260 70 35 "In
509 2260 150 42 1819,1
674 2267 77 35 was
766 2269 163 33 surgeon
951 2258 44 44 of
1008 2258 67 44 the
1097 2258 10 44 '
1116 2257 214 45 Guerriere,'
1352 2258 120 44 under
1492 2258 252 44 Commodore
1765 2261 98 41 Mac-

342 2315 203 42 donough;
563 2314 78 43 and
654 2314 66 43 the
733 2313 230 44 proportion
978 2312 44 45 of
1036 2312 130 45 blacks
1181 2323 78 34 was
1281 2312 124 45 about
1425 2313 66 44 the
1505 2324 106 33 same
1623 2315 40 42 in
1677 2316 67 41 her
1757 2326 102 31 crew.

340 2370 119 34 There
473 2368 144 36 seemed
631 2370 45 34 to
691 2367 46 37 be
752 2378 51 26 an
823 2367 119 37 entire
963 2367 157 37 absence
1142 2366 43 38 of
1206 2367 184 42 prejudice
1412 2368 159 42 against
1589 2370 68 40 the
1669 2370 133 40 blacks
1816 2382 45 28 as

341 2426 223 32 messmates
586 2432 144 32 among
749 2421 66 43 the
836 2431 102 33 crew.
980 2421 119 43 "What
1118 2420 20 44 I
1158 2421 99 43 have
1277 2420 86 44 said
1384 2421 145 43 applies
1549 2425 45 39 to
1615 2424 67 40 the
1695 2436 112 28 crews
1822 2425 45 39 of

338 2478 69 35 the
420 2477 112 36 other
545 2475 105 43 ships
664 2475 92 43 that
770 2474 117 44 sailed
900 2476 40 42 in
954 2475 228 43 squadrons.

1128 2540 125 34 Yours
1267 2550 93 32 very
1373 2542 250 43 respectfully,

1471 2596 134 36 Usher
1625 2598 193 40 Parsons.

437 2670 77 43 Dr.
536 2670 212 43 Parsons
765 2670 98 43 had
881 2670 221 43 reference
1119 2672 55 41 to
1192 2671 83 42 the
1292 2670 241 58 following
1550 2678 309 54 correspond¬

335 2749 109 30 ence
476 2736 206 43 between
716 2733 205 56 Captain
955 2734 147 56 Perry
1137 2734 96 56 and
1260 2734 313 56 Commodore
1590 2739 265 60 Chauncey,

335 2801 149 43 which
517 2800 124 44 took
675 2800 131 54 place
840 2800 49 54 in
917 2799 141 55 1813,
1088 2800 155 54 before
1274 2801 84 53 the
1399 2801 218 53 former's
1660 2805 198 60 victory

335 2880 66 29 on
419 2866 130 43 Lake
567 2865 119 44 Erie.
732 2865 64 44 As
813 2865 90 44 will
921 2866 57 43 be
996 2878 118 39 seen,
1135 2865 147 55 Perry
1298 2870 248 51 expressed
1564 2871 293 50 dissatisfac¬

333 2932 109 42 tion
461 2944 55 30 as
534 2933 55 41 to
607 2930 82 44 the
706 2930 196 44 recruits
921 2933 105 41 sent
1043 2931 97 43 him
1157 2933 57 41 to
1232 2943 114 31 man
1363 2933 83 42 the
1464 2938 248 52 squadron
1737 2941 120 49 then
