2213 3308
734 300 300 45 Recruiting
1058 313 99 32 and
1185 303 308 47 Organizing.
1770 308 98 43 115

356 427 174 42 enemies,
547 438 46 31 as
606 431 68 38 the
687 436 121 33 worst
822 434 45 35 of
880 434 170 43 enemies,
1068 435 78 42 and
1161 436 104 41 avail
1277 437 219 40 yourselves
1509 437 74 40 like
1596 448 85 29 men
1696 439 45 38 of
1755 449 115 33 every

355 481 130 34 power
498 481 121 37 which
635 485 85 36 God
741 488 72 34 has
826 489 132 43 placed
972 488 40 44 in
1025 500 100 32 your
1138 489 125 43 hands
1278 493 46 39 to
1340 483 229 52 accomplish
1583 503 100 32 your
1702 504 169 33 purpose

355 530 135 37 within
498 535 67 35 the
572 539 101 35 rilles
681 541 45 34 of
734 543 164 34 civilized
906 543 196 35 warfare."
1145 544 69 34 Mr.
1224 544 96 44 Rice,
1341 546 224 43 (warDem.)
1584 546 283 45 ofMinnesota,

356 582 175 41 declared
544 592 94 37 that
662 596 104 36 "not
780 609 120 32 many
916 599 96 43 days
1026 610 72 32 can
1112 610 92 33 pass
1217 599 128 44 before
1358 601 66 42 the
1437 602 133 42 people
1584 601 44 43 of
1644 602 66 42 the
1729 601 140 43 United

353 636 137 40 States
504 643 127 39 North
646 654 107 32 must
775 653 125 34 decide
914 664 106 33 upon
1034 665 72 32 one
1122 654 43 43 of
1179 656 79 41 two
1274 656 213 42 questions:
1511 667 53 31 we
1577 656 100 42 have
1689 656 121 42 either
1822 660 48 38 to

353 694 272 50 acknowledge
639 705 68 39 the
721 706 192 40 Southern
928 708 251 44 Confederacy
1187 720 45 32 as
1240 720 24 32 a
1278 710 74 42 free
1359 711 78 41 and
1450 710 254 44 independent
1716 712 151 44 nation,

353 750 80 34 and
447 752 96 36 that
557 759 183 45 speedily;
766 773 46 31 or
818 774 54 30 we
884 763 101 41 have
999 774 45 30 as
1059 764 165 43 speedily
1230 766 46 41 to
1291 766 147 41 resolve
1450 768 46 39 to
1510 777 67 30 use
1591 766 51 41 all
1655 767 68 40 the
1736 777 133 30 means

351 815 116 32 given
481 817 47 30 us
542 809 56 43 by
610 812 68 40 the
691 815 201 44 Almighty
904 820 46 39 to
971 821 200 40 prosecute
1184 818 80 43 this
1277 830 80 31 war
1370 822 45 39 to
1432 832 25 29 a
1471 822 197 39 successful
1688 822 182 39 termina¬

353 861 96 34 tion.
496 862 81 36 The
596 870 189 42 necessity
804 871 61 41 for
886 872 131 40 action
1038 872 73 40 has
1133 873 137 39 arisen.
1313 874 57 38 To
1391 875 166 37 hesitate
1577 876 32 36 is
1629 886 121 26 worse
1769 877 99 35 than

351 914 188 39 criminal.
582 918 72 38 Mr.
670 921 147 37 Wilson
830 925 98 42 said,
948 926 22 41 "
979 926 80 41 The
1072 929 160 38 senator
1244 928 100 39 from
1357 928 203 45 Delaware,
1577 941 46 32 as
1635 930 48 43 he
1695 930 33 43 is
1743 940 127 33 accus¬

337 969 133 35 tomed
485 973 46 32 to
547 972 63 44 do,
628 977 140 41 speaks
782 978 132 41 boldly
936 979 78 40 and
1036 979 191 43 decidedly
1249 982 159 41 against
1428 984 66 39 the
1514 984 257 42 proposition.
1815 986 60 40 He

336 1025 94 35 asks
443 1025 34 37 if
490 1027 202 37 American
707 1032 159 34 soldiers
887 1033 73 33 will
980 1034 100 42 fight
1100 1034 31 42 if
1147 1046 53 30 we
1221 1038 179 41 organize
1420 1039 152 40 colored
1593 1050 86 29 men
1700 1041 60 38 for
1779 1041 95 38 mili¬

335 1088 94 44 tary
448 1098 202 36 purposes.
690 1090 76 44 Did
786 1094 74 40 not
878 1091 203 43 American
1106 1094 160 40 soldiers
1293 1096 100 43 fight
1420 1098 46 41 at
1493 1096 153 43 Bunker
1674 1098 76 41 Hill
1778 1100 94 39 with

336 1154 159 33 negroes
522 1145 40 42 in
589 1146 68 41 the
683 1148 131 42 ranks,
846 1158 72 32 one
939 1148 45 42 of
998 1150 126 40 whom
1153 1151 93 39 shot
1273 1151 112 39 down
1412 1151 126 45 Major
1565 1153 171 43 Pitcairn
1759 1166 45 30 as
1824 1155 49 41 he

336 1200 186 35 mounted
536 1201 67 34 the
616 1202 126 35 works
751 1203 18 34 ?
810 1202 74 35 Did
905 1206 73 33 not
998 1204 200 36 American
1212 1207 159 34 soldiers
1385 1208 100 42 fight
1499 1211 46 39 at
1557 1208 80 42 Red
1651 1209 112 41 Bank
1777 1211 93 39 with

337 1265 26 24 a
374 1255 114 35 black
501 1257 188 42 regiment
703 1257 99 42 from
816 1269 101 33 your
932 1270 85 32 own
1032 1259 122 44 State,
1172 1261 78 42 sir?
1295 1262 86 42 (Mr.
1397 1263 185 42 Anthony
1597 1264 38 41 in
1650 1264 66 41 the
1730 1264 136 44 chair.)

335 1309 73 35 Did
428 1310 94 43 they
542 1315 73 38 not
635 1313 101 42 fight
757 1324 51 31 on
830 1314 67 41 the
917 1313 227 42 battle-field
1166 1316 44 39 of
1225 1315 133 40 Rhode
1378 1317 132 38 Island
1531 1318 91 37 with
1643 1319 93 36 that
1756 1319 113 36 black

335 1366 196 44 regiment,
550 1378 71 32 one
637 1368 42 42 of
695 1369 67 41 the
776 1369 87 41 best
879 1370 77 40 and
970 1369 161 41 bravest
1144 1371 94 39 that
1259 1382 84 28 ever
1357 1373 92 37 trod
1462 1372 67 38 the
1544 1374 72 36 soil
1631 1374 41 36 of
1688 1374 79 36 this
1783 1385 86 25 con¬

335 1421 152 35 tinent?
528 1422 74 35 Did
622 1426 74 32 not
715 1423 201 36 American
938 1425 158 35 soldiers
1117 1427 100 43 fight
1238 1430 45 40 at
1305 1427 98 43 Fort
1425 1427 184 43 Griswold
1635 1429 92 41 with
1754 1430 114 40 black

335 1487 85 24 men
429 1478 18 33 ?
488 1477 73 35 Did
575 1478 93 43 they
682 1482 74 39 not
770 1480 99 43 fight
889 1480 93 43 with
1003 1481 113 42 black
1137 1492 84 31 men
1243 1482 39 41 in
1304 1483 145 40 almost
1462 1493 112 33 every
1588 1483 225 43 battle-field
1829 1486 45 40 of

335 1532 67 34 the
415 1531 259 42 Revolution?
716 1534 70 39 Did
803 1538 74 35 not
890 1535 67 38 the
971 1546 85 27 men
1072 1537 44 36 of
1131 1536 205 43 Kentucky
1351 1538 77 41 and
1450 1537 214 45 Tennessee,
1682 1540 186 43 standing

335 1598 53 24 on
408 1589 67 34 the
495 1589 93 34 lines
604 1590 44 33 of
675 1590 87 34 New
785 1590 169 44 Orleans,
977 1592 120 42 under
1117 1592 67 42 the
1205 1602 67 33 eye
1301 1593 43 42 of
1366 1593 159 42 Andrew
1553 1594 183 43 Jackson,
1766 1596 102 42 fight

334 1644 92 34 with
441 1644 153 34 colored
608 1645 220 35 battalions
845 1646 123 34 whom
983 1646 46 34 he
1049 1647 79 34 had
1149 1649 225 33 summoned
1394 1651 45 32 to
1454 1649 67 34 the
1535 1649 95 43 field,
1648 1650 78 42 and
1740 1651 126 41 whom

333 1698 47 35 he
393 1700 173 34 thanked
581 1700 166 43 publicly
762 1702 60 41 for
835 1702 100 41 their
949 1702 199 44 gallantry
1162 1703 40 43 in
1216 1703 152 43 hurling
1381 1704 98 42 back
1496 1714 25 32 a
1535 1704 143 42 British
1699 1705 85 41 foe?
1826 1706 41 40 It

334 1754 33 34 is
382 1755 52 33 all
447 1755 97 43 talk,
561 1756 73 42 idle
649 1756 96 43 talk,
762 1759 45 40 to
823 1767 71 32 say
908 1757 94 42 that
1021 1758 67 41 the
1108 1758 218 41 volunteers
1341 1759 84 40 who
1441 1769 65 30 are
1520 1759 165 44 fighting
1698 1761 67 42 the
1778 1761 87 42 bat¬

332 1810 74 36 tles
428 1810 43 36 of
487 1811 79 35 this
594 1814 166 39 country
789 1822 66 31 are
881 1813 193 42 governed
1101 1813 53 42 by
1182 1824 78 31 any
1288 1814 91 41 such
1414 1824 152 31 narrow
1598 1816 187 42 prejudice
1819 1827 47 31 or

332 1864 171 44 bigotry.
547 1865 119 43 These
693 1866 207 44 prejudices
929 1878 65 32 are
1020 1868 67 42 the
1113 1869 139 41 results
1281 1869 44 41 of
1346 1870 66 40 the
1445 1870 199 42 teachings
1672 1871 44 41 of
1739 1870 126 42 dema¬

332 1930 146 33 gogues
506 1921 80 42 and
606 1921 231 45 politicians,
860 1922 85 44 who
967 1922 99 44 have
1086 1924 60 42 for
1165 1934 113 32 years
1299 1925 237 41 undertaken
1558 1927 45 39 to
1625 1925 132 41 delude
1785 1926 79 40 and

333 1975 146 36 deceive
492 1977 68 34 the
572 1976 200 36 American
786 1978 145 43 people,
948 1979 77 42 and
1039 1981 45 40 to
1101 1980 157 41 demean
1274 1980 77 41 and
1367 1979 164 43 degrade
1544 1980 144 42 them."

412 2030 70 36 Mr.
499 2031 144 35 Grimes
658 2032 78 35 had
751 2033 201 42 expressed
966 2033 58 42 his
1038 2034 112 41 views
1173 2044 25 31 a
1217 2033 67 42 few
1297 2035 119 40 weeks
1430 2034 136 43 before,
1585 2035 77 42 and
1677 2034 144 43 desired
1837 2046 27 31 a

330 2088 94 33 vote
445 2088 218 42 separately
685 2098 51 32 on
757 2088 94 42 each
873 2088 44 42 of
931 2089 106 41 these
1058 2088 176 42 sections.
1277 2089 70 41 Mr.
1369 2089 119 41 Davis
1511 2090 170 40 declared
1702 2090 93 40 that
1815 2091 47 39 he

330 2152 79 24 was
424 2143 144 42 utterly
585 2143 182 43 opposed,
785 2143 79 43 and
880 2144 138 42 should
1032 2154 85 32 ever
1131 2144 45 42 be
1199 2144 181 43 opposed,
1396 2146 44 41 to
1457 2143 152 44 placing
1624 2155 103 32 arms
1741 2145 38 42 in
1794 2146 67 41 the

329 2196 126 37 hands
471 2198 44 35 of
530 2208 170 33 negroes,
718 2198 78 43 and
810 2199 162 43 putting
985 2199 104 43 them
1103 2199 85 43 into
1203 2198 66 44 the
1284 2209 121 33 army.
1449 2198 69 44 Mr.
1535 2198 86 44 Rice
1634 2199 139 43 wished
1789 2200 70 42 "to

328 2251 114 36 know
456 2253 32 37 if
504 2252 90 38 Gen.
609 2252 261 44 Washington
892 2253 65 43 did
978 2255 72 41 not
1070 2255 73 41 put
1165 2263 103 33 arms
1289 2253 84 43 into
1395 2253 66 43 the
1481 2253 125 43 hands
1628 2254 43 42 of
1686 2264 171 33 negroes,

331 2308 78 34 and
435 2307 35 36 if
492 2307 89 36 Gen.
610 2308 173 35 Jackson
813 2308 64 35 did
905 2310 83 39 not,
1019 2307 77 42 and
1117 2307 31 42 if
1163 2307 66 42 the
1251 2310 157 39 senator
1428 2307 72 42 has
1520 2318 86 31 ever
1626 2308 233 41 condemned

328 2363 122 34 either
478 2363 43 34 of
536 2363 114 35 those
669 2363 174 43 patriots
870 2362 61 44 for
959 2360 117 46 doing
1104 2360 82 46 so."
1231 2360 50 46 "I
1310 2361 135 45 deny,"
1460 2362 140 44 replied
1628 2362 69 44 Mr.
1726 2362 130 44 Davis,

330 2417 135 44 "that,
494 2418 40 43 in
562 2419 67 42 the
655 2417 307 44 Revolutionary
989 2415 103 46 War,
1122 2415 106 46 there
1255 2425 87 36 ever
1376 2425 77 36 was
1489 2426 75 35 any
1601 2417 258 44 considerable

330 2473 271 43 organization
623 2473 44 43 of
682 2482 171 34 negroes.
896 2470 20 46 I
938 2470 107 46 deny,
1068 2469 103 47 that,
1194 2469 40 47 in
1254 2469 66 47 the
1341 2479 79 37 war
1442 2470 43 46 of
1501 2469 114 47 1812,
1646 2471 106 45 there
1778 2481 80 35 was

327 2538 88 24 ever
436 2539 78 32 any
536 2527 273 44 organization
838 2525 44 46 of
903 2533 118 38 negro
1050 2523 136 48 slaves.
1228 2522 19 49 *
1287 2523 19 48 *
1348 2523 18 48 *
1407 2523 45 48 In
1480 2533 66 38 my
1575 2534 83 37 own
1687 2524 120 47 State,
1837 2524 20 47 I

327 2583 100 34 have
441 2594 52 24 no
509 2583 126 35 doubt
648 2583 94 35 that
755 2582 107 36 there
876 2589 66 29 are
954 2578 99 40 from
1067 2576 133 42 eighty
1220 2578 45 40 to
1288 2587 25 31 a
1333 2576 171 42 hundred
1520 2578 196 40 thousand
1732 2579 124 39 slaves

327 2638 94 35 that
434 2638 141 41 belong
588 2640 45 39 to
650 2635 166 44 disloyal
830 2644 96 35 men.
968 2632 87 47 You
1068 2640 166 39 propose
1246 2633 46 46 to
1306 2631 106 48 place
1427 2642 103 37 arms
1546 2632 38 47 in
1599 2632 66 47 the
1678 2633 124 46 hands
1817 2632 45 47 of

326 2693 67 35 the
407 2703 86 25 men
509 2692 78 36 and
601 2691 111 43 boys,
736 2700 46 34 or
803 2688 91 46 such
917 2686 43 48 of
975 2686 105 48 them
1102 2695 44 39 as
1169 2695 64 39 are
1255 2685 84 49 able
1360 2689 43 45 to
1426 2687 139 47 handle
1586 2697 115 37 arms,
1718 2687 77 47 and
1809 2689 45 45 to

326 2747 195 36 manumit
548 2746 67 37 the
641 2744 120 39 whole
788 2752 117 31 mass,
928 2751 97 32 men,
1048 2749 155 34 women,
1228 2740 77 43 and
1327 2741 173 42 children,
1527 2741 77 42 and
1624 2741 106 42 leave
1749 2741 105 42 them

327 2812 148 33 among
488 2811 57 34 us.
588 2800 59 45 Do
661 2809 80 36 you
755 2799 134 46 expect
902 2805 46 40 us
961 2796 46 49 to
1022 2794 85 51 give
1129 2804 71 41 our
1221 2795 176 50 sanction
1420 2795 77 50 and
1519 2806 71 39 our
1605 2795 189 50 approval
1808 2797 45 48 to

325 2858 109 35 these
460 2854 160 43 things?
661 2852 70 45 No,
761 2851 71 46 no!
874 2849 68 48 We
968 2847 125 50 would
1114 2848 138 49 regard
1272 2849 99 48 their
1393 2850 163 47 authors
1578 2859 44 38 as
1645 2859 71 38 our
1736 2851 119 46 worst

326 2911 179 41 enemies;
523 2908 78 44 and
615 2907 107 45 there
736 2906 32 46 is
783 2915 51 37 no
849 2903 145 49 foreign
1011 2901 208 51 despotism
1227 2901 92 51 that
1326 2903 111 49 could
1451 2913 105 39 come
1569 2905 45 47 to
1631 2913 71 39 our
1715 2912 135 40 rescue,

327 2967 94 35 that
441 2974 54 28 we
515 2961 127 41 would
663 2962 73 40 not
750 2957 185 45 joyously
955 2955 183 47 embrace,
1160 2954 127 48 before
1306 2966 53 36 we
1378 2955 126 47 would
1530 2956 144 46 submit
1701 2957 45 45 to
1775 2963 78 39 any
