2200 3300
354 308 98 44 512
652 309 221 43 History
900 321 64 31 of
990 322 96 31 the
1112 311 164 43 Black
1301 312 252 42 Phalanx.

354 442 84 42 the
464 440 138 49 Sliaw
629 440 171 49 School
827 443 54 46 at
908 441 290 54 Charleston,
1228 442 43 53 S.
1293 442 44 53 C.
1390 442 106 53 And
1523 443 82 54 yet
1633 441 64 56 all
1721 441 133 56 these

355 521 132 30 sums
513 508 105 43 sink
635 508 105 43 into
759 506 344 56 insignificance
1120 508 130 54 when
1269 508 253 54 compared
1539 510 56 52 to
1615 508 114 54 that
1747 521 106 41 con¬

354 575 215 42 tributed
586 575 65 54 by
667 574 84 55 the
775 587 146 42 negro
948 574 195 55 soldiers
1168 577 56 52 to
1243 574 81 55 the
1341 574 207 55 erection
1567 573 53 56 of
1640 587 32 42 a
1688 587 165 42 monu¬

354 644 132 39 ment
502 643 56 40 to
576 641 83 42 the
676 653 213 41 memory
908 640 53 54 of
982 640 244 54 President
1253 640 208 54 Lincoln,
1483 642 56 52 at
1564 641 83 53 the
1672 641 180 55 capitol

353 708 57 42 of
421 708 82 42 the
520 707 195 53 nation;
742 708 246 52 seventeen
1005 706 213 54 hundred
1246 706 52 54 of
1318 706 130 54 them
1474 719 124 42 gave
1617 710 79 51 ten
1716 708 135 53 thou¬

350 775 132 43 sand
506 774 190 44 dollars.
751 772 97 46 But
873 772 65 46 let
964 772 82 46 the
1063 772 163 46 record
1245 772 147 55 speak
1417 772 74 55 for
1508 772 134 55 itself,
1663 773 73 54 for
1753 774 40 53 it
1810 774 40 53 is

356 842 113 54 only
488 854 31 42 a
536 839 204 57 people's
758 838 278 58 patriotism
1053 838 116 58 that
1186 851 89 45 can
1294 839 62 57 do
1376 839 113 57 such
1506 838 185 58 things:

352 926 441 39 CORRESPONDENCE
815 926 98 39 AND
936 926 321 39 STATEMENTS
1280 925 63 40 OF
1364 926 157 39 JAMES
1542 927 43 38 E.
1600 927 246 44 YEATMAN,

440 984 223 47 President
685 991 50 40 of
757 991 76 40 the
856 981 196 50 Western
1074 981 196 50 Sanitary
1292 980 245 51 Commission,
1560 981 202 50 Relative

737 1046 51 25 to
810 1046 76 25 the
909 1036 296 35 Emancipation
1226 1036 240 35 Monument.

1195 1101 92 35 "St.
1304 1101 131 44 Louis,
1448 1102 105 44 April
1567 1103 108 43 26th,
1692 1103 114 43 1865.

353 1147 223 36 "JamesE.
596 1146 196 43 Yeatman,
810 1146 113 43 Esq.:

435 1192 89 33 "My
544 1191 112 34 Dear
683 1190 81 42 Sir;
808 1190 32 42 A
861 1201 99 32 poor
981 1200 117 33 negro
1119 1200 161 33 woman,
1305 1190 44 43 of
1370 1190 192 43 Marietta,
1587 1191 106 43 Ohio,
1718 1202 70 32 one
1808 1193 45 41 of

353 1237 112 34 those
479 1236 112 35 made
610 1235 73 36 free
703 1235 52 41 by
777 1234 197 42 President
995 1234 189 42 Lincoln's
1205 1234 292 45 proclamation,
1520 1245 183 34 proposes
1716 1236 92 43 that
1821 1247 26 32 a

353 1282 225 33 monument
597 1281 45 34 to
662 1278 99 37 their
784 1278 97 37 dead
902 1277 117 38 friend
1041 1279 46 36 be
1100 1278 144 37 erected
1264 1278 52 41 by
1331 1279 65 40 the
1409 1279 150 40 colored
1579 1280 130 42 people
1723 1280 44 42 of
1781 1281 66 41 the

353 1324 139 35 United
513 1323 140 36 States.
696 1322 71 37 She
789 1323 70 36 has
881 1322 151 37 handed
1052 1324 45 35 to
1113 1332 25 27 a
1152 1332 137 32 person
1303 1322 39 42 in
1363 1322 182 42 Marietta
1559 1323 71 41 five
1645 1323 141 41 dollars
1801 1334 45 30 as

353 1369 67 33 her
432 1367 262 35 contribution
715 1366 59 36 for
788 1367 66 35 the
874 1375 174 33 purpose.
1093 1365 96 43 Such
1205 1376 25 32 a
1244 1369 222 39 monument
1480 1367 123 41 would
1624 1367 98 41 have
1736 1378 25 30 a
1775 1368 71 40 his¬

352 1419 93 34 tory
466 1421 105 32 more
589 1410 126 43 grand
742 1410 78 43 and
848 1410 184 43 touching
1052 1410 98 43 than
1171 1420 78 33 any
1271 1410 43 43 of
1335 1411 115 42 which
1473 1421 52 32 we
1551 1410 98 43 have
1670 1414 173 39 account.

353 1455 139 35 Would
511 1455 34 35 it
558 1457 72 33 not
650 1455 46 35 be
709 1455 79 35 well
808 1456 45 34 to
868 1454 93 36 take
974 1463 51 33 up
1046 1454 79 42 this
1140 1454 222 42 suggestion
1377 1454 77 42 and
1473 1454 112 42 make
1598 1454 33 42 it
1650 1454 137 42 known
1800 1458 44 38 to

352 1500 67 34 the
432 1498 208 36 freedmen?

513 1542 156 34 "Yours
681 1541 116 42 truly,
1446 1541 42 42 T.
1512 1540 36 43 C.
1571 1541 49 42 H.
1643 1541 161 42 Smith."

451 1604 86 46 Mr.
557 1607 238 43 Yeatman
814 1619 134 41 says:

434 1685 70 34 "In
511 1684 232 43 compliance
750 1684 90 43 with
850 1682 156 45 General
1014 1681 156 46 Smith's
1178 1682 221 45 suggestion
1406 1682 20 45 I
1439 1682 196 45 published
1650 1683 57 44 his
1721 1684 121 43 letter,

352 1740 92 35 with
459 1750 25 25 a
497 1739 102 42 card,
617 1738 150 43 stating
779 1738 92 43 that
886 1748 77 33 any
972 1737 163 44 desiring
1148 1739 44 42 to
1207 1737 216 44 contribute
1437 1740 45 41 to
1498 1748 25 33 a
1536 1738 91 43 fund
1642 1738 58 43 for
1714 1739 90 42 such
1820 1750 25 31 a

351 1805 174 33 purpose,
542 1794 92 44 that
647 1793 66 45 the
727 1792 169 46 Western
911 1791 182 47 Sanitary
1109 1791 248 47 Commission
1371 1791 124 47 would
1510 1793 138 45 receive
1662 1794 66 44 the
1741 1804 104 34 same

351 1850 79 34 and
451 1859 58 25 see
523 1849 92 35 that
635 1848 33 36 it
684 1857 77 27 was
777 1846 227 43 judiciously
1021 1845 276 44 appropriated
1318 1856 44 33 as
1377 1846 188 43 intended.
1609 1847 45 42 In
1668 1858 177 33 response

349 1907 47 31 to
416 1904 60 34 his
496 1902 321 36 communication
837 1901 131 37 liberal
988 1900 283 38 contributions
1286 1911 91 27 were
1398 1901 163 37 received
1582 1902 97 36 from
1694 1903 150 35 colored

349 1959 160 34 soldiers
522 1958 119 35 under
660 1957 66 36 the
746 1955 203 38 command
970 1955 43 38 of
1031 1954 156 39 General
1200 1955 37 38 J.
1253 1955 56 38 W.
1326 1954 207 44 Davidson,
1557 1956 287 44 head-quarters

353 2015 44 32 at
410 2013 174 40 Natchez,
601 2012 114 41 Miss.,
733 2011 229 42 amounting
975 2010 39 43 in
1030 2010 51 43 all
1094 2012 44 41 to
1156 2009 180 44 $12,150.
1380 2010 90 43 This
1485 2021 78 32 was
1578 2011 266 44 subsequently

350 2067 192 34 increased
557 2067 96 34 from
667 2066 110 35 other
792 2075 150 26 sources
957 2067 44 34 to
1018 2063 181 43 $16,242.

1057 2142 22 17 "
1089 2142 221 42 Marietta,
1328 2142 107 42 Ohio,
1453 2142 97 42 June
1565 2143 107 42 29th,
1690 2143 113 42 1865.

351 2199 102 34 "Mr.
468 2199 134 34 James
614 2197 43 36 E.
677 2197 195 43 Yeatman,
896 2197 198 43 President
1121 2196 163 44 Western
1306 2196 186 44 Sanitary
1513 2196 257 45 Commission,
1785 2198 58 43 St.

509 2242 138 33 Louis:

432 2297 95 33 "My
554 2297 112 33 Dear
692 2297 81 34 Sir:
822 2297 19 34 I
868 2297 98 34 have
992 2297 161 41 learned,
1183 2296 90 42 with
1301 2297 66 41 the
1394 2298 171 41 greatest
1591 2297 250 42 satisfaction,

348 2341 173 42 through
548 2340 365 43 Brigadier-General
941 2340 42 43 T.
1006 2340 35 43 C.
1066 2341 48 42 H.
1138 2340 122 43 Smith
1282 2340 78 43 and
1386 2341 67 42 the
1479 2341 124 42 public
1630 2351 103 32 press
1753 2342 92 41 that

348 2395 82 31 you
444 2395 65 31 are
522 2385 288 41 devotingyour
823 2385 111 41 noble
949 2385 162 42 energies
1127 2385 38 42 in
1180 2384 132 43 giving
1325 2387 93 40 tone
1432 2383 78 44 and
1525 2384 181 43 direction
1721 2387 43 40 to
1779 2385 65 42 the

351 2428 196 34 collection
562 2428 77 38 and
654 2428 293 42 appropriation
962 2428 43 42 of
1017 2439 24 31 a
1048 2428 91 42 fund
1154 2428 59 42 for
1227 2428 66 42 the
1307 2428 164 42 erection
1480 2428 42 42 of
1532 2429 64 41 the
1610 2428 233 42 Freedmen's

350 2472 183 34 National
548 2472 233 42 Monument,
796 2472 40 42 in
849 2472 125 42 honor
989 2473 78 41 and
1081 2481 170 33 memory
1260 2471 43 43 of
1313 2472 66 42 the
1392 2471 218 43 benefactor
1623 2472 78 42 and
1714 2472 130 42 savior

353 2516 43 34 of
410 2516 99 34 their
522 2526 95 24 race.

433 2560 21 16 "
464 2560 77 33 The
555 2559 150 42 general
725 2560 83 41 also
829 2559 157 42 informs
1001 2570 58 31 me
1081 2560 92 41 that
1192 2569 78 32 you
1294 2559 127 42 desire,
1439 2559 78 42 and
1537 2559 98 42 have
1647 2559 196 43 requested

347 2605 174 41 through
535 2604 78 42 him
626 2604 93 42 that
731 2603 66 43 the
811 2603 72 43 five
898 2603 141 43 dollars
1056 2603 194 43 deposited
1267 2603 90 43 with
1371 2603 66 43 the
1451 2603 89 43 Rev.
1550 2603 36 43 C.
1603 2603 49 43 H.
1668 2603 174 43 Battelle,

352 2648 44 33 of
403 2648 78 34 this
495 2648 90 40 city,
600 2647 52 41 by
667 2646 195 42 Charlotte
876 2646 121 42 Scott,
1015 2647 136 41 should
1165 2647 46 41 be
1225 2647 91 41 used
1332 2656 44 32 as
1390 2647 66 41 the
1471 2647 167 42 original
1648 2647 80 42 and
1739 2648 106 41 foun¬

352 2692 135 33 dation
502 2691 254 41 subscription
778 2691 59 41 for
857 2690 78 42 this
949 2692 105 40 most
1074 2690 275 42 praiseworthy
1364 2700 181 33 purpose;
1569 2691 79 42 and
1667 2691 69 42 Mr.
1753 2691 91 42 Bat¬

346 2736 90 33 telle
457 2745 150 24 assures
628 2744 58 25 me
705 2734 92 35 that
816 2734 46 35 he
876 2734 72 35 will
968 2736 105 33 most
1093 2734 196 41 cheerfully
1310 2734 113 41 remit
1442 2735 33 40 it
1495 2738 44 37 to
1554 2745 79 31 you
1653 2735 79 41 this
1753 2735 89 41 day.

350 2780 53 33 As
418 2789 25 24 a
457 2778 248 35 slave-holder
726 2778 52 40 by
790 2777 241 41 inheritance,
1048 2777 77 41 and
1145 2787 52 32 up
1211 2780 45 39 to
1272 2787 25 32 a
1310 2777 131 42 period
1463 2778 98 41 after
1574 2779 66 40 the
1654 2779 189 40 outbreak

352 2823 43 33 of
410 2823 65 33 the
495 2821 187 41 rebellion,
699 2820 78 42 and
798 2831 44 31 as
863 2831 52 31 an
935 2821 138 41 ardent
1093 2820 163 42 admirer
1278 2821 42 41 of
1337 2830 70 32 our
1428 2821 190 41 lamented
1639 2823 202 41 president,

350 2867 67 32 the
430 2866 144 34 author
588 2865 43 35 of
646 2864 191 36 universal
856 2864 281 41 emancipation
1150 2864 39 41 in
1203 2864 181 41 America,
1401 2864 19 41 I
1440 2865 66 40 feel
1527 2875 50 30 an
1592 2866 251 39 enthusiastic

350 2909 158 34 interest
520 2909 40 34 in
573 2909 66 34 the
652 2917 143 26 success
809 2907 44 36 of
866 2908 66 35 the
946 2907 234 36 Freedmen's
1193 2907 182 36 National
1390 2907 232 36 Monument.
1666 2909 18 34 I
1699 2910 98 43 hope
1810 2911 33 42 it

346 2962 96 32 may
456 2952 117 42 stand
587 2950 222 44 unequalled
823 2950 77 44 and
914 2950 208 44 unrivalled
1136 2950 39 44 in
1189 2950 190 44 grandeur
1394 2952 78 42 and
1485 2952 275 43 magnificence.
1804 2954 39 41 It
