2199 3299
964 279 247 43 Preface.

316 418 133 36 search
464 417 79 37 and
558 415 211 46 appeal,—I
782 426 73 35 can
866 414 75 47 but
954 412 71 49 feel
1032 410 94 51 that
1138 409 35 52 it
1185 407 74 54 has
1273 403 93 58 been
1378 395 242 66 thoroughly
1634 393 112 68 done.
1769 390 83 71 The

317 474 126 45 public
462 473 174 46 libraries
658 472 43 47 of
723 471 66 48 the
810 469 105 50 cities
937 467 43 52 of
1001 466 164 53 Boston,
1194 454 224 65 Cincinnati,
1447 452 86 67 New
1560 447 181 72 Bedford,
1763 445 88 74 New

317 530 118 42 York,
451 529 68 43 the
538 527 93 45 War
651 525 252 47 Department
931 524 45 48 at
1001 517 271 55 Washington,
1302 508 79 64 and
1400 507 68 65 the
1493 504 157 68 private
1677 499 175 73 libraries

318 587 44 33 of
379 584 145 36 several
539 582 166 38 eminent
719 580 162 40 citizens,
897 577 99 43 have
1012 574 98 46 alike
1122 571 93 49 been
1230 566 113 54 made
1357 572 68 48 use
1438 560 42 60 of
1496 560 53 60 by
1564 568 71 52 me.

399 641 40 33 It
460 637 145 37 seemed
626 645 150 34 proper,
800 634 95 45 also,
919 631 92 48 that
1031 628 66 51 the
1118 630 171 49 memory
1312 618 44 61 of
1372 626 72 53 our
1463 612 230 67 forefathers
1713 606 142 73 should

319 698 74 32 not
420 696 46 34 be
494 692 158 38 allowed
679 693 45 37 to
752 688 145 42 remain
924 686 40 44 in
991 684 132 46 longer
1145 675 217 55 obscurity;
1384 672 93 58 that
1497 669 35 61 it
1553 677 80 53 was
1654 664 135 66 fitting
1807 664 47 66 to

320 751 114 34 recall
456 749 99 36 their
575 746 111 39 deeds
710 744 43 41 of
768 742 176 43 heroism,
966 739 93 46 that
1088 735 52 50 all
1166 731 126 54 might
1320 729 112 56 know
1460 725 68 60 the
1548 720 187 65 sacrifices
1761 716 96 69 they

322 806 112 33 made
447 805 60 34 for
519 803 67 36 the
599 801 167 38 freedom
779 796 99 43 their
900 792 250 47 descendants
1171 796 93 43 were
1286 794 44 45 so
1351 783 95 56 long
1468 777 132 62 denied
1614 778 100 61 from
1729 773 130 66 enjoy¬

322 861 77 41 ing.
442 859 45 43 In
500 857 207 45 gathering
719 852 179 50 together
912 849 66 53 the
992 842 192 60 scattered
1212 841 99 61 facts
1339 837 169 65 relating
1527 836 45 66 to
1595 832 67 70 the
1682 827 176 75 negroe's

323 913 277 45 participation
614 912 39 46 in
666 910 67 48 the
747 917 98 41 wars
869 904 42 54 of
927 901 104 57 1775
1054 897 78 61 and
1154 897 118 61 1812,
1296 892 212 66 difficulties
1530 885 187 73 well-nigh
1738 883 123 75 insur¬

324 968 227 35 mountable
569 967 100 36 have
688 965 92 38 been
797 967 223 36 over-come,
1038 955 78 48 and
1136 954 34 49 it
1190 953 73 50 has
1283 950 94 53 been
1399 947 92 56 only
1511 941 174 62 through
1706 939 155 64 patient

332 1025 79 34 and
424 1022 207 44 persistent
650 1019 113 47 effort
782 1016 95 50 that
896 1013 20 53 I
938 1013 99 53 have
1058 1010 93 56 been
1173 1007 86 59 able
1278 1008 45 58 to
1338 1011 161 55 prepare
1512 1000 67 66 the
1600 998 181 68 chapters
1802 994 60 72 de¬

325 1079 118 35 voted
465 1081 46 33 to
531 1077 67 37 the
611 1074 106 41 early
730 1081 100 34 wars
845 1070 44 45 of
903 1068 69 47 the
983 1064 142 51 United
1140 1063 143 52 States.

406 1131 258 43 Descriptions
679 1128 44 46 of
738 1138 28 36 a
778 1125 161 49 number
954 1122 45 52 of
1013 1121 68 53 the
1099 1118 148 56 battles
1266 1116 40 58 in
1327 1113 119 61 which
1466 1121 120 53 negro
1607 1111 141 63 troops
1762 1104 102 70 took

326 1191 95 41 part
433 1188 40 44 in
486 1187 67 45 the
565 1186 82 46 late
659 1193 81 39 war
761 1181 44 51 of
820 1180 68 52 the
907 1177 207 55 Rebellion,
1130 1183 67 49 are
1215 1172 114 60 given
1349 1172 46 60 to
1416 1168 74 64 call
1510 1164 200 68 attention
1730 1164 46 68 to
1797 1160 68 72 the

328 1241 258 43 unsurpassed
598 1247 168 37 carnage
785 1234 118 50 which
927 1230 189 54 occurred,
1140 1229 79 55 and
1239 1229 46 55 to
1305 1225 89 59 give
1413 1224 106 60 them
1540 1229 143 55 proper
1702 1218 109 66 place
1823 1216 42 68 in

328 1299 67 34 the
409 1296 111 37 war's
535 1295 153 38 history
701 1291 134 42 rather
849 1290 100 43 than
964 1290 45 43 to
1024 1286 155 47 present
1192 1294 26 39 a
1231 1280 146 53 critical
1392 1279 168 54 account
1573 1276 45 57 of
1626 1275 67 58 the
1706 1272 160 61 battles.

330 1354 67 41 My
416 1352 78 43 aim
515 1351 72 44 has
607 1349 94 46 been
722 1350 44 45 to
789 1345 108 50 write
916 1344 41 51 in
977 1343 68 52 the
1065 1340 113 55 spirit
1192 1337 118 58 which
1324 1333 174 62 impelled
1506 1332 68 63 the
1586 1330 160 65 soldiers
1754 1330 46 65 to
1813 1337 55 58 go

329 1408 105 35 forth
448 1409 46 34 to
509 1404 137 42 battle,
656 1402 79 44 and
749 1404 45 42 to
809 1410 148 36 reverse
971 1399 66 47 the
1052 1397 185 49 accounts
1252 1392 112 54 given
1378 1391 40 55 in
1433 1389 68 57 the
1513 1386 168 60 popular
1688 1383 181 63 histories

331 1463 118 34 which
465 1461 145 36 ascribe
622 1462 46 35 to
682 1458 68 39 the
756 1455 174 44 generals
945 1454 77 45 and
1032 1451 166 48 colonels
1213 1449 85 50 who
1312 1443 265 56 commanded,
1587 1440 154 59 instead
1750 1440 45 59 of
1803 1438 68 61 the

333 1518 158 35 soldiers
512 1516 84 37 who
611 1514 66 39 did
696 1514 68 39 the
784 1512 179 42 fighting,
986 1509 153 45 victory
1160 1516 46 38 or
1227 1503 137 51 defeat.
1409 1501 24 53 "
1443 1499 79 55 The
1541 1500 141 54 troops
1703 1494 85 60 who
1816 1493 53 61 do

333 1575 106 33 what
459 1582 73 26 can
553 1570 145 38 neither
711 1570 48 38 be
779 1566 182 44 expected
980 1575 73 35 nor
1067 1560 184 50 required,
1269 1568 65 42 are
1347 1557 68 53 the
1430 1565 92 45 ones
1536 1552 120 58 which
1670 1561 67 49 are
1749 1550 123 60 victo¬

333 1630 118 34 rious.
493 1628 81 36 The
595 1637 96 31 men,
714 1625 96 43 who,
833 1622 102 46 tired
956 1619 78 49 and
1055 1628 106 40 worn
1183 1615 78 53 and
1282 1614 153 54 hungry
1457 1610 79 58 and
1556 1605 226 63 exhausted,
1803 1606 70 62 yet

335 1685 100 45 push
461 1684 85 46 into
568 1682 137 48 battle,
730 1690 65 40 are
816 1679 114 51 those
952 1676 83 54 who
1057 1674 84 56 win.
1184 1671 106 59 They
1311 1669 84 61 who
1416 1665 143 65 persist
1579 1663 160 67 against
1760 1660 111 70 odds,

338 1741 158 42 against
511 1738 201 45 obstacles,
731 1735 158 48 against
903 1732 110 51 hope,
1024 1730 84 53 who
1123 1725 160 58 proceed
1298 1735 45 48 or
1356 1722 94 61 hold
1465 1724 73 59 out
1551 1717 246 66 reasonably,
1808 1725 66 58 are

337 1797 67 34 the
417 1792 269 45 conquerors,"
703 1801 92 36 says
817 1789 90 48 Gen.
925 1784 157 53 Grant's
1096 1781 204 56 historian.
1323 1778 106 59 With
1444 1787 52 50 no
1511 1776 122 61 desire
1648 1775 43 62 of
1707 1773 169 64 detract¬

338 1852 69 42 ing
418 1852 99 42 from
531 1849 67 45 the
618 1842 335 52 commanders—if
971 1841 18 53 I
1003 1849 93 45 were
1118 1836 192 58 able—the
1330 1834 128 60 honor
1479 1832 73 62 due
1571 1831 119 63 them,
1708 1839 66 55 my
1796 1827 80 67 aim

340 1907 33 35 is
387 1909 44 33 to
447 1904 119 38 credit
580 1903 65 39 the
661 1900 156 42 soldiers
833 1898 90 44 with
939 1896 193 46 whatever
1152 1891 166 51 heroism
1332 1889 93 53 they
1440 1898 93 44 may
1547 1886 100 56 have
1663 1883 211 59 displayed.

422 1960 19 33 I
456 1956 263 42 acknowledge
733 1956 33 42 it
780 1954 72 44 has
866 1953 92 45 been
975 1960 25 38 a
1020 1949 113 49 labor
1155 1946 42 52 of
1213 1946 87 52 love
1320 1946 45 52 to
1387 1943 101 55 fight
1508 1951 118 47 many
1649 1941 44 57 of
1708 1940 67 58 the
1789 1939 89 59 bat¬

343 2016 72 33 tles
437 2014 43 35 of
496 2013 65 36 the
582 2021 78 28 war
682 2010 43 39 of
740 2009 66 40 the
826 2006 179 43 rebellion
1029 2013 90 36 over
1141 2000 129 49 again,
1293 2001 73 48 not
1387 1998 160 51 because
1569 1996 44 53 of
1629 2006 26 43 a
1675 1994 114 55 relish
1817 1993 61 56 for

344 2069 120 34 blood
485 2067 78 36 and
583 2066 67 37 the
671 2062 236 41 destruction
930 2060 42 43 of
994 2059 145 44 human
1161 2055 71 48 life,
1254 2054 75 49 but
1349 2053 60 50 for
1435 2052 67 51 the
1529 2050 200 53 memories
1751 2049 44 54 of
1810 2048 68 55 the

345 2127 111 40 past;
473 2123 44 44 of
525 2122 66 45 the
611 2119 179 48 bondage
812 2117 43 50 of
872 2126 25 41 a
916 2123 87 44 race
1025 2111 77 56 and
1123 2110 52 57 its
1197 2107 172 60 struggle
1383 2107 59 60 for
1456 2105 178 62 freedom,
1652 2103 227 64 awakening

346 2190 47 24 as
406 2179 93 41 they
513 2177 51 43 do
578 2176 68 44 the
657 2174 148 46 intense
822 2171 88 49 love
931 2168 42 52 of
989 2168 167 52 country
1177 2163 78 57 and
1275 2162 152 58 liberty,
1444 2159 92 61 such
1557 2168 45 52 as
1618 2167 72 53 one
1704 2157 84 63 who
1804 2157 74 63 has

346 2235 93 33 been
455 2232 165 36 without
633 2229 118 39 either
764 2226 97 42 feels,
877 2224 106 44 when
995 2221 100 47 both
1109 2219 99 49 have
1222 2218 92 50 been
1329 2214 153 54 secured
1496 2214 53 54 by
1562 2212 128 56 heroic
1703 2210 125 58 effort.

429 2289 58 33 To
508 2287 114 35 those
641 2283 85 39 who
746 2282 100 40 have
864 2276 214 46 responded
1090 2276 45 46 to
1150 2283 67 39 my
1232 2269 138 53 appeal
1383 2269 60 53 for
1456 2267 253 55 information
1724 2267 156 55 regard¬

349 2345 68 41 ing
429 2343 67 43 the
510 2349 117 37 negro
641 2337 149 49 soldier,
805 2335 20 51 I
839 2335 100 51 have
952 2331 125 55 aimed
1090 2332 46 54 to
1150 2327 88 59 give
1250 2325 68 61 full
1331 2323 138 63 credit;
1484 2322 33 64 if
1532 2331 80 55 any
1632 2331 67 55 are
1712 2320 168 66 omitted

350 2400 34 34 it
397 2400 33 34 is
444 2399 73 35 not
530 2389 271 45 intentionally
815 2390 109 44 done.
967 2386 58 48 To
1040 2394 51 40 no
1107 2392 72 42 one
1193 2391 65 43 am
1271 2379 21 55 I
1305 2387 107 47 more
1424 2376 181 58 indebted
1618 2375 61 59 for
1692 2374 189 60 assisting

351 2455 41 33 in
411 2451 201 40 collecting
631 2449 108 42 data,
762 2445 100 46 than
881 2445 46 46 to
947 2441 64 50 Lt.
1026 2439 41 52 J.
1079 2437 51 54 M.
1146 2437 169 54 Trotter,
1340 2434 45 57 of
1398 2432 68 59 the
1488 2430 96 61 55th
1612 2428 118 63 Mass.
1751 2427 126 64 Reg't.

352 2519 74 24 nor
440 2518 65 25 am
524 2506 21 37 I
565 2500 211 43 unmindful
797 2499 44 44 of
855 2498 67 45 the
941 2495 179 48 kindness
1142 2491 44 52 of
1200 2490 103 53 Hon.
1318 2487 149 56 Robert
1479 2484 171 59 Lincoln,
1666 2483 81 60 late
1759 2482 122 61 Secre¬

352 2567 96 38 tary
461 2562 46 43 of
520 2561 103 44 War,
639 2567 73 38 nor
725 2555 93 50 that
831 2553 45 52 of
890 2552 76 53 Col.
982 2550 132 55 James
1127 2546 44 59 D.
1187 2544 144 61 Brady,
1347 2540 167 65 member
1528 2539 44 66 of
1581 2537 185 68 Congress
1778 2539 101 66 from

354 2617 183 44 Virginia,
552 2615 61 46 for
626 2611 125 50 copies
766 2610 45 51 of
824 2607 127 54 public
963 2603 170 58 records;
1149 2604 45 57 to
1209 2599 76 62 Col.
1301 2598 50 63 H.
1368 2595 37 66 C.
1421 2594 151 67 Corbin,
1587 2593 61 68 for
1667 2592 68 69 the
1747 2596 133 65 record

356 2674 46 34 of
415 2674 68 34 the
503 2670 97 38 14th
621 2668 123 41 Regt.;
767 2664 78 45 and
864 2665 46 44 to
931 2660 77 49 Col.
1024 2659 43 50 D.
1091 2658 191 51 Torrance
1301 2653 62 56 for
1381 2651 94 58 that
1495 2650 46 59 of
1555 2648 67 61 the
1641 2646 99 63 29th
1754 2647 125 62 Reg't.

356 2730 118 38 Qonn.
515 2726 21 42 I
557 2735 64 33 am
643 2722 83 46 also
746 2716 179 52 indebted
944 2719 46 49 to
1011 2713 89 55 Maj.
1118 2711 89 57 Gen.
1224 2709 95 59 Wm.
1335 2707 167 61 Mahone
1521 2705 62 63 for
1602 2712 27 56 a
1649 2711 92 57 map
1755 2703 46 65 of
1815 2704 68 64 the

358 2785 166 34 defences
553 2780 43 39 of
625 2775 242 44 Petersburg,
897 2771 171 48 showing
1093 2767 68 52 the
1186 2767 145 52 crater;
1361 2764 45 55 to
1434 2761 67 58 the
1527 2756 188 63 librarian
1743 2756 46 63 of
1815 2758 69 61 the

342 2841 156 43 .Young
524 2833 119 51 Men's
670 2828 218 56 Mercantile
914 2826 176 58 Library,
1121 2821 44 63 of
1192 2817 222 67 Cincinnati,
1442 2815 62 69 for
1536 2813 67 71 the
1636 2821 67 63 use
1731 2811 46 73 of
1803 2811 80 73 Col.

361 2892 164 38 Albert's
539 2887 139 43 carved
691 2895 91 35 map
798 2883 44 47 of
857 2882 99 48 Fort
968 2879 176 51 Wagner,
1161 2875 78 55 and
1251 2876 46 54 to
1311 2871 78 59 Col.
1404 2869 104 61 G.M.
1524 2866 145 64 Arnold
1684 2866 80 64 and
1778 2865 107 65 Hon.

362 2949 144 44 Joseph
521 2946 211 47 Jergenson
746 2940 59 53 for
818 2937 125 56 copies
958 2934 43 59 of
1015 2929 199 64 historical
1226 2936 156 57 papers;
1399 2925 83 68 also
1496 2925 47 68 to
1558 2923 104 70 Hon.
1677 2919 160 74 Libbey.

1550 2976 48 45 J.
1626 2977 56 44 T.
1709 2975 74 46 W.
