2200 3300
316 302 95 43 298

614 307 222 43 History
862 319 64 31 of
952 318 97 32 the
1075 307 164 43 Black
1264 306 252 44 Phalanx.

313 438 186 36 incidents
515 438 72 36 will
601 439 165 36 indicate
780 440 66 35 the
860 439 235 43 significance
1109 437 44 45 of
1167 437 67 45 the
1248 438 88 44 day.
1372 435 91 47 Just
1476 434 128 48 before
1617 432 120 50 going
1750 431 88 51 into

315 495 67 35 the
401 495 109 43 fight,
536 493 230 45 Lieutenant
789 491 209 47 Keinborts
1019 493 85 45 said
1123 495 45 43 to
1190 492 58 46 his
1269 500 102 38 men:
1415 490 133 48 'Boys,
1573 497 105 41 some
1699 487 44 51 of
1757 496 82 42 you

317 561 91 32 may
421 551 46 42 be
480 551 122 42 killed,
622 551 72 42 but
710 550 203 43 remember
926 559 79 34 you
1020 558 65 35 are
1099 546 164 47 fighting
1276 547 59 46 for
1355 544 161 49 liberty.'
1559 542 132 51 Henry
1706 541 134 52 Prince

316 607 175 42 replied,'
501 607 18 42 I
536 617 63 32 am
615 606 117 43 ready
748 608 44 41 to
809 605 58 44 die
881 605 59 44 for
953 603 162 46 liberty.'
1157 602 46 47 In
1223 602 125 47 fifteen
1369 600 163 49 minutes
1546 598 47 51 he
1605 597 66 52 lay
1687 595 152 54 dead,—

316 671 28 24 a
356 662 79 34 rifle
449 662 78 34 ball
541 662 171 41 through
728 661 59 42 his
802 661 192 42 heart,—a
1007 658 138 45 willing
1158 659 162 44 martyr.

399 716 21 17 "
428 717 145 43 During
587 717 66 43 the
668 717 251 43 engagement
942 711 156 49 General
1120 711 208 49 Steadman
1351 708 116 52 asked
1480 708 59 52 his
1553 706 104 54 Aide,
1674 705 164 55 Captain

316 770 129 44 Davis,
461 774 44 40 to
520 772 92 42 look
627 771 197 43 especially
842 770 98 44 after
960 769 66 45 the
1047 767 97 47 14th
1165 766 161 48 colored.
1370 763 164 51 Captain
1546 762 120 52 Davis
1680 760 92 54 rode
1785 770 52 44 up

325 825 83 43 just
423 836 44 32 as
482 826 18 42 I
514 837 78 31 was
608 826 143 43 quietly
773 825 200 44 rectifying
994 834 64 35 my
1079 823 82 46 line,
1179 820 117 49 which
1316 820 40 49 in
1377 829 26 40 a
1415 819 140 50 charge
1568 815 78 54 had
1660 816 92 53 been
1766 815 72 54 dis¬

318 881 200 42 arranged.
562 881 164 42 Putting
748 890 111 33 spurs
880 882 45 41 to
947 879 59 44 his
1027 878 122 45 horse,
1172 877 46 46 he
1240 874 142 49 dashed
1402 873 100 50 back
1521 872 45 51 to
1594 872 66 51 the
1681 870 157 53 General

317 935 80 34 and
416 935 197 34 reassured
635 936 78 33 him
729 935 51 42 by
801 934 199 43 reporting
1020 933 92 44 that
1135 933 7 44 '
1154 931 65 46 the
1238 930 185 47 regiment
1443 938 78 39 was
1548 926 158 51 holding
1733 925 104 52 dress

318 990 144 42 parade
477 1000 91 32 over
581 991 106 41 there
701 990 119 42 under
834 988 90 44 fire.'
970 989 103 43 After
1093 987 66 45 the
1179 986 108 46 fight,
1305 995 44 37 as
1370 994 53 38 we
1443 982 177 50 marched
1633 981 84 51 into
1732 983 105 49 town

317 1044 171 42 through
503 1055 26 31 a
541 1045 166 42 pouring
727 1044 96 43 rain,
841 1054 26 33 a
887 1044 112 43 white
1019 1043 184 44 regiment
1226 1040 184 47 standing
1430 1041 45 46 at
1488 1040 89 47 rest,
1595 1046 131 41 swung
1738 1035 99 52 their

317 1098 93 34 hats
425 1099 77 33 and
516 1109 99 32 gave
628 1099 106 42 three
748 1099 157 42 rousing
919 1098 124 43 cheers
1057 1098 60 43 for
1130 1097 66 44 the
1211 1095 96 46 14th
1329 1093 167 48 Colored.
1540 1092 75 49 Col.
1633 1090 203 51 Streight's

317 1154 205 33 command
536 1164 78 23 was
629 1164 43 23 so
694 1153 152 43 pleased
866 1153 91 43 with
978 1153 66 43 the
1064 1152 197 44 gallantry
1284 1151 43 45 of
1343 1160 71 36 our
1434 1159 85 37 men
1539 1148 93 48 that
1651 1157 117 39 many
1784 1145 44 51 of

318 1207 53 34 its
386 1208 183 34 members
584 1218 51 24 on
648 1208 114 43 being
775 1208 128 43 asked,
928 1208 9 43 '
950 1207 115 44 What
1085 1207 183 44 regiment
1276 1205 36 46 ?'
1341 1202 359 49 frequentlyreplied,
1725 1202 9 49 '
1744 1200 92 51 51st

319 1260 182 36 Colored.'

402 1314 176 45 "During
597 1317 67 42 the
684 1317 138 42 month
844 1317 43 42 of
901 1316 152 44 August
1073 1327 53 33 we
1145 1316 77 44 had
1238 1326 105 34 some
1356 1325 91 35 very
1461 1314 98 46 hard
1573 1313 207 47 marching,
1796 1312 40 48 in

319 1380 28 25 a
360 1370 92 35 vain
466 1371 113 35 effort
592 1374 45 32 to
652 1372 99 34 have
766 1372 163 34 another
943 1372 117 34 brush
1075 1372 91 34 with
1182 1371 194 35 Wheeler's
1390 1371 168 41 cavalry.

403 1425 103 35 "The
525 1436 93 24 corn
637 1427 41 33 in
698 1426 99 35 East
817 1427 203 34 Tennessee
1041 1437 77 24 was
1139 1426 39 35 in
1205 1427 105 42 good
1330 1426 125 43 plight
1475 1425 59 44 for
1553 1424 188 45 roasting,
1759 1423 78 46 and

319 1490 75 25 our
407 1490 86 25 men
507 1481 150 34 showed
671 1484 112 40 great
796 1481 144 43 facility
953 1481 40 43 in
1006 1481 176 43 cooking,
1199 1482 77 42 and
1297 1481 216 43 marvelous
1533 1480 177 44 capacity
1724 1480 39 44 in
1778 1480 60 44 de¬

321 1536 166 42 vouring
506 1535 44 43 it.
593 1536 78 42 Ten
691 1537 106 42 large
817 1546 85 33 ears
923 1547 91 32 were
1034 1538 73 41 not
1126 1538 71 41 too
1219 1536 111 43 much
1351 1536 59 43 for
1430 1546 117 33 many
1563 1536 43 43 of
1620 1535 116 44 them.
1780 1534 58 45 On

320 1590 194 43 resuming
529 1601 70 32 our
613 1591 131 42 march
760 1601 71 32 one
845 1591 88 43 day,
950 1591 98 43 after
1061 1591 65 43 the
1140 1601 104 33 noon
1259 1592 95 42 halt,
1366 1601 70 33 one
1450 1591 43 43 of
1502 1590 65 44 the
1581 1591 157 43 soldiers
1753 1590 85 44 said

321 1644 48 34 he
388 1655 79 24 was
488 1645 138 35 unable
646 1647 45 33 to
712 1646 110 42 walk,
845 1646 78 42 and
944 1646 117 42 asked
1081 1646 222 43 permission
1324 1648 45 41 to
1390 1646 79 43 ride
1482 1646 38 43 in
1536 1656 50 33 an
1602 1646 234 43 ambulance.

322 1699 75 35 His
415 1700 197 34 comrades
634 1700 169 34 declared
824 1701 102 42 that,
950 1701 144 42 having
1115 1701 156 42 already
1291 1703 112 40 eaten
1423 1701 133 42 twelve
1575 1711 85 32 ears
1675 1700 43 43 of
1733 1711 105 33 corn,

323 1754 78 35 and
415 1754 146 43 finding
574 1755 150 42 himself
739 1755 138 42 unable
896 1757 45 40 to
963 1755 110 42 finish
1094 1754 65 43 the
1173 1755 221 44 thirteenth,
1410 1755 46 44 he
1469 1755 204 44 concluded
1688 1755 91 44 that
1792 1755 47 44 he

322 1811 107 32 must
443 1809 45 34 be
503 1809 88 43 sick,
609 1810 78 42 and
700 1810 99 42 unfit
813 1810 58 42 for
886 1810 107 42 duty.

405 1864 22 16 "
437 1864 180 43 Pulaski,
641 1864 381 43 Tenn.—September
1041 1865 109 43 27th,
1174 1865 115 43 1864,
1311 1865 21 43 I
1351 1864 178 44 reported
1549 1866 45 42 to
1609 1864 231 44 Major-Gen-

321 1919 81 33 eral
415 1918 209 43 Rousseau,
641 1919 270 43 commanding
925 1930 26 32 a
969 1919 100 43 force
1090 1920 44 42 of
1148 1920 157 42 cavalry
1320 1922 46 40 at
1379 1920 167 43 Pulaski,
1564 1920 114 43 Tenn.
1721 1919 52 44 As
1788 1930 52 33 we

324 1973 242 43 approached
587 1974 66 42 the
672 1976 106 40 town
798 1973 52 43 by
870 1974 72 42 rail
962 1974 99 42 from
1088 1973 201 44 Nashville,
1312 1985 53 32 we
1391 1975 118 42 heard
1538 1975 180 42 artillery,
1747 1975 93 42 then

323 2028 209 42 musketry,
550 2028 77 42 and
655 2038 45 32 as
727 2038 52 32 we
804 2028 68 42 left
891 2029 66 41 the
977 2039 85 31 cars
1082 2039 54 31 we
1155 2039 78 31 saw
1253 2030 66 40 the
1333 2030 131 40 smoke
1479 2030 43 40 of
1537 2040 109 32 guns.
1689 2029 148 44 Forest,

322 2082 93 34 with
430 2093 26 23 a
468 2083 106 42 large
587 2083 105 42 body
707 2083 44 42 of
765 2083 169 42 cavalry,
950 2083 79 42 had
1049 2084 91 41 been
1162 2084 163 42 steadily
1340 2084 151 43 driving
1504 2084 197 43 Rousseau
1714 2084 126 43 before

322 2137 80 33 him
423 2137 52 33 all
496 2137 88 42 day,
601 2138 78 41 and
699 2148 78 31 was
800 2138 223 43 destroying
1042 2139 66 42 the
1135 2139 182 42 railroad.
1360 2139 164 43 Finding
1543 2139 67 43 the
1631 2139 166 43 General,
1819 2138 21 44 I

323 2191 103 34 said:
471 2191 37 34 'I
530 2202 63 23 am
615 2192 156 34 ordered
790 2194 46 32 to
857 2195 132 40 report
1009 2195 44 40 to
1074 2203 89 33 you,
1181 2193 75 43 sir.'
1301 2193 136 43 'What
1451 2194 98 42 have
1562 2194 123 42 you?'
1730 2194 109 42 'Two

322 2246 205 41 regiments
543 2246 43 41 of
600 2246 152 41 colored
765 2247 162 42 troops.'
969 2247 198 42 Rousseau
1181 2258 78 31 was
1274 2259 25 30 a
1313 2248 253 43 Kentuckian,
1584 2249 77 42 and
1675 2249 78 42 had
1768 2251 71 40 not

323 2301 112 32 much
448 2300 98 33 faith
560 2300 39 33 in
613 2311 117 32 negro
746 2302 167 41 soldiers.
956 2301 58 43 By
1035 2302 58 42 his
1116 2303 182 41 direction
1318 2302 20 42 I
1358 2303 118 41 threw
1491 2306 72 38 out
1577 2314 25 30 a
1616 2306 139 41 strong
1767 2304 73 43 line

325 2354 44 34 of
384 2354 246 43 skirmishers,
655 2355 77 42 and
752 2356 138 42 posted
903 2356 67 42 the
982 2357 204 42 regiments
1202 2367 50 32 on
1267 2368 26 31 a
1306 2357 115 43 ridge,
1438 2358 37 42 in
1490 2358 105 42 good
1610 2359 228 43 supporting

324 2409 182 33 distance.
548 2408 229 35 Rousseau's
805 2421 84 23 men
916 2411 139 34 retired
1081 2412 139 33 behind
1246 2422 66 32 my
1338 2412 82 42 line,
1452 2413 77 41 and
1557 2412 170 42 Forest's
1755 2424 85 30 men

323 2463 152 42 pressed
489 2463 164 42 forward
666 2464 98 41 until
778 2465 91 41 they
884 2467 78 39 met
977 2475 71 31 our
1062 2466 75 42 fire,
1155 2466 77 42 and
1252 2466 238 44 recognizing
1503 2467 66 43 the
1584 2468 124 42 sound
1723 2468 43 42 of
1774 2469 70 41 the

324 2517 113 33 minie
450 2517 90 42 ball,
557 2518 162 42 stopped
734 2520 44 40 to
793 2519 134 41 reflect.

406 2571 110 33 "The
535 2582 191 23 massacre
747 2572 43 34 of
805 2574 150 34 colored
975 2577 139 40 troops
1135 2577 45 40 at
1201 2575 98 42 Fort
1313 2575 131 42 Pillow
1458 2587 78 30 was
1550 2577 79 40 well
1642 2576 138 41 known
1794 2579 49 38 to

323 2636 58 32 us,
399 2626 76 42 and
489 2625 78 43 had
581 2626 92 42 been
687 2626 91 42 fully
793 2627 189 41 discussed
995 2628 52 42 by
1063 2640 71 30 our
1154 2640 95 30 men.
1292 2630 40 40 It
1345 2641 78 29 was
1437 2632 189 42 rumored,
1644 2632 76 42 and
1734 2632 108 42 thor¬

325 2680 145 42 oughly
496 2679 165 43 credited
686 2680 53 42 by
765 2681 116 43 them,
903 2682 93 42 that
1018 2682 155 42 General
1194 2684 137 40 Forest
1351 2685 79 39 had
1452 2685 136 39 offered
1604 2697 25 27 a
1643 2687 198 37 thousand

325 2734 144 34 dollars
489 2734 60 34 for
567 2733 68 35 the
654 2733 97 35 head
774 2734 41 34 of
833 2746 76 31 any
930 2737 243 40 commander
1195 2738 43 39 of
1254 2749 25 28 a
1302 2739 149 42 'nigger
1477 2740 209 42 regiment.'
1729 2741 110 44 Here,

323 2789 104 42 then,
451 2798 77 33 was
544 2788 83 43 just
648 2788 90 43 such
760 2799 50 32 an
833 2792 252 40 opportunity
1109 2802 44 30 as
1174 2792 111 40 those
1306 2794 165 42 spoiling
1490 2794 60 42 for
1564 2805 25 31 a
1603 2795 99 43 fight
1716 2797 126 43 might

324 2840 130 37 desire.
496 2842 123 43 Negro
634 2844 137 41 troops
786 2844 116 41 stood
923 2845 79 40 face
1023 2847 44 38 to
1090 2846 78 39 face
1188 2846 90 39 with
1300 2846 171 39 Forest's
1492 2851 157 34 veteran
1670 2851 169 42 cavalry.

325 2897 79 34 The
430 2897 66 34 fire
516 2907 78 24 was
614 2897 171 42 growing
806 2898 141 43 hotter,
972 2900 75 41 and
1069 2900 98 41 balls
1188 2910 92 31 were
1300 2902 309 43 uncomfortably
1630 2904 116 41 thick.
1788 2905 57 40 At

320 2950 149 44 length,
484 2951 66 43 the
563 2961 131 33 enemy
707 2950 39 44 in
761 2953 137 41 strong
912 2952 109 43 force,
1031 2953 90 42 with
1135 2954 164 41 banners
1312 2954 130 44 flying,
1457 2955 94 43 bore
1565 2956 111 42 down
1689 2959 156 39 toward
