2200 3300
346 302 99 42 456

645 301 221 43 History
893 314 63 30 of
983 314 95 30 the
1104 302 165 42 Black
1294 300 254 44 Phalanx.

349 434 224 35 obstructed
594 444 72 25 our
679 444 96 32 way,
797 434 73 42 but
885 444 43 32 as
943 433 65 43 the
1022 433 241 43 obstruction
1283 432 124 44 began
1427 433 47 43 to
1488 437 108 39 cease
1610 436 52 40 an
1678 423 172 53 obstacle

349 491 40 33 in
411 491 64 33 the
496 490 117 43 shape
634 489 43 44 of
700 499 25 34 a
745 489 92 44 long
863 488 73 45 line
957 488 43 45 of
1023 487 149 46 abattis
1193 489 79 44 met
1293 497 70 36 our
1382 494 105 39 gaze.
1531 482 79 51 The
1631 479 125 54 dusky
1777 478 73 55 line

350 545 119 34 broke
482 545 171 42 through
673 544 66 43 the
753 543 160 44 abattis,
930 543 180 44 however,
1128 552 44 35 as
1186 542 31 45 if
1232 542 66 45 the
1312 540 130 47 stakes
1464 537 80 50 had
1564 537 93 50 been
1672 543 44 44 so
1732 543 117 44 many

350 601 117 41 reeds,
478 600 77 42 and
565 598 168 44 charged
748 608 90 34 over
852 598 65 44 the
930 597 256 45 breastworks
1201 596 78 46 and
1293 596 83 46 into
1391 594 66 48 the
1464 591 248 51 Confederate
1725 598 123 44 camp.

351 656 80 33 The
450 655 92 34 rush
563 655 105 34 must
687 653 99 36 have
805 653 92 36 been
911 663 26 26 a
950 652 174 42 surprise,
1141 661 45 33 as
1206 651 66 43 the
1291 659 133 35 enemy
1444 646 140 48 offered
1605 644 102 50 little
1724 643 127 51 resist¬

353 721 101 23 ance.
497 710 46 34 In
556 709 106 35 front
677 709 43 35 of
736 718 71 26 one
821 707 44 37 of
879 707 66 37 the
958 709 104 35 tents
1078 716 25 28 a
1117 705 156 39 Federal
1288 704 177 42 sergeant
1491 700 144 46 (white)
1659 699 66 47 lay
1741 698 107 48 dead,

352 766 60 33 his
425 765 106 42 right
546 774 83 33 arm
639 762 188 45 extended
840 764 44 43 to
900 762 65 45 the
978 761 65 46 full
1057 759 229 48 length,'and
1301 758 125 49 firmly
1434 754 172 53 clenched
1620 754 39 53 in
1674 753 58 54 his
1747 753 103 54 hand

353 831 79 23 was
447 830 25 24 a
485 819 99 41 piece
599 817 43 43 of
657 817 112 43 fancy
783 826 108 34 soap.
933 816 32 44 A
979 815 119 45 bullet
1111 815 77 45 had
1202 812 153 48 entered
1375 812 59 48 his
1448 809 189 51 forehead,
1653 809 67 51 the
1733 808 117 52 blood

353 875 99 33 from
466 874 66 34 the
545 872 139 36 wound
697 881 78 27 was
789 870 178 42 trickling
981 870 110 42 down
1111 869 58 43 his
1184 869 88 43 face,
1295 868 75 44 but
1390 867 65 45 the
1475 866 73 46 hue
1563 864 42 48 of
1622 863 130 49 health
1773 874 78 38 was

354 930 79 33 still
455 940 51 23 on
520 929 58 34 his
593 927 121 36 cheek.
759 926 97 37 How
869 925 46 38 he
929 935 104 28 came
1047 926 44 37 to
1106 925 47 38 be
1165 924 104 39 there
1282 924 33 39 is
1329 926 46 37 to
1390 931 59 32 me
1463 931 25 32 a
1502 921 182 42 mystery,
1701 929 44 34 as
1759 919 91 44 that

353 986 94 42 part
468 984 43 44 of
526 984 66 44 the
612 982 73 46 line
706 991 77 37 was
803 980 125 48 forced
948 980 52 48 by
1014 979 151 49 colored
1184 981 149 47 troops.
1377 975 192 53 Swinging
1588 974 52 54 by
1661 973 66 55 the
1746 973 104 55 right

353 1040 107 33 flank
480 1049 54 24 we
552 1038 95 42 kept
667 1046 72 34 our
759 1045 85 35 way
864 1034 120 46 along
1002 1034 67 46 the
1088 1033 184 47 Boydton
1292 1031 110 49 road.
1443 1030 34 50 A
1491 1029 245 51 Confederate
1753 1029 99 51 light

354 1095 159 39 battery
532 1093 39 41 in
599 1091 172 44 position
792 1089 197 46 alongside
1010 1088 43 47 of
1076 1098 25 37 a
1121 1090 169 45 cottage,
1313 1086 118 49 which
1452 1085 118 50 stood
1596 1084 39 51 in
1656 1094 26 41 a
1701 1081 147 54 hollow,

356 1149 137 35 shelled
513 1148 66 36 the
593 1147 152 37 column
760 1155 44 29 as
817 1145 34 39 it
866 1143 206 41 advanced,
1090 1143 77 41 and
1183 1152 43 32 so
1242 1143 177 41 accurate
1433 1140 78 44 had
1524 1140 66 44 the
1604 1148 163 36 gunners
1780 1141 72 43 got

356 1205 65 34 the
434 1213 118 33 range
566 1202 93 44 that
673 1201 145 45 almost
831 1209 112 37 every
958 1196 89 50 shell
1064 1197 64 49 did
1150 1197 174 49 damage.
1366 1195 32 51 A
1412 1195 132 51 couple
1558 1194 43 52 of
1617 1194 110 52 shells
1740 1194 110 52 burst

354 1259 179 43 together
554 1257 125 45 above
692 1265 65 37 my
771 1263 201 39 company.
1015 1252 80 50 The
1112 1252 100 50 flash
1234 1250 150 52 blinded
1405 1261 59 41 me
1483 1251 60 51 for
1557 1259 26 43 a
1602 1249 66 53 few
1682 1249 165 53 seconds.

355 1314 20 34 I
395 1314 118 34 heard
535 1323 25 25 a
580 1321 145 27 scream
746 1309 43 39 of
804 1309 92 43 pain
911 1308 78 44 and
1005 1308 84 44 just
1108 1307 93 45 then
1215 1317 78 35 was
1309 1305 156 47 ordered
1485 1308 45 44 to
1550 1305 47 47 lie
1612 1305 119 47 down.
1774 1304 77 48 Not

355 1371 146 39 twenty
520 1367 118 43 yards
659 1365 99 45 from
779 1374 58 36 me
852 1374 77 36 was
945 1374 25 36 a
991 1362 184 48 wounded
1197 1361 146 49 soldier.
1387 1360 71 50 His
1478 1360 60 50 leg
1558 1370 78 40 was
1657 1359 194 51 shattered

355 1424 131 42 badly.
528 1422 60 44 He
599 1420 146 46 prayed
760 1419 77 47 and
853 1429 99 37 sang
963 1418 138 48 hymns
1116 1417 242 49 alternately,
1373 1416 73 50 but
1459 1415 59 51 his
1531 1415 106 51 voice
1650 1415 202 51 gradually

356 1490 99 33 grew
468 1478 145 45 weaker
627 1475 98 48 until
746 1475 34 48 it
793 1474 119 49 ended
932 1474 39 49 in
987 1473 127 50 death.
1158 1472 78 51 One
1251 1471 43 52 of
1311 1482 70 41 our
1394 1470 184 53 batteries
1591 1480 79 43 was
1683 1470 169 53 brought

355 1536 85 33 into
468 1532 181 45 position,
674 1530 78 47 and
779 1529 191 48 engaging
998 1529 65 48 the
1084 1527 243 50 Confederate
1354 1527 168 50 battery,
1545 1526 67 51 the
1637 1526 119 51 latter
1775 1535 75 42 was

356 1588 168 41 silenced,
541 1587 105 42 when
658 1586 67 43 the
739 1585 152 44 column
906 1583 116 46 again
1036 1582 171 47 resumed
1220 1582 66 47 the
1300 1581 141 48 march,
1459 1580 170 49 arriving
1642 1580 38 49 in
1694 1580 105 49 front
1813 1581 37 48 of

356 1644 230 41 Petersburg
600 1642 125 43 about
737 1650 116 35 noon.

438 1699 71 33 "It
515 1707 78 25 was
607 1696 66 36 the
686 1694 191 38 intention
892 1693 43 39 of
946 1692 155 40 General
1116 1692 137 41 Birney
1261 1693 44 40 to
1321 1701 111 32 carry
1446 1691 53 42 by
1507 1691 151 42 assault
1671 1690 65 43 the
1750 1691 102 42 main

357 1755 80 34 fort
449 1753 116 36 which
587 1749 251 40 commanded
859 1748 66 41 the
938 1748 89 41 city,
1045 1748 77 41 and
1142 1746 46 43 he
1204 1746 182 43 deployed
1407 1746 66 43 the
1488 1745 163 44 division
1671 1745 39 44 in
1729 1745 72 44 line
1815 1745 40 44 of

356 1809 127 35 battle
501 1809 60 35 for
581 1807 93 37 that
693 1814 175 33 purpose,
892 1803 72 44 but
986 1801 154 46 General
1165 1801 87 46 Ord,
1275 1801 152 46 coming
1447 1811 51 36 up
1519 1800 39 47 in
1578 1800 103 47 time,
1699 1800 153 47 ordered

356 1865 80 34 him
456 1866 45 33 to
521 1862 113 37 retire
654 1860 59 39 his
729 1859 163 40 division
914 1860 71 39 out
1006 1857 44 42 of
1065 1867 119 32 range
1205 1856 78 43 and
1303 1856 118 43 await
1440 1855 145 44 further
1607 1855 139 44 orders.
1788 1855 65 44 We

357 1921 100 33 went
469 1919 84 35 into
568 1917 165 37 bivouac
747 1915 59 39 for
819 1914 67 40 the
899 1913 122 42 night,
1039 1913 78 42 and
1132 1914 45 41 at
1190 1912 105 43 early
1310 1911 110 44 dawn
1435 1910 43 45 of
1493 1910 67 45 the
1574 1910 51 45 3d
1639 1920 52 35 we
1704 1910 149 45 entered

357 1975 66 34 the
437 1973 89 41 city,
542 1972 66 42 the
622 1969 262 45 Confederates
906 1967 145 47 having
1065 1966 210 48 evacuated
1295 1966 67 48 the
1381 1966 99 48 forts
1495 1966 138 48 during
1652 1966 66 48 the
1731 1965 119 49 night.

357 2030 79 33 The
449 2028 87 35 field
548 2026 119 37 music
686 2024 139 43 played
848 2023 135 44 "John
998 2022 170 45 Brown's
1183 2021 147 46 Body,"
1355 2021 78 46 and
1447 2032 27 35 a
1486 2021 87 46 tiny
1586 2021 124 46 Union
1723 2021 80 46 flag
1813 2021 40 46 in

357 2085 67 33 the
443 2083 125 35 hands
583 2081 43 37 of
642 2091 26 27 a
681 2080 72 43 girl
774 2079 43 44 of
832 2081 66 42 ten
911 2088 111 35 years
1037 2077 131 46 waved
1190 2087 45 36 us
1249 2087 26 36 a
1289 2077 181 46 welcome.
1513 2076 159 47 Besting
1686 2087 50 36 an
1756 2077 98 46 hour

357 2140 40 32 in
417 2139 66 33 the
502 2138 79 40 city
600 2136 67 42 the
688 2134 163 44 division
872 2133 150 45 started
1042 2132 39 46 in
1101 2132 153 46 pursuit
1276 2132 43 46 of
1334 2132 66 46 the
1421 2131 274 47 Confederates.
1737 2131 78 47 For
1828 2142 25 36 a

358 2194 86 33 mile
458 2203 45 24 or
522 2194 78 33 two
616 2189 150 38 outside
781 2188 43 39 of
839 2188 66 39 the
918 2188 79 41 city
1010 2187 66 42 the
1090 2187 98 42 road
1210 2198 77 31 was
1302 2189 136 40 strewn
1453 2187 91 42 with
1566 2188 94 43 plug
1678 2187 173 44 tobacco.

358 2247 125 35 Blood
503 2246 112 36 could
634 2245 47 37 be
694 2254 86 28 seen
800 2243 83 39 also
906 2244 45 38 at
971 2242 184 40 intervals
1176 2242 39 40 in
1235 2243 159 42 patches
1415 2243 119 42 along
1553 2243 66 42 the
1639 2243 109 42 road.
1790 2243 65 42 We

357 2300 239 37 bivouacked
616 2310 105 27 some
740 2298 125 39 fifteen
880 2297 104 40 miles
1008 2297 96 40 from
1117 2297 66 40 the
1196 2297 90 42 city.
1328 2297 33 42 A
1375 2297 66 42 few
1456 2298 43 41 of
1515 2308 73 31 our
1602 2298 143 41 officers
1758 2298 97 41 took

359 2366 138 33 supper
516 2356 40 43 in
570 2365 25 34 a
614 2355 120 44 house
754 2354 99 45 close
872 2355 45 44 to
940 2363 72 36 our
1031 2353 179 46 camping
1230 2354 161 45 ground.
1436 2354 78 45 Our
1535 2355 79 44 fare
1633 2365 79 34 was
1735 2355 119 44 "corn

357 2410 136 44 pone,"
510 2419 132 35 scraps
656 2408 44 46 of
708 2409 135 45 bacon,
860 2408 185 46 sorghum
1058 2408 194 46 molasses,
1269 2409 78 45 and
1361 2420 27 34 a
1402 2409 170 45 solution
1588 2409 45 45 of
1640 2410 218 44 something

359 2465 118 34 called
497 2464 122 41 coffee,
635 2463 60 42 for
708 2462 117 43 which
840 2472 52 33 we
906 2463 90 42 each
1011 2473 99 32 gave
1125 2474 71 31 our
1216 2464 102 41 host,
1336 2474 25 31 a
1376 2463 250 43 middle-aged
1646 2464 206 44 Virginian,

361 2530 71 24 one
440 2519 134 35 dollar.
617 2517 79 37 The
702 2517 153 37 colored
867 2519 137 40 troops
1019 2517 112 43 being
1144 2518 203 42 encamped
1363 2528 50 32 on
1428 2518 58 42 his
1500 2518 98 42 farm
1613 2519 60 41 his
1686 2519 170 43 indigna¬

359 2575 86 34 tion
464 2584 79 25 was
564 2572 137 37 stirred
730 2572 77 37 and
834 2572 46 37 he
900 2571 215 43 exclaimed,
1138 2572 105 42 while
1269 2572 66 42 the
1355 2574 104 40 tears
1480 2572 159 42 trickled
1668 2574 110 40 down
1798 2575 58 39 his

359 2629 142 41 cheeks,
526 2627 123 43 'Poor
664 2627 64 43 old
742 2626 190 44 Virginia!
953 2637 100 33 poor
1068 2627 64 43 old
1146 2626 187 44 Virginia!
1354 2626 93 44 that
1460 2625 20 45 I
1494 2626 138 44 should
1644 2628 102 42 have
1758 2629 98 41 lived

359 2687 45 31 to
417 2694 61 24 see
490 2683 79 35 this
585 2682 77 41 day
678 2681 21 42 !'

441 2737 83 34 "At
539 2737 111 34 dawn
665 2736 43 35 of
717 2736 65 35 the
796 2735 71 36 4th
881 2736 67 35 the
961 2735 151 36 column
1125 2733 169 38 resumed
1309 2734 66 37 the
1388 2733 162 42 pursuit.
1593 2735 39 40 It
1645 2736 33 39 is
1692 2739 165 36 needless

359 2794 60 33 for
432 2803 59 24 me
503 2796 46 31 to
563 2791 66 36 tell
648 2791 40 36 in
704 2790 117 37 detail
841 2790 86 37 hoVv
942 2799 70 28 our
1026 2788 158 41 cavalry
1199 2787 201 42 destroyed
1421 2787 77 42 and
1519 2788 145 41 burned
1679 2802 94 27 over
1785 2794 74 35 five

359 2848 172 34 hundred
552 2845 244 37 Confederate
808 2853 158 33 wagons
981 2853 51 33 on
1046 2842 66 44 the
1127 2841 68 45 5th
1211 2841 77 45 and
1303 2840 80 46 6th,
1401 2841 77 45 and
1499 2841 86 45 how
1599 2843 145 43 Ewell's
1758 2857 100 29 com¬

360 2903 118 34 mand
505 2912 78 25 was
605 2899 171 38 defeated
803 2897 77 40 and
908 2896 184 42 captured
1119 2897 46 41 at
1184 2894 156 44 Sailor's
1360 2894 105 44 creek
1494 2905 50 33 on
1565 2897 67 41 the
1653 2899 82 39 6th.
1780 2901 78 37 Our

360 2957 159 40 brigade
538 2955 146 42 having
704 2951 150 46 arrived
875 2953 45 44 at
940 2948 204 49 Farmville
1158 2957 50 40 on
1229 2947 66 50 the
1315 2947 202 50 afternoon
1540 2949 44 48 of
1599 2951 66 46 the
1687 2954 69 43 6th
1780 2957 78 40 and
