2200 3300
331 307 95 41 262

636 309 220 43 History
884 320 63 32 of
974 318 96 34 the
1097 306 163 46 Black
1286 305 251 47 Phalanx,

330 452 25 23 a
370 441 174 44 surprise.
568 440 59 45 He
641 441 302 44 over-estimates
950 440 66 45 the
1029 437 236 48 equanimity
1275 436 43 49 of
1326 435 67 50 the
1399 433 244 52 Confederate
1657 441 193 44 coraman*

329 496 65 34 der
407 497 32 34 if
455 497 46 34 he
522 507 184 33 supposes
726 497 92 43 that
832 496 91 44 that
937 493 307 47 bombardment,
1253 490 118 50 which
1387 487 122 53 would
1524 487 100 53 have
1638 485 131 55 waked
1782 485 69 55 the

329 551 109 43 dead,
454 552 79 42 had
548 551 112 43 lulled
682 551 77 43 him
780 551 85 43 into
886 549 165 45 security
1072 546 78 48 and
1169 555 143 39 repose.
1355 543 77 51 The
1445 541 131 53 buried
1591 550 151 44 cannon
1757 549 93 45 were

329 608 45 32 at
389 617 90 23 once
493 606 196 42 exhumed,
706 606 66 42 the
786 615 98 33 guns
898 601 223 47 remounted
1143 600 77 48 and
1240 599 67 49 the
1326 597 177 51 garrison
1519 595 158 53 ordered
1690 597 45 51 to
1750 594 100 54 their

328 662 209 41 appointed
552 664 123 40 posts.
720 660 78 44 The
814 658 222 46 Charleston
1057 655 203 49 Battalion
1281 663 92 41 were
1387 651 156 53 already
1557 649 146 55 formed
1719 650 75 54 and
1810 649 39 55 in

326 716 191 43 position;
539 718 93 41 they
651 716 80 43 had
752 714 145 45 nestled
919 713 120 46 under
1057 711 67 48 the
1142 711 166 48 parapet
1328 707 77 52 and
1425 706 119 53 stood
1563 706 121 53 ready
1696 704 39 55 in
1750 704 101 55 their

329 767 135 43 places.
507 771 78 39 The
599 771 111 39 other
726 772 138 40 troops
878 768 91 44 with
985 767 65 45 the
1063 765 198 47 exception
1276 763 43 49 of
1334 764 92 48 part
1441 761 42 51 of
1500 771 72 41 one
1585 760 196 52 regiment,
1797 769 53 43 re¬

331 826 168 45 sponded
512 828 45 43 to
572 827 67 44 the
654 834 197 37 summons
872 823 91 48 with
984 820 296 51 extraordinary
1301 817 162 54 celerity,
1480 816 77 55 and
1578 815 66 56 the
1664 815 132 56 echoes
1811 814 44 57 of

330 883 66 34 the
407 881 158 36 Federal
579 891 99 33 guns
692 880 77 44 had
787 879 138 45 hardly
939 877 85 47 died
1039 885 110 39 away
1163 875 125 49 before
1301 882 106 42 more
1419 872 100 52 than
1531 869 271 55 three-fourths
1809 869 46 55 of

329 938 66 34 the
407 938 197 41 ramparts
621 945 93 34 were
726 934 97 45 lined
838 933 92 46 with
944 935 156 44 troops;
1124 940 72 39 one
1215 938 78 41 gap
1314 927 191 52 remained
1525 925 169 54 unfilled;
1710 925 66 54 the
1790 925 59 54 de¬

328 991 203 34 moralized
547 1001 85 24 men
647 990 83 35 who
753 989 136 36 should
910 988 100 37 have
1030 985 98 40 filled
1147 985 35 40 it
1202 984 112 42 clung
1333 985 44 41 to
1399 982 67 44 the
1484 980 264 46 bomb-proofs
1770 979 76 47 and

328 1046 138 40 stayed
479 1046 116 40 there.
640 1044 78 42 The
732 1044 151 42 gallant
898 1041 151 45 Colonel
1070 1039 190 47 Simpkins
1281 1037 117 49 called
1418 1037 60 49 his
1498 1047 86 39 men
1603 1038 45 48 to
1670 1035 66 51 the
1755 1045 96 41 gun-

327 1100 198 34 chambers
539 1100 186 34 wherever
738 1108 99 32 guns
852 1096 154 44 existed.
1049 1095 53 45 De
1116 1095 108 45 Pass,
1241 1093 89 47 with
1345 1093 59 47 his
1417 1092 99 48 light
1531 1091 170 49 artillery
1717 1101 51 39 on
1781 1090 67 50 the

327 1157 173 32 traverse
519 1157 46 32 to
586 1154 67 35 the
672 1154 78 41 left,
773 1152 58 43 his
852 1161 99 34 guns
971 1150 223 45 remounted
1217 1148 76 47 and
1321 1146 226 49 untouched,
1572 1146 116 49 stood
1716 1146 129 49 ready,

329 1209 78 34 and
421 1209 152 34 Colonel
590 1208 136 35 Harris
742 1206 136 37 moved
894 1217 26 26 a
939 1205 179 38 howitzer
1138 1203 151 40 outside
1301 1203 67 40 the
1380 1202 80 41 fort
1472 1203 45 40 to
1532 1201 66 42 the
1610 1201 106 42 right
1728 1202 46 41 to
1789 1200 58 43 de¬

327 1265 94 34 liver
436 1274 51 25 an
502 1263 159 36 enfilade
676 1263 66 36 fire
757 1272 104 32 upon
874 1261 67 43 the
955 1260 219 44 assailants.

410 1319 112 33 "The
542 1318 98 34 dark
661 1327 145 25 masses
828 1316 44 36 of
886 1316 67 36 the
978 1314 158 38 enemies
1163 1314 181 42 columns,
1365 1311 161 45 brigade
1552 1310 99 46 after
1675 1310 171 46 brigade,

329 1384 92 25 were
435 1384 83 25 seen
534 1373 39 36 in
595 1373 66 36 the
682 1372 132 42 fading
833 1370 166 44 twilight
1018 1372 44 42 to
1085 1368 213 46 approach;
1320 1367 73 47 line
1414 1366 97 48 after
1524 1366 73 48 line
1611 1376 77 38 was
1701 1364 148 50 formed

329 1429 78 34 and
422 1429 89 34 then
528 1438 106 25 came
647 1427 66 36 the
727 1426 102 37 rush.
872 1425 32 38 A
926 1425 108 38 small
1050 1424 104 39 creek
1175 1423 111 40 xnade
1306 1422 38 41 iu
1367 1433 50 30 on
1431 1422 66 41 the
1510 1421 106 42 right
1630 1420 43 43 of
1688 1420 66 43 the
1768 1420 79 43 fort

328 1484 78 34 and
421 1482 232 43 intercepted
667 1482 67 43 the
746 1480 166 45 enemy's
925 1480 67 45 left
1005 1479 156 46 attack;
1176 1479 91 46 they
1282 1478 63 47 did
1359 1479 73 46 not
1451 1476 111 49 know
1576 1476 44 49 it,
1636 1485 46 40 or
1695 1475 62 50 did
1774 1477 72 48 not

329 1539 179 34 estimate
522 1538 43 35 it.
611 1536 136 37 Orders
763 1546 91 27 were
867 1535 110 43 given
992 1537 45 41 to
1053 1533 168 45 Gaillard
1235 1535 45 43 to
1294 1532 92 46 hold
1399 1531 59 47 his
1472 1532 65 46 fire
1552 1530 76 48 and
1644 1530 136 48 deliver
1793 1540 52 38 no

329 1594 119 34 direct
470 1593 102 35 shot.
615 1592 40 36 It
677 1602 77 26 was
774 1590 165 38 believed
959 1590 67 38 the
1047 1589 169 39 obstacle
1235 1586 197 45 presented
1451 1586 52 45 by
1524 1586 66 45 the
1603 1584 104 47 creek
1723 1584 122 47 would

328 1650 153 33 confuse
507 1648 68 35 the
603 1647 220 41 assailants,
853 1655 113 33 cause
991 1644 102 44 them
1116 1646 45 42 to
1175 1643 132 45 incline
1325 1645 46 43 to
1392 1642 67 46 the
1479 1641 104 47 right
1604 1640 78 48 and
1707 1639 139 49 mingle

327 1704 100 34 their
454 1712 145 26 masses
627 1704 45 34 at
698 1702 66 36 the
790 1701 99 37 head
917 1699 43 39 of
974 1699 66 39 the
1067 1698 170 40 obstacle
1264 1697 76 41 and
1367 1697 92 41 thus
1485 1695 99 43 their
1610 1697 236 41 movements

328 1758 126 34 would
468 1758 46 34 be
529 1756 233 36 obstructed.
806 1755 39 37 It
865 1754 143 38 seemed
1029 1756 44 36 to
1095 1753 99 39 have
1214 1753 65 39 the
1300 1750 236 44 anticipated
1556 1750 105 44 effect
1682 1749 76 45 and
1780 1749 66 45 the

328 1813 219 42 assaulting
561 1812 171 43 columns
748 1810 228 45 apparently
992 1808 169 47 jumbled
1181 1807 179 48 together
1380 1808 44 47 at
1444 1805 79 50 this
1536 1805 112 50 point
1661 1814 92 41 were
1766 1806 79 49 met

326 1868 56 42 by
401 1868 67 42 the
489 1867 199 43 withering
707 1865 144 45 volleys
873 1864 43 46 of
931 1862 249 48 McKethan's
1201 1862 126 48 direct*
1340 1861 77 49 and
1439 1859 201 51 Gaillard's
1660 1859 185 51 cross-fire

329 1922 79 35 and
421 1922 54 42 by
488 1922 66 42 the
569 1922 118 42 direct
702 1920 196 44 discharge
913 1919 42 45 of
964 1918 66 46 the
1044 1917 90 47 shell
1147 1927 110 37 guns,
1273 1915 281 49 supplemented
1569 1914 52 50 by
1634 1914 66 50 the
1713 1913 132 51 fright¬

327 1978 52 33 ful
395 1977 204 42 enfilading
614 1976 216 43 discharges
846 1973 43 46 of
903 1973 66 46 the
988 1972 138 47 lighter
1146 1981 98 38 guns
1265 1981 104 38 upon
1389 1970 67 49 the
1476 1969 104 50 right
1595 1969 76 50 and
1686 1968 76 51 left..
1804 1967 40 52 It

327 2042 79 24 was
426 2031 162 42 terrible,
613 2030 73 43 but
706 2029 91 44 with
826 2038 51 35 an
904 2026 256 47 unsurpassed
1186 2026 197 47 gallantry
1409 2024 67 49 the
1503 2024 157 49 Federal
1686 2023 157 50 soldiers

326 2085 179 35 breasted
520 2086 67 34 the
600 2087 124 33 storm
739 2083 78 37 and
831 2082 137 38 rushed
984 2080 155 40 onward
1153 2082 46 38 to
1212 2080 68 40 the
1290 2079 131 43 glacis.

409 2141 22 17 "
441 2140 78 34 The
540 2139 273 41 Confederates,
836 2139 72 41 not
928 2136 170 44 fourteen
1118 2134 171 46 hundred
1310 2137 147 43 strong,
1474 2133 91 47 with
1586 2133 66 47 the
1672 2132 170 48 tenacity

327 2196 44 33 of
385 2195 79 34 bull
487 2194 96 43 dogs
606 2194 78 43 and
706 2203 26 34 a
752 2193 105 44 fierce
877 2201 164 36 courage
1060 2189 117 48 which
1198 2199 79 38 was
1296 2188 138 49 roused
1454 2190 45 47 to
1521 2187 177 50 madness
1711 2187 52 50 by
1776 2187 67 50 the

324 2250 173 42 frightful
524 2248 173 44 inaction
724 2249 45 43 to
797 2246 118 46 which
942 2245 91 47 they
1053 2244 78 48 had
1158 2243 92 49 been
1270 2242 201 50 subjected,
1493 2242 144 50 poured
1658 2242 97 50 from
1776 2241 68 51 the

325 2306 197 40 ramparts
538 2302 77 44 and
630 2302 237 44 embrasures
882 2300 123 46 sheets
1021 2299 43 47 of
1072 2299 111 47 flame
1198 2297 77 49 and
1290 2299 196 47 atempest
1501 2297 42 49 of
1553 2296 84 50 lead
1652 2296 76 50 and
1743 2296 96 50 iron,

325 2361 65 39 yet
404 2359 98 41 their
516 2356 165 44 intrepid
698 2355 209 45 assailants
921 2353 137 47 rushed
1074 2363 50 37 on
1138 2353 72 47 like
1223 2352 66 48 the
1302 2361 124 39 waves
1441 2351 43 49 of
1493 2351 65 49 the
1572 2361 65 39 sea
1650 2351 52 49 by
1718 2351 124 49 whose

326 2414 111 33 shore
448 2413 92 41 they
555 2411 150 43 fought.
748 2409 106 45 They
873 2409 60 45 fell
952 2409 53 45 by
1025 2408 201 46 hundreds,
1248 2407 73 47 but
1338 2406 94 48 they
1451 2405 145 49 pushed
1618 2415 62 39 on,
1703 2406 140 48 reeling

325 2468 119 34 under
463 2467 66 35 the
549 2466 172 42 frightful
735 2465 126 43 blasts
880 2464 93 44 that
994 2463 143 45 almost
1157 2462 90 46 blew
1267 2461 105 47 them
1392 2462 45 46 to
1458 2460 129 48 pieces,
1610 2470 105 38 some
1730 2470 50 38 up
1795 2463 45 45 to

323 2523 67 33 the
404 2521 244 35 Confederate
661 2520 204 41 bayonets.
908 2518 78 43 The
1006 2517 202 44 southeast
1227 2515 157 46 bastion
1398 2525 78 36 was
1490 2515 145 46 weakly
1651 2515 188 46 defended,

325 2577 78 34 and
422 2577 85 34 into
528 2576 33 35 it
582 2585 26 26 a
630 2573 257 38 considerable
906 2572 105 41 body
1033 2571 43 42 of
1090 2571 66 42 the
1175 2580 130 33 enemy
1325 2569 113 44 made
1451 2569 99 44 their
1563 2579 85 34 way
1663 2569 72 44 but
1749 2570 92 43 they

324 2641 92 25 were
429 2630 145 43 caught
588 2630 38 43 in
643 2640 26 33 a
682 2631 103 42 trap,
802 2629 59 44 for
874 2627 92 46 they
986 2626 110 47 could
1116 2627 73 46 not
1207 2625 105 48 leave
1325 2624 44 49 it.
1411 2623 79 50 The
1503 2623 99 50 fight
1615 2625 223 48 continued;

324 2687 72 34 but
409 2686 33 35 it
456 2694 78 27 was
549 2683 218 43 impossible
780 2685 44 41 to
841 2684 95 42 stem
951 2681 66 45 the
1030 2681 151 45 torrent
1195 2680 43 46 of
1248 2679 136 47 deadly
1397 2679 158 47 missiles
1563 2679 116 47 which
1694 2680 146 46 poured

325 2743 71 32 out
409 2741 99 34 from
522 2739 67 36 the
603 2738 88 41 fort,
708 2738 66 41 the
787 2737 118 42 reflux
920 2736 43 43 of
977 2735 93 44 that
1082 2734 151 45 terrible
1252 2733 80 46 tide
1352 2733 115 46 which
1482 2733 79 46 had
1575 2734 143 45 poured
1735 2734 36 45 in
1788 2735 51 44 all

324 2797 88 41 day,
437 2794 77 44 and
536 2794 67 44 the
623 2791 177 47 Federals
818 2790 202 48 retreated,
1041 2789 153 49 leaving
1212 2797 93 41 near
1325 2797 26 41 a
1364 2787 197 51 thousand
1576 2787 97 51 dead
1689 2789 150 49 around

323 2851 68 33 the
404 2851 91 33 fort.

407 2905 22 16 "
439 2904 118 33 There
576 2911 79 26 was
674 2911 55 26 no
741 2899 189 38 cessation
946 2898 43 39 of
1002 2898 67 39 the
1082 2897 243 40 Confederate
1338 2897 75 40 fire.
1456 2896 151 41 Sumter
1622 2896 76 41 and
1715 2897 125 43 Gregg

324 2960 119 34 threw
458 2957 99 37 their
570 2956 110 38 shells
695 2955 118 41 along
826 2953 90 43 with
936 2952 113 44 those
1070 2952 43 44 of
1128 2951 164 45 Wagner
1304 2961 105 35 upon
1422 2950 66 46 the
1501 2950 159 46 retiring
1673 2951 76 45 foe;
1766 2962 73 34 nor
