2200 3300
728 298 107 42 The
862 299 363 45 Confederate
1252 303 219 45 Service.

1756 308 98 43 487

337 422 162 56 picion
517 425 55 53 of
586 427 218 58 wanting
820 433 57 52 to
895 432 59 53 be
970 432 104 53 free,
1087 433 187 53 behind,
1293 447 163 41 perse,
1478 449 64 39 an
1560 437 297 51 enthusiasm

339 490 266 57 springing,
636 497 92 50 not
753 496 124 51 from
905 510 30 37 a
963 497 148 50 desire
1138 499 95 48 and
1261 500 124 55 hope
1410 502 75 53 for
1509 502 84 53 the
1610 516 180 39 success
1809 505 55 50 of

337 556 86 41 the
450 558 341 56 confederates,
821 563 90 51 but
937 562 123 52 from
1097 576 32 38 a
1162 565 174 54 puerile
1371 567 238 52 ambition
1635 570 56 49 to
1718 570 141 55 enjoy

339 622 84 43 the
456 622 204 58 holiday
694 628 296 52 excitement.

440 688 152 44 Later
619 704 79 41 on,
727 693 229 53 however,
986 694 133 52 when
1144 695 84 51 the
1253 709 100 37 war
1380 698 179 54 opened
1586 698 49 54 in
1652 703 204 50 earnest,

342 756 97 42 and
456 756 85 42 the
559 758 226 54 question
804 759 53 53 of
877 760 83 52 the
978 760 207 52 freedom
1204 762 94 50 and
1321 762 191 56 slavery
1530 764 54 54 of
1602 765 83 53 the
1710 779 147 42 negro

341 823 190 42 entered
549 823 107 43 into
675 824 84 42 the
777 826 237 55 struggle;
1044 826 133 55 when
1203 829 143 52 extra
1371 841 107 40 care
1504 843 98 38 was
1627 831 148 50 taken
1800 834 57 47 to

341 889 141 57 guide
507 889 101 57 him
633 892 58 54 to
717 891 84 55 the
826 904 108 42 rear
961 894 56 52 at
1044 892 164 57 night;
1228 893 134 56 when
1389 895 124 54 after
1538 908 32 41 a
1603 896 82 53 few
1718 897 142 52 thou¬

343 956 121 43 sand
491 955 193 44 Yankee
710 957 254 55 prisoners,
985 959 150 53 taken
1161 959 50 53 in
1238 960 171 53 battle,
1429 961 99 52 had
1554 962 181 55 sought
1762 963 96 54 and

343 1022 230 46 obtained
601 1036 65 32 an
695 1025 322 54 opportunity
1045 1025 54 54 of
1119 1026 285 56 whispering
1429 1029 57 53 to
1512 1027 99 55 him
1643 1028 84 54 the
1759 1028 105 54 real

343 1102 141 30 cause
501 1089 56 43 of
576 1090 84 42 the
677 1102 114 41 war,
813 1090 95 53 and
935 1091 84 52 the
1046 1094 166 53 surety
1239 1092 54 55 of
1312 1093 83 54 the
1422 1093 211 55 negroes'
1653 1094 206 54 freedom

342 1156 39 43 if
400 1156 83 43 the
500 1155 159 44 North
675 1169 101 30 was
802 1156 279 54 victorious,
1102 1158 85 52 the
1213 1158 132 52 slave
1371 1172 147 42 negro
1546 1162 123 52 went
1693 1162 56 52 to
1776 1160 84 54 the

342 1222 325 43 breastworks
685 1223 116 42 with
820 1236 63 29 no
902 1223 91 42 less
1013 1224 186 55 agility,
1220 1224 90 55 but
1335 1224 117 55 with
1469 1237 199 42 prayers
1686 1225 73 54 for
1776 1226 84 53 the

345 1302 180 30 success
553 1289 53 43 of
626 1289 84 43 the
736 1288 158 44 Union
919 1292 189 53 troops,
1138 1290 97 55 and
1263 1303 32 42 a
1321 1290 372 55 determination
1718 1293 56 52 to
1793 1305 65 42 go

344 1358 56 40 to
417 1356 84 42 the
519 1355 215 43 Yankees
754 1359 56 39 at
827 1356 84 42 the
928 1357 108 42 first
1055 1357 344 55 opportunity;
1419 1357 191 55 though
1627 1358 58 54 he
1702 1357 157 55 risked

344 1421 74 43 life
442 1422 50 42 in
517 1423 85 42 the
627 1422 338 56 undertaking.
1020 1422 149 56 When
1185 1424 84 54 the
1287 1424 323 54 breastworks
1627 1424 98 54 had
1744 1424 116 54 been

342 1488 125 43 built
503 1489 96 42 and
642 1489 85 42 the
769 1489 158 55 heavy
969 1503 124 42 guns
1136 1490 246 55 mounted,
1427 1490 132 55 when
1603 1503 32 42 a
1677 1491 181 54 cordon

345 1555 54 42 of
418 1555 316 43 earth-works
753 1556 224 42 encircled
1002 1556 84 43 the
1112 1556 131 43 cities
1260 1557 309 55 throughout
1584 1557 84 55 the
1686 1555 170 57 South,

346 1621 97 42 and
469 1621 124 43 after
620 1634 32 30 a
676 1622 83 42 few
787 1622 247 43 thousand
1061 1636 199 42 negroes
1287 1623 98 55 had
1412 1623 140 55 made
1577 1623 131 55 good
1734 1623 126 55 their

344 1700 165 42 escape
534 1687 106 55 into
667 1688 84 54 the
776 1687 158 55 Union
960 1688 130 54 lines,
1110 1689 116 53 then
1251 1689 142 53 those
1418 1689 106 53 who
1543 1689 97 53 had
1658 1689 199 53 labored

344 1766 133 43 upon
493 1754 84 55 the
594 1754 341 55 fortifications
954 1755 54 54 of
1028 1755 83 54 the
1129 1754 156 55 South
1304 1768 115 41 were
1436 1757 107 52 sent
1560 1756 123 53 back
1700 1758 57 51 to
1775 1756 84 53 the

346 1820 321 43 cotton-fields
695 1821 97 42 and
810 1821 84 42 the
911 1821 307 54 plantations
1235 1823 57 52 to
1311 1821 74 54 till
1402 1822 83 53 the
1503 1815 89 60 soil
1609 1824 56 51 to
1685 1822 174 54 supply

343 1887 84 42 the
444 1887 140 42 needs
604 1886 53 43 of
676 1887 84 42 the
778 1887 298 42 confederate
1103 1888 197 42 soldiers
1318 1888 106 42 who
1442 1900 117 30 were
1576 1888 208 55 fighting
1800 1890 58 53 to

345 1953 113 55 keep
475 1953 132 55 them
625 1953 50 55 in
693 1953 239 55 bondage.
985 1953 99 55 But
1102 1954 132 54 when
1251 1954 83 54 the
1352 1954 156 54 policy
1527 1953 53 55 of
1600 1954 83 54 the
1700 1953 158 55 North

346 2033 97 30 was
461 2020 214 56 changed
695 2020 97 56 and
819 2020 151 56 union
997 2020 96 56 and
1120 2020 177 56 liberty
1319 2032 115 44 were
1452 2020 140 56 made
1609 2020 83 56 the
1709 2019 150 57 issues

347 2087 53 42 of
418 2087 84 42 the
528 2087 229 55 struggle,
779 2099 56 43 as
864 2086 197 56 against
1080 2086 190 56 slavery
1289 2086 95 56 and
1404 2085 235 57 disunion,
1661 2086 96 56 and
1775 2086 84 56 the

346 2152 155 45 Union
518 2154 149 43 forces
685 2154 158 55 began
861 2156 57 53 to
939 2153 106 56 slay
1064 2152 124 57 their
1214 2151 211 58 enemies,
1445 2151 83 58 the
1553 2150 307 59 Confederate

347 2221 321 44 Government
695 2221 199 44 realized
921 2220 84 45 the
1031 2217 232 54 necessity
1290 2217 54 54 of
1363 2217 174 54 calling
1560 2217 83 54 the
1660 2230 198 41 negroes

346 2289 122 43 from
485 2289 84 43 the
586 2289 91 43 hoe
694 2290 57 42 to
769 2288 84 44 the
870 2283 382 49 musket—from
1278 2282 84 50 the
1379 2282 304 54 plantations
1700 2285 57 51 to
1775 2283 85 53 the

346 2354 319 44 battle-fields.

444 2421 57 43 In
518 2422 84 42 the
619 2416 259 59 incipiency
906 2417 54 58 of
979 2416 82 59 the
1090 2413 228 62 struggle,
1338 2425 148 50 many
1513 2412 54 63 of
1585 2413 84 62 the
1695 2412 164 63 States

345 2488 140 43 made
503 2486 250 57 provision
779 2485 75 58 for
883 2481 188 62 placing
1095 2480 83 63 the
1204 2491 147 52 negro
1382 2480 56 63 at
1463 2478 83 65 the
1571 2478 214 65 disposal
1812 2478 54 65 of

344 2554 84 43 the
445 2553 309 47 Confederate
774 2548 336 52 Government;
1130 2545 91 55 but
1239 2544 157 56 elated
1416 2545 55 55 at
1488 2543 124 57 their
1629 2543 131 57 early
1769 2543 92 57 vic¬

343 2620 163 53 tories,
527 2620 84 53 the
628 2617 184 56 leaders
831 2612 188 61 deemed
1038 2610 83 63 the
1139 2609 314 64 enforcement
1473 2608 54 65 of
1537 2608 83 65 the
1644 2608 115 65 laws
1777 2621 84 52 un¬

342 2698 266 43 necessary,
629 2695 149 46 negro
796 2683 175 58 troops
990 2678 90 63 not
1097 2675 141 66 being
1255 2674 186 67 needed.
1495 2673 66 68 As
1578 2673 84 68 the
1679 2673 182 68 change

345 2766 145 40 came,
511 2753 231 53 however,
766 2746 98 60 and
891 2743 194 63 defeats,
1106 2740 115 66 with
1247 2742 140 64 great
1412 2739 148 67 losses
1586 2739 49 67 in
1661 2738 198 68 various

343 2832 132 43 ways
511 2814 216 61 depleted
763 2812 83 63 the
881 2807 185 68 armies,
1103 2806 83 69 the
1220 2804 230 71 necessity
1486 2804 54 71 of
1566 2804 84 71 the
1686 2803 79 72 aid
1810 2803 56 72 of

341 2886 85 43 the
452 2894 200 44 negroes
680 2881 191 57 became
899 2873 251 65 apparent.
1205 2869 295 69 Stronghold
1528 2869 122 69 after
1669 2870 190 68 strong¬

341 2951 132 53 hold,
495 2949 100 55 city
614 2946 123 58 after
764 2943 112 61 city,
897 2938 165 66 States
1087 2936 50 68 in
1163 2937 128 67 part,
1311 2934 76 70 fell
1412 2934 156 70 before
1592 2934 84 70 the
1693 2934 167 70 march
