2200 3300
340 310 96 43 220

645 307 220 45 History
893 320 63 32 of
983 319 96 33 the
1106 308 165 44 Black
1295 305 255 47 Phalanx.

920 936 290 47 CHAPTER
1234 934 79 49 VI.

724 1061 104 35 THE
850 1060 139 36 ARMY
1011 1059 64 37 OF
1096 1056 104 40 THE
1222 1052 263 44 FRONTIER.

437 1171 66 42 At
519 1172 84 41 the
619 1170 99 43 Far
738 1170 130 43 West
885 1170 84 43 the
995 1169 107 44 fires
1130 1167 53 46 of
1201 1166 174 53 liberty
1402 1163 97 56 and
1517 1162 149 57 union
1682 1162 179 57 burned

339 1249 64 30 no
430 1237 89 42 less
546 1236 215 55 brightly
787 1248 131 43 upon
944 1235 84 56 the
1054 1234 131 57 altar
1212 1232 54 59 of
1292 1231 84 60 the
1409 1229 189 62 negro's
1633 1228 230 63 devotion

337 1303 125 41 than
482 1305 55 39 at
561 1302 84 42 the
671 1301 169 52 North,
862 1300 123 53 East
1012 1299 97 54 and
1136 1297 169 56 South.
1359 1296 99 57 The
1476 1295 163 58 blacks
1659 1294 53 59 of
1732 1294 131 59 Iowa

340 1368 263 54 responded
637 1368 116 54 with
789 1366 204 56 alacrity
1027 1368 56 54 to
1119 1365 82 57 the
1227 1363 92 59 call
1344 1362 53 60 of
1416 1362 83 60 the
1532 1374 241 48 governor
1804 1364 57 58 to

340 1434 281 54 strengthen
637 1434 83 54 the
737 1433 148 55 Army
904 1432 53 56 of
968 1432 83 56 the
1071 1431 134 57 Ohio.
1260 1428 205 60 Though
1482 1428 83 60 the
1582 1441 147 47 negro
1748 1440 114 48 pop¬

339 1500 191 42 ulation
555 1512 99 30 wras
680 1497 497 57 sparce—numbering
1201 1496 50 58 in
1277 1495 144 59 1860,
1443 1494 113 60 only
1584 1494 277 60 1069—and

339 1566 158 54 thinly
515 1566 237 54 scattered
780 1578 114 42 over
918 1564 83 56 the
1026 1563 245 57 territory,
1294 1562 96 58 and
1416 1575 117 45 were
1558 1562 223 58 enjoying
1799 1561 63 59 all

339 1632 84 42 the
448 1632 155 55 rights
631 1632 96 55 and
754 1631 247 56 privileges
1028 1629 54 58 of
1111 1628 247 59 American
1393 1628 285 59 citizenship,
1707 1641 155 46 never¬

339 1698 173 42 theless
529 1698 116 54 they
670 1709 124 44 gave
819 1710 64 43 up
909 1697 83 56 the
1017 1696 206 57 luxuries
1253 1696 53 57 of
1326 1696 165 57 happy
1516 1695 178 58 homes,
1714 1694 147 59 threw

340 1765 139 41 down
506 1764 123 42 their
654 1764 299 54 implements
979 1762 54 56 of
1052 1762 206 56 peaceful
1284 1762 237 56 industry,
1558 1761 149 57 broke
1739 1760 122 58 from

339 1830 83 41 the
447 1830 166 55 loving
638 1830 215 55 embrace
879 1828 54 57 of
952 1829 140 56 wives
1120 1828 96 57 and
1252 1828 220 57 children,
1511 1827 96 58 and
1640 1826 115 59 with
1780 1826 82 59 the

340 1907 230 43 generous
597 1895 279 55 patriotism
902 1895 148 55 which
1076 1895 90 55 has
1195 1894 180 56 always
1402 1892 344 58 characterized
1780 1891 82 59 the

339 1961 208 41 conduct
574 1961 53 41 of
646 1961 83 41 the
754 1973 120 40 race,
904 1961 114 53 they
1043 1960 173 54 rushed
1243 1962 56 52 to
1326 1960 84 54 the
1436 1959 80 55 aid
1552 1958 54 56 of
1632 1957 125 57 their
1780 1959 82 55 yet

340 2026 255 55 oppressed
614 2028 326 53 countrymen,
962 2026 96 55 and
1076 2026 83 55 the
1178 2025 181 56 defense
1377 2025 55 56 of
1450 2026 84 55 the
1550 2024 170 57 Union.

440 2091 98 41 The
565 2090 261 43 Gibralters
854 2091 53 42 of
925 2091 84 42 the
1026 2090 294 54 Mississippi,
1341 2089 267 57 Vicksburg
1626 2090 96 56 and
1741 2090 121 56 Port

341 2155 218 53 Hudson,
580 2157 97 51 had
695 2157 139 51 fallen
852 2157 66 53 by
934 2157 83 53 the
1034 2156 156 54 might
1209 2155 53 55 of
1280 2155 84 55 the
1381 2155 158 55 Union
1567 2156 194 54 armies;
1780 2156 82 54 the

340 2219 280 56 Mississippi
645 2234 98 41 was
780 2234 121 41 open
934 2224 57 51 t©
1026 2221 83 54 the
1144 2219 118 56 Gulf.
1316 2220 99 55 The
1442 2221 247 54 shattered
1715 2223 147 52 ranks

341 2287 55 41 of
422 2287 83 41 the
530 2286 262 42 victorious
818 2289 187 51 troops,
1044 2286 96 54 and
1173 2285 84 55 the
1283 2285 213 55 depleted
1523 2288 149 52 ranks
1700 2287 53 53 of
1780 2288 83 52 the

342 2350 233 52 Phalanx,
596 2353 106 49 rent
730 2350 96 52 and
859 2354 115 48 torn
1009 2352 65 52 by
1106 2350 84 54 the
1223 2362 165 42 enemy
1423 2351 175 57 during
1630 2354 85 54 the
1747 2354 117 56 long

340 2416 124 54 siege
499 2415 53 55 of
580 2415 122 55 Port
737 2415 217 55 Hudson,
983 2416 99 54 lent
1117 2428 64 42 an
1206 2415 233 55 inspiring
1463 2418 100 52 zeal
1587 2421 58 49 to
1671 2420 85 50 the
1789 2433 74 37 ne¬

340 2493 139 42 groes
499 2480 54 55 of
571 2480 82 55 the
671 2483 218 52 country,
909 2480 147 55 which
1074 2479 280 56 manifested
1371 2480 132 55 itself
1521 2482 50 53 in
1588 2484 84 51 the
1689 2486 174 55 rapidi¬

340 2548 58 52 ty
417 2546 52 54 of
488 2546 83 54 the
588 2545 271 55 enlistment
879 2546 53 54 of
951 2546 270 54 volunteers
1238 2546 56 54 to
1314 2545 65 55 fill
1396 2558 65 42 up
1479 2547 83 53 the
1579 2562 138 42 gaps.

440 2610 57 41 In
514 2610 202 54 August,
739 2610 142 54 1863,
902 2611 82 53 the
1011 2609 284 55 authorities
1323 2609 54 55 of
1395 2611 84 53 the
1497 2611 140 53 State
1656 2616 54 48 of
1731 2617 133 47 Iowa

345 2677 155 54 began
525 2676 82 55 the
633 2676 270 55 enlistment
930 2675 52 56 of
1002 2687 196 44 negroes
1225 2687 55 44 as
1307 2687 32 44 a
1364 2678 115 53 part
1506 2678 54 53 of
1579 2679 83 52 her
1689 2686 170 50 quota.

346 2742 204 42 Keokuk
567 2753 98 31 was
692 2740 194 44 selected
913 2753 55 31 as
993 2741 83 43 the
1101 2740 131 53 place
1258 2739 53 54 of
1329 2740 303 53 rendezvous.
1689 2746 73 47 On
1778 2750 86 43 the

347 2808 122 41 11th
495 2807 53 42 of
566 2806 83 43 the
673 2805 253 55 following.
938 2804 203 56 October
1166 2804 107 56 nine
1297 2803 83 57 full
1405 2808 272 52 companies
1712 2815 152 45 under

345 2874 83 41 the
453 2871 253 44 command
733 2870 53 45 of
806 2869 188 46 Colonel
1019 2869 130 46 John
1176 2868 53 47 G.
1248 2868 219 53 Hudson,
1487 2872 125 49 took
1636 2875 84 46 the
1738 2881 123 42 oath

347 2939 53 42 of
422 2937 253 55 allegiance
699 2938 56 54 to
781 2935 82 57 the
888 2934 171 58 United
1086 2933 175 59 States,
1284 2934 96 58 and
1405 2934 190 58 became
1622 2950 32 42 a
1679 2946 115 49 part
1813 2946 53 49 of
