2200 3300
350 294 97 43 164

651 299 222 44 History
900 311 64 32 of
991 310 96 33 the
1113 299 166 44 Black
1305 296 253 47 Phalanx.

343 433 180 34 returned
549 436 179 32 veterans
749 434 43 34 of
808 434 92 34 that
921 431 270 45 organization
1212 439 52 37 on
1283 429 67 47 the
1370 427 97 49 13th
1497 426 43 50 of
1569 423 91 53 Jan.
1683 423 116 53 1864,
1823 426 47 50 at

343 486 134 44 Irving
491 488 101 42 Hall.
623 488 49 42 Of
680 489 79 41 this
775 499 98 32 song
885 489 34 42 it
933 498 102 33 may,
1051 487 176 44 perhaps,
1243 485 47 46 be
1304 483 95 48 said,
1416 482 39 49 in
1468 481 126 50 verity
1610 479 78 52 and
1703 480 166 51 without

343 543 150 43 vanity,
515 544 103 42 that,
642 554 45 32 as
709 543 87 43 Gen.
820 543 184 43 Hunter's
1024 543 113 43 letter
1156 543 45 43 to
1230 539 70 47 Mr.
1325 536 176 50 Wickliffe
1528 535 80 51 had
1636 534 140 52 settled
1802 534 69 52 the

342 608 119 32 negro
477 598 168 42 soldiers'
661 602 250 38 controversy
925 598 39 42 in
978 598 52 42 its
1046 595 138 45 official
1204 594 79 46 and
1303 590 292 50 Congressional
1614 589 112 51 form,
1743 598 45 42 so
1804 587 66 53 did

342 653 68 34 the
429 654 238 42 publication
695 654 78 42 and
799 653 219 43 immediate
1044 650 166 46 popular
1231 647 191 49 adoption
1443 646 43 50 of
1501 645 108 51 these
1630 654 126 42 verses
1782 653 89 43 con¬

342 708 107 34 clude
470 709 51 33 all
542 711 204 40 argument
767 718 104 33 upon
892 707 78 44 this
991 708 145 43 matter
1156 704 40 47 in
1216 703 67 48 the
1302 701 107 50 mind
1424 701 42 50 of
1481 701 67 50 the
1561 699 154 52 general
1730 698 138 53 public.

342 762 59 36 Its
422 774 178 24 common
621 774 115 31 sense,
761 763 89 42 with
873 772 25 33 a
920 761 97 44 dash
1039 760 43 45 of
1098 759 175 46 drollery,
1290 759 46 46 at
1357 766 92 39 once
1469 765 86 40 won
1570 765 93 40 over
1676 753 67 52 the
1756 754 111 51 Irish,

344 818 83 35 who
447 819 80 34 had
547 819 91 34 been
658 819 66 34 the
744 818 179 35 bitterest
945 816 217 42 opponents
1190 813 43 45 of
1255 813 67 45 the
1349 821 182 37 measure,
1561 812 45 46 to
1634 810 154 48 become
1815 809 54 49 its

340 873 157 44 friends;
515 874 77 43 and
605 874 99 43 from
718 873 93 44 that
824 872 99 45 hour
937 873 44 44 to
996 870 90 47 this,
1103 869 66 48 the
1191 867 157 50 attacks
1369 877 106 40 upon
1495 867 67 50 the
1581 866 234 51 experiment
1829 865 45 52 of

341 938 73 24 our
434 939 117 32 negro
573 929 164 42 soldiery
758 928 99 43 have
877 927 92 44 been
992 935 43 36 so
1057 924 65 47 few
1145 923 78 48 and
1243 923 60 48 far
1316 922 165 49 between
1495 922 103 49 that,
1614 922 143 49 indeed,
1774 922 93 49 they

340 993 93 32 may
447 984 45 41 be
506 983 84 42 said
604 986 45 39 to
664 984 99 41 have
776 981 132 44 ceased
923 979 229 46 altogether.
1195 977 40 48 It
1249 988 72 37 ran
1343 987 44 38 as
1407 977 157 48 follows,
1582 977 78 48 and
1675 977 191 48 appeared

339 1037 41 34 in
393 1038 66 34 the
472 1038 146 34 Herald
630 1038 66 34 the
710 1037 178 41 morning
903 1035 98 43 after
1021 1034 66 44 the
1108 1033 173 45 banquet
1301 1042 45 36 as
1368 1043 26 35 a
1406 1033 160 45 portion
1588 1033 44 45 of
1646 1032 67 46 the
1731 1034 135 44 report

340 1092 45 35 of
399 1093 67 34 the
480 1092 171 44 speeches
665 1092 78 44 and
757 1091 216 45 festivities:

781 1166 196 29 "SAMBO'S
995 1165 131 30 RIGHT
1144 1165 53 30 TO
1215 1165 54 30 BE
1288 1165 124 30 KIL'T.

839 1219 168 31 (Air—The
1016 1218 217 32 Low-Backed
1246 1218 116 32 Chair.)

737 1273 92 26 Some
841 1278 58 23 say
912 1272 27 29 it
950 1272 27 29 is
990 1277 20 24 a
1022 1271 124 30 burnin'
1161 1270 109 31 shame

803 1314 48 25 To
864 1313 92 26 make
967 1313 55 26 the
1033 1319 143 24 naygurs
1189 1312 90 31 fight,

735 1356 59 26 An'
807 1355 77 27 that
895 1355 55 27 the
961 1354 115 28 thrade
1089 1354 30 28 o'
1132 1354 94 30 being
1238 1353 60 31 kilt

802 1396 137 30 Belongs
950 1396 61 30 but
1021 1395 39 31 to
1071 1395 56 31 the
1138 1395 109 31 white;

736 1437 67 28 But
815 1444 36 21 as
862 1438 51 27 for
925 1444 56 23 me,
995 1444 87 23 upon
1095 1443 49 24 me
1156 1437 85 31 sowl,

803 1479 42 26 So
856 1478 110 27 liberal
979 1485 54 20 are
1044 1485 44 20 we
1100 1478 80 31 here,

735 1520 50 27 I'll
796 1520 45 27 let
852 1520 119 27 Sambo
983 1520 38 27 be
1034 1519 180 28 murthered
1226 1520 32 27 in
1270 1519 88 32 place
1370 1520 30 31 o'
1414 1519 108 32 meself

802 1562 48 26 On
861 1568 93 23 every
967 1561 63 30 day
1043 1561 33 30 in
1088 1561 55 30 the
1155 1567 85 24 year.

735 1603 47 27 On
794 1610 92 23 every
899 1603 64 30 day
975 1603 32 30 in
1019 1603 55 30 the
1086 1609 86 24 year,
1186 1603 92 30 boys,

733 1645 58 26 An'
805 1648 92 26 every
909 1644 83 30 hour
1003 1644 32 30 in
1053 1644 56 30 the
1121 1644 73 31 day,

733 1686 67 27 The
811 1686 88 31 right
910 1686 37 31 to
959 1686 38 31 be
1009 1685 71 32 kil't
1093 1685 49 32 I'll
1155 1685 104 32 divide
1270 1685 60 32 wid
1340 1686 77 33 him,

799 1728 58 26 An'
872 1727 76 27 divil
959 1733 21 21 a
992 1726 87 28 word
1091 1726 50 28 I'll
1153 1733 69 24 say.

734 1791 38 27 In
783 1791 132 27 battle's
927 1791 69 27 wild
1010 1791 198 27 commotion

799 1833 16 26 I
827 1832 164 28 shouldn't
1003 1833 38 27 at
1053 1832 43 28 all
1109 1828 112 36 object,

731 1873 33 28 If
776 1874 147 27 Sambo's
935 1874 86 29 body
1034 1874 115 29 should
1163 1875 75 30 stop
1251 1881 22 24 a
1284 1874 67 31 ball

798 1916 87 25 That
897 1922 65 19 was
973 1915 114 26 comin'
1101 1915 50 26 for
1163 1922 49 19 me
1225 1915 114 32 direct;

731 1956 59 27 An'
802 1957 56 26 the
869 1956 81 30 prod
964 1956 35 30 of
1014 1962 21 24 a
1048 1956 159 30 Southern
1222 1957 133 32 bagnet,

798 1997 41 27 So
851 1997 110 27 liberal
974 2004 54 20 are
1039 2004 44 20 we
1095 1997 81 32 here,

729 2038 51 28 I'll
791 2039 102 30 resign
907 2038 64 31 and
983 2038 44 31 let
1040 2038 119 31 Sambo
1173 2039 77 30 take
1261 2039 37 31 it.

797 2080 48 26 On
857 2086 91 23 every
961 2079 63 30 day
1037 2080 32 29 in
1082 2080 55 29 the
1150 2086 84 23 year.

731 2121 47 26 On
790 2127 93 20 everv
895 2120 64 30 day
971 2121 32 29 in
1015 2121 55 29 the
1082 2127 77 24 year
1171 2121 92 31 boys,

729 2162 59 26 An'
801 2162 59 26 wid
873 2168 81 20 none
966 2162 30 26 o'
1010 2168 83 23 your
1105 2163 98 29 nasty
1216 2163 97 31 pride,

729 2203 50 26 All
790 2203 87 30 right
888 2203 32 30 in
933 2209 21 24 a
966 2203 159 30 Southern
1136 2204 122 30 bagnet
1269 2203 83 33 prod

801 2242 70 28 Wid
884 2244 118 26 Sambo
1015 2244 49 26 I'll
1076 2244 113 27 divide.

728 2307 66 27 The
806 2314 69 20 men
889 2308 68 26 who
971 2308 103 29 object
1086 2309 37 28 to
1137 2308 119 29 Sambo

795 2348 119 26 Should
926 2349 76 25 take
1014 2349 48 26 his
1075 2349 88 30 place
1176 2350 64 29 and
1253 2351 97 30 fight;

727 2389 60 27 An'
799 2389 55 27 it's
865 2389 126 27 betther
1002 2391 37 25 to
1051 2390 83 26 have
1146 2397 21 20 a
1180 2392 153 30 naygur's
1350 2392 62 30 hue

794 2431 93 26 Than
899 2437 21 20 a
930 2431 77 26 liver
1019 2432 104 26 that's
1136 2432 88 26 wake
1236 2433 52 25 an'
1301 2433 109 32 white;

728 2471 137 33 Though
877 2473 146 31 Sambo's
1035 2473 93 31 black
1140 2479 38 25 as
1190 2474 56 30 the
1257 2481 54 23 ace
1323 2475 31 29 o'
1366 2475 116 33 spades

793 2516 60 26 His
865 2517 98 31 finger
975 2524 21 24 a
1007 2518 144 33 thrigger
1163 2526 60 25 can
1234 2519 75 33 pull,

727 2560 59 26 An'
798 2560 49 26 his
859 2568 55 24 eye
924 2568 77 24 runs
1014 2563 166 32 sthraight
1194 2570 42 25 on
1249 2564 56 31 title
1318 2564 102 31 barrel
1432 2565 89 33 sight

793 2604 97 27 From
902 2606 98 26 under
1011 2606 43 26 its
1067 2607 116 27 thatch
1196 2608 30 26 o*
1239 2607 91 28 wool.

727 2648 43 26 So
782 2648 77 26 hear
871 2656 49 20 me
932 2650 51 30 all,
996 2651 91 31 boys,
1102 2651 135 31 darlins!

792 2692 99 27 Don't
902 2693 92 27 think
1007 2694 60 26 I'm
1078 2695 119 32 tippen'
1209 2702 66 25 you
1287 2695 92 32 chaff,

727 2735 66 27 The
803 2737 89 31 right
903 2737 37 31 to
953 2738 38 30 be
1002 2738 60 30 kilt
1073 2738 48 30 I'll
1135 2739 103 29 divide
1249 2739 59 29 wid
1320 2739 75 32 him,

793 2780 58 26 An'
864 2781 71 32 give
946 2781 65 32 him
1023 2782 55 31 the
1089 2782 120 32 largest
1220 2782 81 32 half!

412 2846 78 35 "In
502 2845 140 45 regard
660 2848 46 42 to
728 2845 183 45 Hunter's
925 2847 104 43 reply
1043 2850 45 40 to
1103 2848 69 42 Mr.
1188 2848 188 44 Wickliffe,
1392 2861 53 31 we
1459 2850 99 42 shall
1572 2853 92 44 only
1679 2855 78 42 add
1771 2855 80 42 this

332 2902 195 42 anecdote,
542 2901 86 43 told
647 2912 47 32 us
714 2912 72 32 one
807 2902 78 42 day
905 2902 52 42 by
976 2903 94 41 that
1089 2903 171 41 brilliant
1280 2905 217 41 gentleman
1512 2907 78 39 and
1604 2909 164 44 scholar,
1783 2911 69 42 the

331 2956 95 36 Hon
440 2958 22 34 "
471 2956 168 36 Sunset"
655 2955 88 45 Cox,
761 2955 44 45 of
821 2956 95 44 Ohio
934 2957 101 43 (now
1050 2957 43 43 of
1108 2957 85 43 New
1205 2957 145 45 York):
1393 2960 10 42 '
1411 2959 20 43 I
1444 2961 66 41 tell
1522 2971 92 35 you,
1629 2963 94 43 that
1735 2964 117 42 letter
