2212 3308
973 302 271 44 Appendix.

1761 304 96 45 527

342 427 111 33 most
465 428 116 41 point
596 430 44 39 of
656 430 146 45 danger
815 432 40 43 in
869 433 66 42 the
949 434 154 43 coming
1117 434 182 44 struggle,
1316 433 78 45 and
1409 443 91 35 says
1514 433 93 45 that
1620 433 59 45 his
1693 445 85 33 men
1792 445 67 33 are

344 478 47 24 as
405 472 121 41 ready
541 483 45 30 as
601 475 153 38 himself
770 479 45 34 to
830 479 112 34 stake
956 479 100 34 their
1070 479 91 34 lives
1176 488 105 33 upon
1295 478 66 43 the
1375 478 135 43 result;
1534 478 73 43 but
1626 479 66 42 the
1705 480 153 41 general

342 513 245 38 —doubtless
602 520 134 43 acting
756 531 106 33 upon
876 522 153 42 explicit
1050 523 263 41 orders—says
1334 522 92 42 they
1441 523 116 41 must,
1575 524 45 40 at
1640 526 153 39 present
1812 527 46 38 at

342 555 113 45 least,
472 559 47 41 be
533 564 174 36 confined
722 567 45 33 to
783 566 187 43 manning
982 567 67 42 the
1063 566 271 43 fortifications
1349 566 96 43 here.

428 603 21 15 "
459 603 19 34 I
493 614 66 24 am
574 606 133 43 happy
721 611 45 38 to
782 619 72 32 say
868 611 94 40 that
975 611 66 40 the
1055 610 133 42 feeling
1201 609 153 43 toward
1368 610 105 42 these
1487 609 153 43 colored
1653 611 206 42 regiments

342 644 251 45 throughout
614 652 66 37 the
696 663 111 32 army
822 654 33 41 is
870 654 238 42 undergoing
1130 654 65 42 the
1210 656 105 40 most
1329 653 111 43 rapid
1463 652 77 44 and
1561 655 296 42 extraordinary

342 689 181 44 changes.
568 693 166 40 Soldiers
749 698 94 35 that
857 698 92 41 only
964 708 26 31 a
1003 700 65 39 tew
1083 697 169 42 months,
1269 707 89 32 nay,
1376 697 118 42 weeks
1509 706 88 33 ago,
1614 699 125 40 would
1759 699 100 40 have

342 733 116 35 flown
472 735 86 35 into
575 748 26 23 a
614 739 146 35 furious
775 742 158 41 passion
950 744 45 39 at
1015 742 67 41 the
1096 742 92 41 bare
1201 741 87 42 idea
1302 741 44 42 of
1362 751 25 32 a
1402 741 112 42 black
1534 752 91 31 man
1639 743 180 42 carrying
1833 754 26 31 a

342 778 157 35 musket
512 780 75 34 like
600 783 238 43 themselves,
855 796 86 30 now
950 794 82 32 say,
1052 786 8 40 '
1071 785 42 42 O,
1130 786 31 41 if
1169 794 79 33 you
1264 795 65 32 are
1342 784 120 43 going
1476 788 43 39 to
1534 786 87 42 give
1634 786 105 42 them
1746 787 114 41 white

343 822 149 35 officers
506 824 94 35 that
613 826 33 34 is
662 829 166 33 another
843 830 112 33 affair
971 828 275 43 altogether.'"

445 953 101 44 The
571 957 244 58 following
839 961 142 54 letter
1006 962 132 54 gives
1173 974 131 42 some
1337 962 282 56 interesting
1651 964 208 54 recollec¬

342 1019 135 45 tions
514 1022 55 42 of
596 1024 84 42 the
714 1026 218 56 military
966 1030 164 52 events
1158 1028 54 54 of
1239 1028 83 54 the
1347 1028 313 55 Department
1695 1030 53 53 of
1775 1030 86 53 the

345 1085 130 45 Gulf:

1019 1159 123 35 "New
1165 1159 194 44 Orleans,
1383 1160 177 43 January
1575 1161 108 43 18th,
1700 1163 115 41 1883.

346 1196 90 36 "To
453 1196 156 37 Colonel
619 1199 37 35 J.
677 1199 39 36 T.
741 1201 150 44 Wilson,
909 1202 170 44 Norfolk,
1104 1203 85 43 Va.:

427 1242 177 35 "Friend
616 1254 7 23 :
667 1244 108 35 Your
795 1249 79 31 two
896 1247 179 34 circulars
1096 1247 127 34 issued
1243 1248 98 34 from
1363 1247 171 36 Cailloux
1555 1249 99 35 Post
1673 1249 70 35 No.
1759 1251 25 33 2
1807 1261 51 24 on

343 1287 68 34 the
431 1286 99 35 13th
551 1287 92 35 inst.
667 1298 66 25 are
753 1290 178 34 received.
975 1291 41 34 It
1035 1291 33 34 is
1084 1291 105 42 quite
1204 1302 25 31 a
1249 1292 245 42 compliment
1514 1295 44 39 to
1581 1293 211 41 Louisiana
1812 1297 45 37 to

345 1331 99 34 have
451 1332 140 33 named
605 1342 102 31 your
721 1333 99 40 Post
834 1334 100 39 after
948 1335 67 38 the
1029 1335 91 38 hero
1130 1335 44 38 of
1183 1334 100 39 Port
1298 1335 173 43 Hudson,
1482 1336 83 42 who
1580 1338 278 40 immortalized

344 1375 152 34 himself
511 1375 40 34 in
564 1376 115 34 those
693 1377 213 35 celebrated
922 1378 159 43 charges
1096 1379 39 42 in
1150 1379 102 43 May,
1271 1379 114 43 1863.

428 1421 21 15 "
459 1419 39 34 It
517 1420 34 33 is
573 1430 92 24 over
685 1423 149 39 twenty
847 1432 113 31 years
982 1433 77 31 ago
1082 1423 93 41 that
1195 1423 19 41 I
1236 1424 98 40 took
1356 1434 26 30 a
1395 1425 244 39 commission
1660 1426 39 38 in
1719 1426 66 38 the
1806 1426 52 38 3d

345 1463 213 35 Louisiana
579 1464 140 35 Native
734 1465 132 34 Guard
888 1476 45 24 as
949 1476 26 25 a
989 1466 126 35 senior
1135 1467 214 35 lieutenant
1370 1468 42 34 of
1429 1468 197 43 Company
1648 1470 48 41 H.
1739 1470 19 41 I
1779 1480 79 31 was

347 1507 106 43 quite
467 1508 179 42 intimate
661 1509 90 41 with
769 1509 165 43 Captain
949 1510 127 42 Andre
1092 1510 181 42 Cailloux.

429 1551 157 35 "Grave
614 1553 145 35 doubts
788 1554 79 34 had
895 1555 92 34 been
1009 1555 199 42 expressed
1236 1555 52 42 by
1316 1555 141 42 Banks,
1481 1557 66 40 the
1567 1558 169 39 nominal
1759 1568 100 29 com¬

347 1596 169 42 mander,
534 1597 78 41 and
627 1598 59 40 his
702 1599 145 39 officers
862 1599 208 42 regarding
1083 1600 66 41 the
1163 1601 132 40 fitness
1311 1600 43 41 of
1363 1601 150 40 colored
1529 1611 84 34 meij
1628 1611 44 34 as
1688 1602 168 43 soldiers.

348 1640 79 34 The
446 1641 221 42 perplexing
687 1643 179 41 question
881 1653 90 31 was,
998 1643 104 41 'Will
1123 1643 91 41 they
1231 1644 117 40 stand
1368 1645 100 39 their
1488 1645 232 42 christening
1740 1646 120 41 under

348 1685 90 34 such
448 1695 25 24 a
480 1685 79 34 hail
574 1688 123 31 storm
708 1696 44 24 as
761 1687 72 33 will
841 1696 106 24 come
955 1686 99 35 from
1069 1687 113 34 those
1196 1688 179 42 bristling
1384 1688 97 42 Port
1490 1688 162 42 Hudson
1666 1690 190 42 heights?'

348 1728 45 34 In
414 1729 81 34 fact
521 1730 113 33 those
654 1730 107 34 three
781 1731 152 33 colored
955 1731 314 42 regiments—the
1291 1732 74 41 1st,
1390 1733 62 40 2d,
1476 1733 77 40 and
1575 1733 51 40 3d
1647 1733 212 40 Louisiana

348 1772 139 35 Native
509 1766 162 48 Guards,
697 1775 204 41 organized
922 1776 39 40 in
984 1776 115 41 1862,
1119 1776 75 41 and
1218 1776 203 41 afterward
1442 1777 270 42 incorporated
1733 1778 38 41 in
1793 1779 66 40 the

348 1816 152 35 Ullman
516 1817 164 43 Brigade
695 1828 44 32 as
753 1819 68 41 the
836 1819 88 41 73d,
944 1819 107 42 74th,
1070 1820 77 41 and
1164 1819 216 42 75th—had
1395 1821 151 40 become
1561 1832 105 29 more
1680 1832 25 29 a
1714 1822 145 43 subject

349 1861 44 33 of
408 1863 80 32 test
501 1862 100 33 than
617 1862 42 33 of
675 1863 80 33 real
770 1863 232 42 dependence
1017 1866 46 39 at
1077 1865 66 40 the
1157 1864 146 41 critical
1319 1864 176 42 juncture
1510 1865 43 41 of
1568 1866 102 40 trial.

431 1906 21 15 "
464 1904 158 36 General
644 1906 210 35 Osterhaus
876 1908 131 34 solved
1027 1908 68 34 the
1117 1910 172 39 mystery
1309 1909 53 41 by
1383 1909 139 43 taking
1541 1910 204 42 command
1767 1909 44 43 of
1833 1921 27 31 a

350 1949 174 40 division,
548 1950 194 43 including
762 1951 66 42 the
850 1951 65 42 1st
936 1952 78 41 and
1036 1952 51 41 3d
1109 1952 139 41 Native
1270 1951 161 42 Guards.
1476 1952 124 41 Those
1614 1954 245 42 magnificent

349 1993 111 34 series
476 1994 44 34 of
528 1994 159 42 charges
701 2005 94 31 were
809 1996 112 40 made
927 1996 53 43 by
988 1997 105 42 these
1102 2000 78 39 two
1189 1996 216 43 regiments.
1449 1997 78 42 The
1535 1998 85 41 first
1627 1998 139 42 charge
1779 2008 79 32 was

349 2038 112 34 made
483 2048 51 24 on
556 2048 25 24 a
602 2039 170 41 Sunday,
789 2039 66 41 the
870 2040 96 40 27th
983 2040 76 42 day
1076 2041 42 41 of
1130 2040 101 42 May,
1251 2040 114 42 1863,
1382 2041 210 43 supported
1608 2051 50 33 on
1673 2042 65 42 the
1752 2043 107 42 right

348 2082 53 41 by
422 2082 66 41 the
508 2082 213 41 celebrated
743 2083 184 42 Duryea's
948 2083 182 43 Zouaves,
1155 2085 44 41 of
1216 2083 85 43 New
1323 2084 115 42 York,
1462 2085 117 41 which
1600 2096 93 30 were
1713 2087 145 39 mowed

349 2126 112 34 down
482 2126 73 34 like
575 2136 112 33 grass
708 2127 128 42 before
857 2138 26 31 a
903 2129 141 42 scythe.
1088 2127 41 44 It
1149 2140 79 31 was
1243 2129 90 42 then
1357 2129 78 42 and
1455 2129 107 42 there
1580 2130 93 41 that
1694 2130 164 43 Captain

349 2169 172 35 Cailloux
542 2171 214 42 gloriously
777 2171 85 42 died
882 2172 39 41 in
942 2173 172 40 advance
1136 2173 43 40 of
1194 2173 59 40 his
1276 2184 191 32 company
1481 2174 106 42 while
1606 2175 173 42 cheering
1798 2176 60 41 his

349 2224 96 25 men.
489 2215 125 34 Itwas
629 2216 84 34 also
730 2226 52 24 on
796 2216 94 34 that
904 2216 76 42 day
996 2217 91 41 that
1101 2217 67 41 the
1181 2218 198 40 immortal
1394 2218 262 43 color-bearer,
1666 2220 189 41 Anselino,

348 2269 80 24 "was
448 2259 123 42 killed,
590 2260 78 41 and
695 2259 61 42 fell
776 2260 133 41 within
928 2261 67 40 the
1015 2261 99 40 folds
1137 2262 43 39 of
1202 2262 59 39 his
1283 2263 223 42 regimental
1527 2264 90 41 flag,
1640 2263 117 42 which
1779 2274 79 31 was

350 2303 220 34 besmeared
584 2304 92 33 with
690 2304 59 33 his
763 2304 129 41 blood,
910 2305 91 40 with
1015 2306 67 39 the
1096 2306 145 39 broken
1257 2306 188 42 flag-staff
1455 2307 38 41 in
1508 2307 58 41 his
1580 2308 116 40 hand.
1741 2308 117 40 Other

350 2350 141 40 strong
504 2357 106 33 arms
624 2357 106 33 came
744 2350 45 40 to
804 2348 67 42 the
885 2358 124 32 rescue
1025 2349 43 41 of
1084 2349 66 41 the
1163 2350 80 42 flag
1258 2351 90 41 only
1362 2352 44 40 to
1422 2353 99 39 meet
1542 2351 117 41 death
1674 2352 98 40 until
1792 2353 67 39 the

350 2391 127 34 honor
491 2391 44 34 of
550 2392 67 34 the
630 2392 80 42 flag
725 2392 112 42 alone
851 2394 86 40 cost
956 2392 67 42 the
1043 2392 93 42 lives
1151 2393 43 41 of
1211 2393 144 41 sixteen
1369 2404 84 30 men
1469 2405 46 29 or
1529 2405 114 29 more.
1688 2395 78 39 The
1779 2396 79 43 gal¬

349 2436 88 34 lant
451 2435 233 35 Lieutenant
698 2434 174 36 Crowder
885 2445 78 25 was
978 2435 111 35 killed
1105 2446 51 24 on
1170 2436 66 34 the
1249 2437 86 33 field
1351 2438 43 32 of
1402 2438 126 33 honor
1542 2441 46 31 at
1601 2439 66 33 the
1680 2439 126 34 flower
1820 2439 43 34 of

350 2480 59 34 his
425 2490 82 32 age.
552 2478 166 44 Captain
740 2478 119 44 Sauer
874 2488 78 34 was
966 2479 185 43 wounded
1171 2479 39 43 in
1231 2480 67 42 the
1317 2480 85 42 foot
1423 2482 106 40 while
1542 2482 194 42 charging.
1780 2482 79 42 The

351 2524 53 34 3d
417 2522 301 36 NativeGuards
733 2523 84 35 also
834 2522 197 36 sustained
1045 2522 52 36 its
1111 2523 236 42 reputation,
1358 2524 77 41 and
1450 2535 117 31 many
1576 2521 109 45 deeds
1695 2526 43 40 of
1746 2526 113 40 valor

349 2578 95 25 were
464 2567 214 43 performed
699 2567 53 43 by
773 2566 53 44 its
849 2565 143 45 officers
1007 2565 78 45 and
1106 2575 96 35 men.
1245 2566 80 44 But
1338 2567 104 43 when
1458 2568 98 42 after
1575 2569 112 41 those
1700 2579 160 32 engage¬

350 2614 127 32 ments
492 2612 66 34 the
572 2610 160 36 roll-call
754 2619 79 27 was
847 2608 113 38 made
974 2618 53 28 we
1046 2608 79 38 had
1145 2619 117 31 many
1284 2609 137 41 friends
1442 2612 45 38 to
1504 2621 146 29 mourn.
1693 2612 85 38 You
1794 2622 66 28 are

350 2665 137 32 aware,
512 2655 19 42 I
552 2664 178 33 suppose,
755 2652 44 45 of
822 2662 52 35 an
895 2651 197 46 historical
1113 2651 89 46 fact.
1245 2652 183 45 Jefferson
1450 2654 118 43 Davis
1588 2655 77 42 had
1687 2655 125 42 issued
1833 2666 26 31 a

349 2699 289 44 proclamation
659 2698 95 45 that
775 2705 79 38 any
874 2694 152 49 colored
1055 2694 124 49 officer
1198 2696 184 47 captured
1404 2698 45 45 at
1475 2697 67 46 the
1561 2697 99 46 head
1682 2698 44 45 of
1746 2699 113 44 black

349 2747 142 39 troops
512 2742 128 44 would
661 2743 74 43 not
762 2739 47 47 be
829 2737 228 49 exchanged,
1081 2737 73 49 but
1173 2737 256 49 immediately
1450 2740 115 46 hung.
1608 2740 40 46 It
1667 2751 79 35 was
1766 2742 92 44 thus

349 2789 96 34 that
472 2786 230 37 Lieutenent
730 2783 119 40 ORcar
870 2781 168 42 Orillion,
1061 2780 105 43 when
1186 2782 184 42 captured
1398 2784 46 40 at
1470 2782 182 43 Jackson,
1675 2784 82 42 La.,
1779 2794 79 32 was

349 2832 110 42 hung
473 2831 79 43 and
567 2830 94 44 shot
674 2830 46 44 to
734 2826 130 48 pieces.

434 2875 132 34 "Port
590 2871 166 38 Hudson
776 2878 79 31 was
878 2866 242 43 surrendered
1141 2866 52 43 by
1216 2866 155 43 General
1393 2868 229 41 Pemberton
1641 2870 66 39 the
1729 2871 69 38 8th
1821 2871 42 38 of

350 2919 96 42 July
474 2917 118 44 1863.
637 2912 156 49 General
817 2910 211 51 Osterhaus
1049 2910 152 51 became
1220 2920 93 41 very
1332 2912 125 49 proud
1472 2912 43 49 of
1529 2912 59 49 his
1602 2913 151 48 colored
1767 2914 93 47 regi¬

354 2964 129 34 ments
498 2961 100 37 after
611 2958 107 40 what
732 2957 47 41 he
792 2954 80 44 had
886 2962 84 36 seen
985 2955 45 43 at
1045 2952 98 46 Port
1157 2952 174 46 Hudson.
