2215 3310
675 267 107 45 The
808 269 167 45 Black
1000 272 240 44 Phalanx
1265 286 64 31 at
1356 276 201 46 School.

1777 285 94 43 505

359 393 149 43 squads
523 396 80 40 and
616 397 108 39 hired
744 401 185 44 teachers,
945 403 148 44 paying
1112 404 106 43 them
1239 408 73 39 out
1333 407 44 40 of
1390 408 100 39 their
1509 410 172 43 pittance
1702 414 43 39 of
1760 425 112 28 seven

359 445 148 40 dollars
521 461 68 34 per
603 454 151 43 month,
772 464 46 33 or
838 459 73 38 out
932 458 44 39 of
992 458 66 39 the
1078 458 152 44 bounty
1250 461 93 42 paid
1364 464 45 39 to
1430 463 105 40 them
1557 465 50 42 by
1621 466 66 41 the
1701 467 111 40 State
1825 473 46 34 to

356 502 122 36 which
493 506 93 43 they
600 518 95 31 were
710 511 225 38 accredited.
977 511 46 38 In
1039 523 26 26 a
1078 514 159 35 number
1252 516 43 33 of
1310 515 192 37 instances
1516 520 66 34 the
1596 521 143 36 officers
1752 525 121 34 them¬

356 558 121 36 selves
490 571 102 33 gave
606 562 255 42 instructions
875 568 46 36 to
942 566 101 38 their
1063 569 216 43 command,
1297 571 78 41 and
1396 573 113 39 made
1528 575 204 37 education
1753 589 26 23 a
1798 579 74 35 fea¬

354 614 90 34 ture
464 616 80 35 and
565 627 27 25 a
611 621 96 40 part
729 619 44 42 of
788 619 100 42 their
909 620 110 44 duty,
1035 622 160 43 thereby
1215 623 180 45 bringing
1408 625 67 43 the
1489 629 138 39 soldier
1640 640 51 34 up
1705 634 45 40 to
1766 644 25 30 a
1804 634 67 40 full

354 671 316 42 comprehension
699 673 45 40 of
772 674 68 39 the
867 676 287 44 responsibility
1182 677 44 43 of
1254 679 59 41 his
1347 682 118 38 trust.
1522 683 167 45 "Taps"
1705 697 78 31 was
1818 700 52 28 an

353 725 236 43 unpleasant
602 729 128 39 sound
744 731 46 37 to
805 740 120 32 many
947 741 27 31 a
994 732 151 43 soldier,
1161 733 97 44 who,
1275 734 100 43 after
1395 736 66 41 the
1481 737 145 44 fatigue
1639 741 78 40 and
1732 742 84 39 drill
1831 743 44 38 of

352 779 68 36 the
441 781 80 42 day
542 792 80 31 was
637 793 103 35 over,
757 787 67 41 sat
837 785 152 43 himself
1005 786 112 42 down
1134 798 106 33 upon
1255 799 51 32 an
1320 793 133 41 empty
1466 794 152 40 cracker
1631 794 90 44 box,
1736 797 92 41 with
1842 809 27 29 a

353 835 114 36 short
479 836 134 35 candle
626 838 40 34 in
682 848 72 25 one
768 838 107 37 hand
889 841 79 34 and
983 850 27 26 a
1024 842 161 44 spelling
1198 842 107 44 book
1318 845 40 41 in
1371 845 68 41 the
1453 847 122 43 other,
1597 851 45 39 to
1664 851 117 42 study
1801 852 68 41 the

353 891 63 42 ab,
432 892 58 43 eb,
507 892 97 43 ob's.
647 892 120 43 When
787 895 68 40 the
874 897 108 38 truce
1002 907 80 28 was
1104 898 173 37 sounded
1299 900 100 35 after
1419 910 26 26 a
1459 901 78 43 day
1551 913 46 31 or
1609 903 145 44 night's
1768 906 100 41 hard

351 947 178 44 fighting,
552 957 121 34 many
694 949 45 42 of
753 949 108 42 these
882 961 86 30 men
989 953 167 38 renewed
1184 953 99 38 their
1311 965 166 34 courage
1497 957 51 42 by
1577 958 183 45 studying
1788 961 79 42 and

351 1003 161 43 reading
525 1003 41 43 in
578 1004 69 42 the
662 1004 9 42 '
680 1004 87 42 New
788 1004 180 45 England
989 1006 165 45 Speller.'
1196 1008 87 43 And
1305 1010 120 41 where
1443 1012 92 42 they
1556 1013 99 41 have
1674 1015 194 44 fought,—

352 1058 86 35 died
457 1059 121 35 where
597 1060 94 42 they
711 1060 71 44 fell,
800 1061 79 43 and
900 1062 101 42 their
1021 1063 132 41 bodies
1176 1063 67 41 lefb
1263 1067 46 37 to
1338 1066 66 38 the
1430 1068 165 42 enemy's
1615 1079 135 33 mercy,
1773 1071 93 44 they

351 1114 106 35 often
470 1114 120 36 found
604 1115 40 35 in
657 1115 68 35 the
739 1116 99 36 dead
854 1117 172 35 soldier's
1042 1118 199 45 knapsack
1264 1131 26 32 a
1310 1121 278 44 spelling-book
1602 1125 77 40 and
1694 1135 26 30 a
1733 1125 134 40 Testa¬

350 1171 117 33 ment.
509 1170 54 36 At
576 1170 67 36 the
657 1171 100 43 seige
771 1172 44 42 of
831 1171 98 43 Port
953 1172 165 42 Hudson
1141 1174 77 40 and
1235 1175 235 44 Charleston,
1488 1178 78 41 and
1581 1179 44 40 of
1639 1178 222 47 Richmond,

350 1227 139 41 agents
504 1225 44 43 of
556 1226 67 42 the
637 1225 194 43 Christian
847 1227 252 41 Commission
1115 1230 79 38 and
1210 1230 43 38 of
1263 1231 157 37 various
1435 1232 112 36 other
1560 1234 181 43 societies,
1751 1236 113 41 made

350 1290 26 25 a
396 1280 186 44 specialty
604 1281 45 43 of
663 1282 68 42 the
753 1283 282 43 spelling-book
1059 1285 61 41 for
1141 1285 252 41 distribution
1414 1297 146 34 among
1572 1289 66 42 the
1652 1290 157 41 soldiers
1824 1290 45 41 of

347 1336 68 34 the
430 1335 189 44 Phalanx,
630 1337 78 42 and
718 1347 106 34 upon
838 1348 106 33 more
957 1339 101 42 than
1073 1350 73 31 one
1160 1341 179 40 occasion
1359 1342 100 39 have
1479 1343 106 38 these
1599 1343 157 38 soldiers
1770 1345 92 37 been

347 1391 121 35 found
481 1391 41 35 in
535 1390 67 36 the
615 1393 174 34 trenches
804 1393 93 35 with
911 1393 67 36 the
992 1395 133 43 speller
1139 1395 39 43 in
1192 1396 116 43 hand,
1326 1397 221 44 muttering,
1558 1397 76 44 bla,
1650 1398 84 43 ble.'

446 1468 102 46 The
564 1469 242 45 historian
824 1470 56 44 of
898 1471 84 43 the
1001 1472 123 43 55th
1141 1471 249 59 Begiment
1408 1486 136 44 says:

428 1557 65 35 "A
513 1559 115 42 great
648 1558 120 43 desire
788 1559 146 42 existed
957 1570 145 34 among
1122 1561 114 43 those
1256 1562 85 42 who
1355 1562 80 42 had
1449 1563 92 41 been
1556 1563 178 45 deprived
1748 1566 45 42 of
1808 1566 52 42 all

344 1612 248 36 educational
606 1613 200 44 privileges
821 1617 44 40 to
880 1615 106 42 learn
1000 1618 45 39 to
1061 1616 92 41 read
1169 1617 77 40 and
1262 1618 117 42 write,
1396 1618 78 42 and
1488 1619 170 44 through
1673 1621 65 42 the
1753 1621 106 42 kind¬

344 1679 87 24 ness
452 1669 79 35 and
551 1668 134 36 labors
708 1669 44 35 of
766 1669 65 36 Dr.
848 1670 198 36 Bowditch
1068 1671 78 35 and
1167 1672 144 43 others,
1328 1683 26 32 a
1373 1673 134 42 school
1528 1684 78 31 was
1626 1676 233 39 established

343 1725 47 34 to
404 1724 113 35 teach
531 1723 114 36 those
666 1725 84 35 who
773 1724 146 36 desired
939 1728 45 33 to
1006 1727 118 35 learn.
1166 1727 121 43 Many
1301 1728 151 42 availed
1466 1729 225 41 themselves
1707 1731 43 39 of
1765 1731 91 44 this,

345 1779 79 35 and
451 1789 120 34 many
598 1790 94 33 were
719 1781 166 42 assisted
913 1781 52 43 by
992 1782 101 42 their
1119 1792 193 34 company
1340 1784 145 42 officers
1513 1785 79 41 and
1611 1785 101 41 their
1731 1786 127 40 better

343 1835 188 34 informed
544 1834 313 46 fellow-soldiers,
874 1846 44 34 so
939 1836 94 44 that
1054 1848 26 32 a
1101 1837 152 43 decided
1273 1839 279 42 improvement
1565 1840 39 41 in
1618 1840 79 41 this
1711 1844 146 41 respect

343 1900 80 25 was
436 1891 154 35 effected
605 1901 147 34 among
765 1892 67 43 the
846 1902 86 33 men
946 1891 141 45 during
1100 1893 99 43 their
1213 1895 93 41 stay
1320 1896 46 40 at
1379 1893 230 43 Readville."

442 1968 100 43 But
567 1968 42 43 it
634 1968 42 43 is
701 1970 92 42 not
820 1981 248 43 necessary
1092 1971 58 53 to
1177 1969 133 55 dwell
1335 1983 131 43 upon
1492 1971 83 55 the
1600 1972 181 55 subject
1796 1975 58 52 to

342 2034 131 43 show
490 2035 85 43 the
592 2048 249 43 eagerness
869 2036 55 55 of
942 2036 134 55 these
1101 2036 199 55 soldiers
1325 2039 57 52 to
1399 2036 133 55 learn
1548 2040 57 51 to
1623 2038 114 53 read
1757 2039 96 52 and

341 2101 147 53 write,
509 2113 57 41 as
584 2113 150 44 many
752 2102 56 55 of
826 2102 132 55 them
977 2101 96 56 did.

441 2167 291 44 Lieutenant
749 2166 168 46 James
934 2167 62 45 M.
1017 2167 241 53 Trotter,*
1274 2168 49 52 in
1342 2180 65 40 an
1425 2168 164 52 article
1606 2169 246 54 published

341 2233 49 43 in
415 2233 88 44 Mr.
524 2233 257 45 Fortune's
808 2247 163 42 paper,
990 2234 133 55 gives
1149 2233 99 56 this
1274 2233 199 56 graphic
1498 2234 289 55 description
1805 2235 54 54 of

342 2300 139 43 "The
499 2299 376 45 School-master
891 2300 50 44 in
958 2299 83 45 the
1059 2299 195 56 Army":

421 2378 22 18 "
454 2377 51 36 Of
519 2378 68 35 the
600 2387 121 32 many
734 2375 229 44 interesting
975 2375 232 44 experiences
1222 2375 94 44 that
1330 2375 184 44 attended
1529 2385 72 34 our
1613 2376 152 43 colored
1779 2376 73 43 sol¬

339 2432 105 43 diery
459 2433 140 43 during
612 2433 68 43 the
693 2432 80 44 late
781 2440 80 36 war
874 2439 102 37 none
988 2439 66 37 are
1068 2440 106 36 more
1188 2430 153 46 worthy
1356 2429 43 47 of
1406 2429 115 47 being
1533 2430 204 46 recounted
1751 2431 100 45 than

336 2489 114 34 those
471 2488 168 42 relating
660 2489 44 41 to
727 2486 66 44 the
808 2485 133 45 rather
963 2484 230 46 improvised
1215 2484 163 46 schools,
1401 2484 40 46 in
1455 2484 116 46 which
1593 2494 92 36 were
1704 2485 147 45 taught

335 2544 69 34 the
415 2544 269 40 rudimentary
697 2540 198 44 branches.
941 2538 79 46 One
1035 2538 127 46 would
1182 2538 198 46 naturally
1393 2538 112 46 think
1526 2539 93 45 that
1638 2538 66 46 the
1717 2539 133 45 tented

335 2598 98 44 field,
456 2608 46 34 so
524 2597 107 45 often
652 2595 187 47 suddenly
855 2592 172 50 changed
1048 2595 46 47 to
1115 2593 66 49 the
1201 2592 145 50 bloody
1366 2592 85 50 field
1473 2592 44 50 of
1532 2593 135 49 battle,
1684 2603 78 39 was
1782 2593 67 49 the

334 2653 82 37 last
428 2654 109 44 place
550 2652 40 46 in
603 2652 68 46 the
684 2650 121 48 world
820 2648 120 50 where
955 2647 125 51 would
1095 2646 47 52 be
1154 2646 119 52 called
1287 2646 84 52 into
1385 2646 225 52 requisition
1624 2647 66 51 the
1703 2648 146 50 school¬

333 2708 189 37 teacher's
536 2706 179 42 services;
732 2705 40 43 in
788 2704 80 44 fact
882 2703 33 45 it
929 2701 125 47 would
1068 2700 138 48 hardly
1220 2700 47 48 be
1281 2700 190 48 supposed
1485 2701 93 47 that
1591 2701 91 47 such
1697 2711 26 37 a
1735 2702 113 46 thing

333 2775 81 25 was
433 2763 180 44 possible.
659 2761 74 46 Yet
752 2759 40 48 in
808 2768 73 39 our
895 2755 152 52 colored
1067 2755 198 52 American
1280 2764 111 43 army
1405 2755 78 52 this
1504 2755 152 52 became
1669 2757 73 50 not
1756 2756 92 51 only

331 2819 170 48 possible
521 2818 76 49 but
612 2815 121 52 really
753 2810 244 57 practicable,
1014 2809 60 58 for
1087 2808 39 59 in
1140 2809 34 58 it
1193 2808 222 59 frequently,
1430 2808 39 59 in
1485 2819 51 48 an
1551 2809 170 58 off-hand
1741 2820 107 47 man¬

331 2886 68 26 ner
426 2872 156 40 schools
598 2880 94 32 were
706 2865 234 47 established
961 2863 79 49 and
1061 2862 248 50 maintained,
1325 2864 73 48 not
1412 2863 91 49 only
1516 2863 60 49 for
1589 2863 179 49 teaching
1780 2864 67 48 the

331 2929 163 38 soldiers
510 2929 45 38 to
572 2924 94 43 read
688 2922 80 45 and
788 2920 106 47 write
914 2919 73 48 but
1001 2918 85 49 also
1100 2919 44 48 to
1161 2916 95 51 sing,
1272 2926 74 41 nor
1358 2926 93 41 were
1464 2916 184 51 debating
1662 2917 183 50 societies,

398 3005 17 16 *
432 3004 80 27 Now
525 3000 169 34 Registrar
706 2998 39 36 at
756 2995 225 39 Washington,
994 2993 37 41 D.
1044 2992 32 42 C.
