2212 3308
859 293 106 43 The
992 295 165 43 Black
1184 295 139 43 Flag

1759 292 95 42 335

427 421 206 42 Question.
676 424 73 39 Did
763 436 80 32 you
858 438 59 30 see
931 436 78 34 any
1029 429 99 41 rebel
1149 429 142 41 officers
1312 428 124 42 about
1457 427 105 43 while
1582 427 78 43 this
1675 427 187 44 shooting

329 486 82 25 was
433 478 123 44 going
577 481 78 41 on?
699 482 175 40 'Answer.
917 483 19 39 I
959 483 49 39 do
1030 487 71 35 not
1123 484 110 38 know
1254 494 44 28 as
1326 483 19 39 I
1373 493 75 29 saw
1471 493 77 32 any
1570 483 143 42 officers
1735 483 125 42 about

332 532 107 35 when
453 534 94 42 they
564 545 93 31 were
671 536 187 44 shooting
871 538 66 42 the
951 549 168 33 negroes.
1162 539 32 43 A
1214 539 156 43 captain
1391 549 105 33 came
1515 540 45 42 to
1575 549 59 33 me
1648 549 26 33 a
1687 538 66 44 few
1767 538 94 44 min¬

332 590 87 33 utes
435 589 99 35 atfter
550 590 17 34 I
583 601 79 24 was
677 591 110 44 shot;
805 593 46 42 he
866 604 77 31 was
957 594 99 41 close
1070 595 50 41 by
1136 604 58 32 me
1208 594 103 42 when
1324 594 19 42 I
1359 604 77 32 was
1451 594 101 42 shot.

415 643 216 43 'Question.
676 645 73 41 Did
770 647 46 39 he
836 650 65 40 try
922 650 46 40 to
991 652 90 40 stop
1103 650 66 42 the
1196 650 207 44 shooting?
1446 649 172 45 'Answer.
1660 649 19 45 I
1701 649 64 45 did
1786 651 74 43 not

327 698 95 36 hear
446 710 25 24 a
493 701 106 34 word
621 702 44 34 of
681 702 100 35 their
802 703 133 43 trying
955 706 45 40 to
1022 707 91 41 stop
1134 705 44 43 it.
1219 705 106 43 After
1345 706 91 42 they
1456 715 92 33 were
1568 705 92 43 shot
1673 705 122 44 down,
1811 705 48 44 he

329 753 89 36 told
439 755 108 35 them
568 759 74 33 not
661 759 46 33 to
730 757 120 36 shoot
869 758 105 35 them
997 770 78 32 any
1095 771 116 31 more.
1253 760 20 42 I
1293 761 143 42 begged
1450 761 77 42 him
1542 763 72 40 not
1627 763 44 40 to
1686 761 53 42 let
1752 760 106 43 them

330 809 122 36 shoot
467 821 59 24 me
541 812 128 43 again,
688 813 77 42 and
780 813 47 42 he
842 814 84 41 said
941 813 92 43 they
1043 816 122 40 would
1179 817 83 39 not.
1299 816 78 40 One
1390 827 101 31 man,
1502 816 98 42 after
1613 816 46 42 he
1672 826 77 32 was
1764 815 93 43 shot

330 864 127 44 down,
475 876 77 32 was
568 867 92 41 shot
676 868 129 42 again.
848 869 106 41 After
968 869 19 41 I
1002 881 77 29 was
1094 871 92 39 shot
1200 871 121 43 down,
1337 872 66 42 the
1415 882 92 32 man
1521 871 18 43 I
1554 870 242 44 surrendered
1810 873 45 41 to

332 921 102 33 went
456 921 151 34 around
627 922 67 35 the
715 925 80 32 tree
815 923 19 34 I
856 934 78 24 was
957 925 157 42 against
1135 926 78 41 and
1234 926 91 41 shot
1346 937 26 30 a
1398 937 101 32 man,
1530 927 75 42 and
1632 926 92 43 then
1750 937 109 32 came

330 976 156 35 around
506 978 46 33 to
574 987 60 24 me
655 978 118 43 again
795 979 79 42 and
894 980 153 41 wanted
1066 991 66 31 my
1152 981 268 43 pocket-book.
1461 982 20 42 I
1501 982 150 42 handed
1671 981 33 43 it
1730 992 51 33 up
1809 984 46 41 to

329 1029 92 41 him,
439 1031 79 39 and
539 1031 45 39 he
606 1042 79 28 saw
705 1043 66 31 my
793 1034 252 40 watch-chain
1067 1036 78 38 and
1166 1035 112 39 made
1299 1047 25 27 a
1344 1047 117 32 grasp
1483 1038 45 41 at
1547 1037 42 42 it,
1607 1037 77 42 and
1703 1039 74 41 got
1789 1037 69 43 the

331 1085 127 34 watch
473 1086 79 34 and
566 1086 126 36 about
706 1086 85 36 half
805 1088 68 34 the
893 1089 123 35 chain.
1060 1090 59 34 He
1138 1091 99 34 took
1258 1101 51 24 an
1331 1092 64 34 old
1411 1092 148 35 Barlow
1572 1092 99 35 knife
1690 1091 20 36 I
1723 1091 79 36 had
1815 1093 41 34 in

327 1149 68 32 my
409 1141 150 42 pocket.
589 1141 39 42 It
643 1151 78 34 wa?
736 1144 73 41 not
823 1144 125 41 worth
962 1143 73 42 five
1049 1148 116 40 cents;
1181 1156 79 32 was
1274 1146 44 42 of
1327 1156 50 32 no
1394 1149 163 39 account
1571 1149 46 39 at
1631 1147 61 43 all,
1704 1148 97 43 only
1808 1150 47 41 to

326 1196 71 33 cut
412 1195 163 34 tobacco
592 1196 130 34 with."

412 1249 189 36 "Nathan
618 1250 42 35 G.
679 1250 128 44 Fulks,
825 1263 124 31 sworn
965 1254 77 40 and
1056 1254 208 40 examined.
1307 1256 59 42 By
1379 1256 70 42 Mr.
1467 1255 147 43 Gooch:

410 1300 215 45 'Question.
670 1305 57 40 To
749 1307 106 38 what
876 1318 193 33 company
1090 1307 77 44 and
1188 1310 185 43 regiment
1394 1311 49 42 do
1464 1322 80 31 you
1564 1312 163 43 belong?
1771 1312 86 43 'An¬

325 1368 107 26 swer.
475 1360 58 34 To
549 1359 199 45 Company
762 1361 44 44 D,
824 1362 98 43 13th
937 1363 205 42 Tennessee
1155 1365 169 42 cavalry.

410 1414 229 42 "Question.
683 1415 132 41 Where
843 1427 67 29 are
935 1427 80 33 you
1041 1419 125 41 from?
1216 1418 173 42 'Answer.
1431 1419 133 41 About
1577 1423 145 41 twenty
1749 1423 107 41 miles

324 1470 103 34 from
442 1469 215 44 Columbus,
676 1470 217 43 Tennessee.

408 1524 10 18 '
428 1525 196 41 Question.
668 1524 99 42 How
781 1527 94 43 long
888 1528 100 42 have
1000 1538 79 32 you
1093 1526 93 44 been
1199 1529 39 41 in
1252 1528 67 42 the
1339 1529 163 41 service?
1546 1531 173 39 'Answer.
1761 1532 95 38 Five

326 1580 171 42 months,
513 1580 67 42 the
595 1580 66 42 1st
676 1581 44 41 of
735 1581 103 42 May.

407 1634 216 41 'Question.
667 1635 106 40 Were
792 1647 80 32 you
894 1639 46 40 at
960 1636 99 43 Fort
1079 1637 132 42 Pillow
1225 1640 46 39 at
1283 1639 66 40 the
1363 1639 93 40 time
1470 1641 45 38 of
1529 1640 66 39 the
1608 1642 100 42 fight
1720 1642 134 42 there?

324 1690 179 34 Answer..
546 1690 83 43 Yes,
648 1691 63 42 sir.

407 1745 209 41 'Question.
661 1744 85 42 Will
759 1757 80 31 you
854 1749 105 39 state
973 1748 105 40 what
1091 1748 198 43 happened
1302 1751 46 40 to
1362 1760 79 31 you
1455 1751 131 40 there?
1617 1751 174 40 'Answer.
1833 1752 21 39 I

323 1811 79 24 was
418 1803 45 32 at
476 1801 67 34 the
558 1811 133 25 corner
706 1801 44 35 of
765 1802 66 34 the
845 1802 80 34 fort
939 1803 104 34 when
1057 1803 93 42 they
1163 1803 145 42 fetched
1328 1804 40 41 in
1390 1815 25 30 a
1435 1805 79 44 flag
1527 1806 60 43 for
1601 1817 26 32 a
1641 1807 210 42 surrender.

322 1855 114 35 Some
451 1856 44 34 of
510 1856 106 34 them
632 1856 85 35 said
733 1857 66 34 the
814 1857 126 42 major
955 1857 118 42 stood
1089 1868 25 31 a
1129 1858 115 44 while,
1262 1859 78 43 and
1362 1859 90 43 then
1474 1861 85 41 said
1573 1861 47 41 he
1633 1862 126 40 would
1779 1865 75 37 not

320 1911 214 35 surrender.
578 1911 105 42 They
699 1912 207 41 continued
919 1915 46 38 to
980 1913 99 42 fight
1094 1923 26 32 a
1133 1913 124 43 while;
1275 1914 78 42 and
1374 1915 99 41 after
1496 1925 24 31 a
1540 1916 93 40 time
1646 1917 67 39 the
1727 1918 128 42 major

318 1967 157 34 started
497 1966 78 35 and
597 1966 86 35 told
705 1977 44 24 us
771 1969 44 32 to
838 1968 93 33 take
952 1977 85 25 care
1058 1968 44 34 of
1119 1968 200 43 ourselves,
1343 1969 78 42 and
1441 1970 20 41 I
1483 1971 78 40 and
1581 1973 146 40 twenty
1747 1983 107 30 more

323 2032 85 23 men
425 2022 117 34 broke
556 2021 60 35 for
629 2021 66 36 the
710 2022 150 35 hollow.
905 2023 103 41 They
1032 2023 157 41 ordered
1211 2034 44 30 us
1276 2026 45 38 to
1343 2024 96 43 halt,
1464 2026 77 41 and
1562 2035 105 32 some
1688 2027 44 40 of
1747 2027 106 40 them

322 2076 98 41 said,
440 2076 104 41 'God
573 2077 118 40 d—n
721 2077 82 43 'em,
834 2077 68 43 kill
931 2077 107 43 'em!'
1081 2078 20 42 I
1122 2078 96 43 said,
1237 2078 36 43 'I
1294 2079 100 42 have
1415 2080 269 41 surrendered.'
1726 2081 20 40 I
1773 2082 80 39 had

322 2132 153 35 thrown
490 2142 65 32 my
569 2143 79 32 gun
665 2142 111 33 away
790 2133 105 42 then.
938 2132 20 43 I
972 2133 99 42 took
1092 2133 55 42 off
1165 2144 65 31 my
1250 2134 284 42 cartridge-box
1555 2135 75 41 and
1646 2146 100 32 gave
1759 2137 34 41 it
1805 2140 47 38 to

323 2197 73 24 one
411 2187 43 34 of
469 2188 117 42 them,
604 2188 78 42 and
698 2188 96 42 said,
813 2188 132 42 'Don't
959 2188 118 42 shoot
1091 2188 89 42 me;'
1197 2188 73 42 but
1289 2189 92 41 they
1403 2189 64 41 did
1479 2190 121 40 shoot
1613 2201 70 32 me,
1700 2192 78 41 and
1792 2192 61 41 hit

316 2242 87 43 just
424 2243 126 42 about
572 2243 119 42 where
711 2243 67 42 the
799 2243 93 42 shoe
912 2253 125 32 comes
1059 2253 51 33 up
1133 2253 51 33 on
1205 2253 65 33 my
1290 2243 70 43 leg.
1403 2243 19 43 I
1442 2243 145 44 begged
1601 2245 104 42 them
1719 2249 74 38 not
1805 2249 47 38 to

324 2298 120 34 shoot
458 2308 68 32 me,
546 2298 78 42 and
638 2298 47 42 he
699 2298 95 42 said,
814 2298 9 42 '
833 2297 85 43 God
935 2298 116 42 d—n
1064 2308 89 32 you,
1177 2307 79 33 you
1276 2298 100 42 fight
1397 2297 91 43 with
1508 2298 67 42 the
1594 2299 161 44 niggers,
1774 2303 79 40 and

324 2363 53 24 we
391 2353 72 35 will
477 2353 66 35 kill
557 2353 66 35 the
637 2353 81 35 last
733 2363 72 25 one
819 2353 44 35 of
878 2353 117 42 you!'
1039 2353 104 42 Then
1163 2352 93 43 they
1277 2352 92 43 shot
1389 2363 59 32 me
1467 2353 39 42 in
1526 2353 67 42 the
1606 2355 106 40 thick
1727 2357 44 38 of
1786 2358 68 37 the

323 2408 124 42 thigh,
464 2408 78 42 and
557 2408 19 42 I
590 2408 79 43 fell;
687 2408 76 43 and
781 2418 71 33 one
867 2410 59 41 set
940 2410 71 41 out
1031 2410 45 41 to
1099 2407 118 44 shoot
1237 2417 59 34 me
1317 2407 129 44 again,
1470 2407 104 44 when
1596 2410 164 41 another
1781 2421 104 35 one*

323 2463 98 43 said,
439 2462 139 44 'Don't
592 2463 120 43 shoot
726 2463 66 43 the
806 2463 113 43 white
933 2462 138 44 fellows
1087 2472 78 34 any
1179 2461 130 45 more.?

406 2517 215 42 'Question.
664 2518 72 41 Did
752 2528 79 31 you
846 2527 59 32 see
920 2527 77 32 any
1011 2526 137 33 person
1164 2516 91 43 shot
1270 2516 144 43 besides
1434 2519 191 40 yourself?
1668 2520 181 39 'Answer.

323 2573 20 35 I
359 2573 124 35 didn't
497 2583 60 25 see
571 2574 106 34 them
693 2573 103 35 shot.
840 2572 19 36 I
874 2582 78 26 saw
967 2581 72 27 one
1054 2571 43 37 of
1114 2581 71 27 our
1198 2570 138 38 fellows
1352 2571 97 37 dead
1463 2573 52 42 by
1529 2584 69 31 me.

406 2628 216 42 'Question.
666 2628 73 42 Did
759 2638 80 32 you
861 2637 59 33 see
941 2636 78 34 any
1039 2625 192 45 buildings
1253 2625 169 45 burned?
1465 2628 178 42 'Answer.
1685 2631 83 45 Yes,
1785 2634 63 42 sir.

324 2683 120 35 While
464 2684 18 39 I
505 2692 77 31 was
604 2684 41 39 in
666 2683 67 40 the
753 2682 159 43 major's
933 2681 278 44 headquarters
1230 2680 93 45 they
1343 2684 236 41 commenced
1599 2685 166 46 burning
1784 2690 67 41 the

322 2739 205 43 buildings,
547 2739 78 43 and
641 2738 18 44 I
673 2738 147 44 begged
836 2747 72 35 one
923 2736 42 46 of
981 2736 105 46 them
1106 2737 45 45 to
1166 2735 93 47 take
1279 2746 59 36 me
1359 2735 71 47 out
1451 2738 76 44 and
1541 2742 72 40 not
1626 2741 53 41 let
1692 2753 46 29 us
1751 2743 99 39 burn

320 2795 125 42 there;
466 2795 79 42 and
560 2795 46 42 he
622 2793 98 44 said,
738 2793 39 44 'I
792 2803 63 34 am
872 2791 167 46 hunting
1059 2800 51 37 up
1133 2801 25 36 a
1178 2790 100 47 piece
1299 2791 44 46 of
1357 2792 131 45 yellow
1508 2793 79 44 flag
1607 2796 59 41 for
1685 2798 104 42 yoij.'
1831 2800 19 40 I

320 2850 113 35 think
453 2860 51 25 we
520 2849 126 36 would
660 2848 101 37 have
776 2846 170 43 whipped
960 2846 104 43 them
1079 2844 32 45 if
1127 2845 65 44 the
1212 2845 80 44 flag
1313 2846 43 43 of
1371 2849 105 40 truce
1495 2849 78 40 had
1595 2854 71 35 not
1679 2863 106 27 come
1797 2855 55 36 in.

323 2905 68 35 We
406 2904 126 36 would
547 2904 100 36 have
663 2901 171 43 whipped
849 2901 104 43 them
968 2900 31 44 if
1014 2910 53 34 we
1081 2899 78 45 had
1180 2902 72 42 not
1272 2901 52 43 let
1344 2902 104 42 them
1469 2907 65 39 get
1548 2906 65 40 the
1628 2907 222 40 dead-wood

319 2970 58 27 on
391 2970 58 27 us.
492 2958 19 39 I
526 2968 79 29 was
619 2957 87 40 told
720 2956 94 41 that
827 2955 93 43 they
934 2954 112 44 made
1059 2954 100 44 their
1173 2959 216 39 movement
1404 2958 103 40 while
1520 2960 66 38 the
1600 2962 79 45 flag
1693 2965 43 42 of
1745 2967 108 40 truce
