2200 3300
730 292 108 42 The
864 291 242 43 Phalanx
1129 301 51 33 in
1205 288 237 46 Virginia.

1743 285 98 44 421

327 425 304 43 confederate
657 423 113 45 Gen.
797 423 223 52 Mahone,
1040 422 158 53 whose
1224 420 347 56 acquaintance
1587 418 84 58 the
1688 418 157 58 writer

330 490 182 57 enjoys,
533 490 201 57 reciting
750 489 83 58 the
868 491 140 56 story
1027 486 50 61 of
1090 488 83 59 the
1191 487 123 60 light
1333 488 55 59 at
1405 486 84 61 the
1507 487 169 60 crater,
1697 485 149 62 where

329 557 86 43 the
448 569 149 43 negro
633 558 100 54 met
764 556 85 56 the
884 554 311 58 confederate,
1234 552 97 60 and
1354 552 51 60 in
1433 564 32 48 a
1489 550 357 62 hand-to-hand

331 623 219 56 struggle
569 635 90 44 one
677 621 190 58 showed
887 634 55 45 as
960 620 140 59 much
1118 620 140 59 brute
1284 631 207 48 courage
1518 631 55 48 as
1590 618 84 61 the
1692 618 152 61 other.

334 689 49 44 It
408 689 158 44 would
592 690 92 43 not
711 688 58 45 be
795 687 149 55 doing
968 686 84 56 the
1085 698 147 44 negro
1262 684 171 58 justice
1466 687 57 55 to
1551 684 171 58 accord
1748 683 99 59 him

333 757 107 52 less,
462 755 96 54 and
584 757 84 52 yet
693 754 117 55 that
837 765 206 44 courage
1069 764 141 45 never
1235 751 74 58 led
1326 751 99 58 him
1442 753 57 56 to
1520 754 104 55 acts
1644 750 53 59 of
1716 750 133 59 inhu¬

337 822 204 55 manity,
595 821 50 56 It
661 821 41 56 is
721 819 257 58 preferable
994 819 117 58 that
1128 818 83 59 the
1229 818 322 59 confederates
1568 816 281 61 themselves

338 889 173 43 should
528 888 84 44 tell
629 887 84 45 the
739 886 173 46 stories
931 885 54 47 of
1005 884 124 48 their
1154 884 266 48 butcheries
1445 884 125 48 than
1594 882 76 50 for
1693 896 75 36 me
1792 884 58 48 to

342 956 213 54 attempt
588 954 147 56 them.
789 952 99 58 Not
921 952 84 58 the
1039 951 174 59 stories
1247 951 107 59 told
1390 954 56 56 at
1479 951 83 59 the
1595 950 128 60 time,
1761 949 90 61 but

342 1022 156 43 fifteen
521 1033 142 42 years
690 1020 270 55 afterward,
980 1019 133 56 when
1139 1031 108 44 men
1273 1018 139 57 could
1431 1018 157 57 reflect
1605 1016 97 59 and
1720 1015 133 60 write

344 1101 131 31 more
508 1087 246 54 correctly.
807 1086 150 55 There
990 1085 42 56 is
1068 1098 103 43 one,
1202 1097 64 44 an
1302 1087 185 54 orator,
1515 1083 105 58 who
1654 1083 91 58 has
1779 1081 74 60 de¬

343 1155 181 44 scribed
548 1154 84 45 the
657 1153 139 55 fight,
825 1152 158 56 whose
1008 1151 225 57 reference
1257 1153 59 55 to
1341 1150 84 58 the
1450 1151 156 57 crater
1631 1161 56 47 so
1721 1147 134 61 glad¬

345 1221 147 43 dened
509 1221 83 43 the
608 1220 166 44 hearts
794 1219 54 45 of
867 1219 75 45 his
962 1218 223 46 audience
1201 1218 116 46 that
1337 1217 113 53 they
1467 1214 288 56 reproduced
1771 1213 84 57 the

347 1287 177 56 "yell,"
554 1287 96 56 and
676 1286 150 57 yelled
852 1285 283 58 themselves
1160 1284 188 59 hoarse.
1402 1282 72 61 No
1501 1281 157 62 battle
1681 1280 175 63 fought

346 1354 175 55 during
544 1353 84 56 the
654 1366 112 43 war,
794 1354 92 55 not
921 1365 116 44 even
1070 1351 116 58 that
1214 1350 53 59 of
1295 1349 107 60 Bull
1436 1348 120 61 Run,
1585 1346 179 63 elicited
1800 1359 56 50 so

348 1421 139 42 much
505 1422 240 41 comment
765 1418 97 45 and
880 1417 325 56 glorification
1224 1428 180 45 among
1428 1414 83 59 the
1537 1413 320 60 confederates

349 1501 56 29 as
430 1487 116 43 that
574 1486 53 44 of
646 1485 84 45 the
757 1487 170 43 crater.
983 1484 47 46 It
1048 1496 98 34 was
1164 1483 83 47 the
1273 1481 238 49 bloodiest
1537 1479 123 55 fight
1687 1492 63 42 on
1775 1478 83 56 the

349 1554 91 43 soil
467 1553 53 44 of
548 1553 83 44 the
667 1551 88 46 Old
791 1550 271 52 Dominion,
1092 1549 96 53 and
1222 1548 90 54 has
1349 1548 113 54 been
1479 1547 83 55 the
1596 1545 180 57 subject
1811 1543 51 59 of

350 1620 158 56 praise
537 1620 60 56 by
624 1621 141 55 poets
792 1618 98 58 and
918 1619 198 57 orators
1149 1627 132 49 upon
1306 1614 84 62 the
1422 1612 298 64 confederate
1744 1610 113 66 side.

350 1687 137 54 Capt.
508 1685 46 56 J.
575 1686 54 55 B.
651 1685 140 56 Hope
817 1683 240 58 eulogized
1088 1680 285 61 "Mahone's
1407 1678 236 63 brigade"
1679 1677 48 64 in
1752 1679 109 62 true

351 1753 241 44 Southern
610 1765 146 32 verse.
810 1750 138 55 Capt.
969 1748 211 57 McCabe,
1202 1759 62 46 on
1289 1746 85 59 the
1400 1745 81 60 1st
1507 1744 55 61 of
1580 1743 277 62 November,

354 1822 143 51 1876,
517 1812 50 61 in
584 1819 74 54 his
679 1818 198 55 oration
895 1816 156 57 before
1067 1815 84 58 the
1171 1811 335 62 "Association
1533 1810 53 63 of
1605 1810 82 63 the
1712 1809 149 64 Army

353 1888 56 43 of
428 1887 240 44 Northern
692 1882 266 57 Virginia,"
984 1882 51 57 in
1060 1879 257 60 narrating
1340 1878 84 61 the
1441 1878 247 61 recapture
1706 1875 54 64 of
1778 1875 84 64 the

354 1953 170 53 works,
545 1952 129 54 said:

437 2044 22 18 "
469 2044 39 34 It
528 2053 79 25 was
628 2052 87 26 now
736 2040 24 38 8
783 2038 146 40 o'clock
950 2037 40 41 in
1010 2036 66 42 the
1090 2034 189 44 morning.
1321 2032 79 46 The
1414 2034 81 44 rest
1508 2031 43 47 of
1566 2029 171 49 Potter's
1754 2028 110 50 (Fed¬

356 2099 98 43 eral)
472 2098 162 44 division
651 2095 136 47 moved
805 2097 72 45 out
892 2093 144 49 slowly,
1044 2091 105 51 when
1165 2088 189 54 Ferrero's
1368 2097 117 45 negro
1501 2086 175 56 division,
1685 2085 66 57 the
1765 2095 97 47 men,

357 2154 152 43 beyond
523 2153 190 44 question,
729 2149 180 48 inflamed
925 2148 91 49 with
1032 2146 121 51 drink,
1167 2146 121 51 (there
1303 2154 65 43 are
1382 2152 116 45 many
1515 2142 143 55 officers
1674 2140 77 57 and
1765 2150 97 47 men,

358 2209 137 44 myself
511 2218 144 35 among
668 2208 66 45 the
748 2205 172 48 number,
937 2204 84 49 who
1044 2202 71 51 will
1137 2200 131 53 testify
1288 2202 46 51 to
1354 2198 110 55 this),
1483 2197 110 56 burst
1606 2196 98 57 from
1719 2195 66 58 the
1800 2194 66 59 ad¬

358 2264 144 36 vanced
516 2265 103 41 lines,
635 2262 174 44 cheering
822 2258 249 48 vehemently,
1088 2255 139 51 passed
1243 2257 46 49 at
1303 2264 25 42 a
1343 2253 137 53 double
1495 2251 111 55 quick
1622 2260 91 46 over
1728 2260 25 46 a
1766 2251 101 55 crest

359 2320 119 35 under
499 2330 25 25 a
545 2319 125 41 heavy
691 2318 77 42 fire,
786 2316 77 44 and
884 2313 139 47 rushed
1047 2312 90 48 with
1159 2309 165 51 scarcely
1346 2319 24 41 a
1384 2307 111 53 check
1511 2316 91 44 over
1614 2305 68 55 the
1696 2304 117 56 heads
1829 2303 43 57 of

358 2378 68 33 tne
441 2375 111 36 white
565 2377 139 38 troops
717 2372 41 43 in
773 2371 65 44 the
852 2373 137 42 crater,
1007 2367 137 48 spread
1157 2369 46 46 to
1223 2364 101 51 their
1337 2363 118 52 right,
1472 2362 77 53 and
1563 2360 185 55 captured
1762 2368 106 47 more

361 2432 98 34 than
473 2432 77 34 two
565 2427 173 39 hundred
752 2427 194 43 prisoners
961 2422 78 48 and
1053 2432 72 38 one
1139 2420 118 50 stand
1273 2419 44 51 of
1332 2418 137 52 colors.
1511 2417 53 53 At
1578 2415 66 55 the
1658 2424 104 46 same
1777 2414 92 56 time

364 2487 155 41 Turner,
536 2485 44 43 of
592 2484 67 44 the
680 2481 122 47 Tenth
825 2490 125 38 corps,
974 2476 143 52 pushed
1135 2474 169 54 forward
1325 2483 27 45 a
1373 2471 161 57 brigade
1553 2480 93 48 over
1664 2470 67 58 the
1750 2467 119 61 Ninth

359 2540 132 45 Corps'
513 2541 178 44 parapet,
715 2536 119 49 seized
855 2535 67 50 the
943 2531 246 54 Confederate
1207 2529 74 56 line
1303 2527 78 58 still
1402 2527 143 58 further
1573 2527 45 58 to
1645 2524 67 61 the
1738 2522 130 63 north,

361 2597 80 36 and
455 2595 153 45 quickly
622 2592 194 48 dispersed
829 2590 68 50 the
910 2586 214 54 remaining
1143 2582 179 58 brigades
1342 2582 44 58 of
1401 2581 59 59 his
1476 2580 163 60 division
1653 2582 44 58 to
1712 2578 159 62 confirm

362 2652 60 36 his
436 2648 225 40 successes."

462 2740 101 43 The
587 2736 143 47 truth
763 2734 41 49 is
840 2725 329 58 over-reached
1202 2724 50 59 in
1283 2724 85 59 the
1402 2724 263 59 statement
1691 2720 55 63 of
1773 2718 99 65 this

365 2809 190 47 orator*
573 2804 39 52 if
632 2803 58 53 he
714 2796 225 60 intended
964 2797 57 59 to
1049 2803 180 53 convey
1246 2789 83 67 the
1345 2789 108 67 idea
1470 2788 113 68 that
1600 2787 83 69 the
1701 2797 105 59 men
1825 2783 53 73 of

363 2874 85 43 the
474 2870 225 47 Phalanx
725 2863 207 54 division
957 2871 116 46 were
1090 2855 156 62 drunk
1263 2855 123 62 from
1405 2856 173 61 strong
1594 2852 161 65 drink;
1783 2850 91 67 but

365 2940 43 45 it
425 2951 117 43 may
563 2944 54 50 be
634 2930 174 64 looked
825 2940 133 54 upon
985 2937 55 57 as
1068 2936 64 58 an
1157 2932 165 62 excuse
1348 2919 170 75 offered
1535 2919 75 75 for
1626 2917 83 77 the
1725 2917 150 77 treat-
