2200 3300
336 321 66 42 24:

642 326 223 43 History
892 339 63 31 of
983 338 96 32 the
1106 326 166 44 Black
1298 323 253 47 Phalanx.

436 456 98 43 The
560 458 222 54 sincerity
807 459 115 53 with,
947 457 149 55 which
1122 455 99 57 this
1250 450 271 62 agreement
1546 460 101 52 was
1674 443 192 69 entered

336 521 105 42 into
460 535 116 41 may
593 523 57 53 be
668 536 105 40 seen
791 524 65 53 by
872 524 83 53 the
974 522 163 55 action
1157 519 54 58 of
1221 518 83 59 the
1322 514 232 63 colonists
1574 514 58 63 at
1650 510 215 67 Norfolk,

336 585 229 56 Virginia,
584 589 162 52 where,
767 588 49 53 in
842 588 177 53 March,
1051 584 143 57 1775,
1225 594 31 47 a
1281 579 109 62 brig
1417 576 189 65 arrived
1633 575 126 66 from
1784 574 85 67 the

337 654 141 39 coast
497 652 53 41 of
564 651 191 54 Guinea,
804 653 84 52 via
921 650 237 55 Jamaica,
1215 645 117 60 with
1359 656 32 49 a
1416 642 201 63 number
1636 639 55 66 of
1711 638 159 67 slaves

337 729 64 28 on
419 716 156 42 board
594 718 253 54 consigned
874 719 55 53 to
959 729 31 43 a
1016 713 248 59 merchant
1283 709 54 63 of
1357 708 115 64 that
1488 708 150 64 town.
1694 703 73 69 To
1786 715 85 57 use

337 793 32 29 a
393 782 199 40 modern
618 783 172 52 phrase
815 782 83 53 the
923 779 149 56 vessel
1097 789 99 46 was
1233 771 269 64 boycotted
1534 771 68 64 by
1627 770 84 65 the
1747 782 125 53 com¬

334 846 179 52 mittee,
533 846 106 52 who
659 840 246 61 published
923 846 83 55 the
1023 841 263 60 following:

688 933 23 17 "
727 933 64 34 TO
813 931 104 36 THE
939 927 238 40 FREEMEN
1199 927 65 40 OF
1285 925 238 42 VIRGINIA.

1222 970 14 33 f
1280 970 239 35 Committee
1542 968 206 44 Chamber,

1217 1014 227 44 \Norfolk,
1462 1013 133 45 March
1613 1014 82 44 6th,
1714 1014 116 44 1775.

416 1062 217 43 "Trusting
658 1066 45 39 to
731 1073 100 32 your
859 1071 86 34 sure
972 1060 234 45 resentment
1235 1058 160 47 against
1422 1058 67 47 the
1517 1058 161 47 enemies
1708 1058 45 47 of
1774 1069 101 36 your

331 1109 179 39 country,
527 1117 63 32 we,
613 1107 66 42 the
699 1106 229 43 committee,
960 1104 139 45 elected
1120 1103 53 46 by
1194 1103 128 46 ballot
1342 1102 63 47 for
1423 1102 67 47 the
1512 1101 188 48 Borough
1724 1103 43 46 of
1782 1103 93 46 Nor¬

331 1149 92 43 folk,
453 1150 93 42 hold
566 1160 52 32 up
646 1150 60 42 for
725 1159 100 33 your
848 1149 85 43 just
947 1147 247 45 indignation
1215 1146 71 46 Mr.
1303 1145 107 47 John
1432 1146 151 46 Brown,
1608 1147 211 45 merchant,
1837 1148 43 44 of

331 1193 81 33 this
427 1194 116 41 place.

375 1237 22 15 "
408 1236 57 34 On
480 1237 215 40 Thursday,
711 1237 67 40 the
792 1235 79 42 2nd
887 1235 43 42 of
947 1234 142 43 March,
1107 1234 80 43 this
1202 1234 222 43 committee
1438 1245 95 32 were
1547 1235 189 42 informed
1752 1236 44 41 of
1809 1237 67 40 the

331 1280 147 33 arrival
500 1280 43 33 of
558 1281 67 32 the
652 1280 86 41 brig
766 1280 149 41 Fanny,
934 1279 109 42 Capt.
1062 1279 177 42 Watson,
1258 1279 93 42 with
1381 1289 27 32 a
1434 1280 161 41 number
1611 1280 44 41 of
1672 1281 124 40 slaves
1817 1282 60 39 for

332 1322 70 35 Mr.
433 1324 157 41 Brown;
621 1324 88 41 and,
734 1333 105 32 upon
868 1323 163 42 inquiry,
1063 1323 34 42 it
1127 1323 192 42 appeared
1348 1323 94 42 they
1469 1334 94 31 were
1592 1324 158 43 shipped
1777 1326 99 41 from

329 1367 183 34 Jamaica
526 1377 44 24 as
585 1367 58 34 his
658 1369 197 40 property,
875 1367 78 42 and
984 1377 50 32 on
1064 1367 58 42 his
1148 1370 182 40 account;
1355 1368 93 42 that
1470 1368 47 42 he
1536 1368 81 42 had
1631 1370 119 40 taken
1764 1374 113 39 great

330 1411 114 42 pains
458 1413 44 40 to
518 1411 153 42 conceal
686 1411 99 42 their
802 1411 145 42 arrival
963 1411 98 42 from
1078 1412 66 41 the
1167 1412 220 42 knowledge
1404 1413 44 41 of
1463 1413 67 41 the
1544 1414 236 43 committee;
1798 1416 78 41 and

328 1455 96 34 that
438 1455 66 34 the
519 1455 152 42 shipper
687 1454 43 43 of
746 1455 67 42 the
836 1456 136 42 slaves,
997 1455 70 43 Mr.
1093 1456 173 42 Brown's
1288 1458 312 43 correspondent,
1618 1459 79 42 and
1710 1460 67 41 the
1790 1470 87 33 cap¬

328 1500 89 33 tain
432 1499 43 34 of
491 1499 66 34 the
572 1500 129 42 vessel,
719 1510 92 32 were
836 1500 52 42 all
909 1500 93 43 fully
1027 1501 179 43 apprised
1230 1502 43 42 of
1289 1502 66 42 the
1377 1501 246 43 Continental
1637 1504 238 42 prohibition

328 1545 163 42 against
504 1544 67 43 the
586 1544 142 43 article.

373 1589 150 34 "From
537 1589 67 34 the
626 1590 120 34 whole
769 1590 44 34 of
830 1590 78 35 this
932 1591 257 43 transaction,
1209 1592 196 43 therefore,
1422 1603 65 33 wTe,
1502 1592 68 44 the
1583 1593 220 43 committee
1815 1594 68 42 for-

325 1634 163 35 Norfolk
505 1634 196 44 Borough,
723 1636 49 42 do
804 1636 86 42 give
919 1636 33 42 it
982 1647 44 31 as
1042 1647 72 31 our
1143 1637 231 41 unanimous
1405 1637 168 43 opinion,
1589 1637 94 43 that
1702 1638 67 42 the
1790 1638 85 42 said

326 1679 109 35 John
450 1679 138 35 Brown
613 1681 72 33 has
710 1676 153 46 wilfully
888 1682 78 40 and
988 1682 213 43 perversely
1223 1682 172 43 violated
1416 1682 67 43 the
1503 1682 246 43 Continental
1762 1682 113 43 Asso¬

326 1725 159 43 ciation,
503 1727 45 41 to
566 1725 119 43 which
708 1726 46 42 he
776 1725 79 43 had
878 1726 92 42 with
1001 1727 58 41 his
1089 1738 85 30 own
1203 1727 105 41 hand
1330 1727 218 41 subscribed
1564 1727 214 43 obedience;
1796 1727 77 43 and

329 1771 104 42 that,
452 1771 198 42 agreeable
666 1774 44 39 to
728 1771 67 42 the
818 1771 171 42 eleventh
1014 1773 142 42 article,
1173 1783 53 32 we
1248 1782 66 33 are
1333 1772 144 43 bound,
1495 1772 209 43 forthwith,
1721 1774 45 41 to
1780 1772 93 43 pub¬

329 1816 73 33 lish
417 1817 66 33 the
497 1816 112 34 truth
627 1816 44 34 of
679 1816 67 34 the
763 1827 96 33 case,
877 1819 45 41 to
951 1817 66 43 the
1046 1818 71 42 end
1139 1818 94 42 that
1254 1818 51 42 all
1328 1817 91 43 such
1439 1817 80 43 foes
1540 1819 45 41 to
1607 1816 67 44 the
1693 1816 125 44 rights
1833 1816 45 44 of

331 1860 145 34 British
498 1860 172 34 America
693 1871 92 30 may
808 1861 46 40 be
875 1861 166 42 publicly
1063 1862 139 41 known
1225 1862 79 41 and
1325 1861 233 42 universally
1579 1861 225 42 contemned
1826 1870 44 33 as

328 1904 69 33 the
411 1905 159 32 enemies
586 1904 43 33 of
645 1904 200 34 American
869 1904 149 42 liberty,
1045 1906 78 40 and
1144 1906 93 40 that
1257 1916 113 32 every
1391 1916 140 33 person
1545 1915 92 34 may
1651 1905 217 44 henceforth

330 1947 120 34 break
465 1948 56 33 off
531 1948 52 33 all
599 1948 170 41 dealings
785 1948 92 41 with
893 1948 122 41 him."

430 2013 115 42 This
562 2026 100 29 was
679 2014 84 41 the
780 2013 133 42 voice
932 2013 54 42 of
1007 2026 31 29 a
1064 2014 232 55 majority
1315 2016 54 53 of
1388 2016 84 53 the
1498 2015 250 54 colonists^
1766 2005 96 64 and

327 2080 144 41 those
487 2079 106 42 who
614 2078 238 43 dissented
871 2091 115 30 were
1012 2080 229 53 regarded
1263 2093 55 40 as
1337 2081 179 53 Tories,
1539 2082 97 52 and
1655 2082 49 52 in
1721 2082 141 52 favor

330 2144 54 42 of
395 2144 84 42 the
497 2156 156 30 crown
681 2156 54 30 as
764 2144 196 53 against
986 2144 83 53 the
1094 2144 341 55 independence
1462 2148 54 51 of
1535 2148 92 51 the-
1638 2148 220 56 colonies,

330 2209 238 54 although
585 2208 134 55 there
752 2220 116 43 were
902 2221 148 42 many
1078 2212 55 51 at
1158 2211 84 52 the
1268 2211 157 52 North
1453 2214 98 49 and
1579 2213 156 50 South
1755 2215 104 48 who

328 2272 107 43 held
454 2274 168 50 slaves,
645 2273 96 51 and
759 2286 116 38 were
891 2276 82 52 yet
991 2274 131 55 loyal
1139 2278 57 51 to
1215 2277 83 52 the
1316 2291 141 38 cause
1468 2280 55 49 of
1533 2280 84 49 the
1635 2281 222 53 colonies;

328 2340 91 40 but
452 2338 83 42 the
569 2338 156 53 public
768 2339 255 52 sentiment
1065 2353 98 38 was
1206 2343 334 56 undoubtedly
1585 2359 55 40 as
1685 2349 176 54 strong

328 2404 198 54 against
543 2403 83 55 the
643 2403 279 55 institution
942 2417 54 41 as
1014 2405 41 53 it
1073 2419 98 39 was
1189 2407 49 51 in
1257 2408 145 50 1864.
1457 2410 100 48 But
1582 2413 84 45 the
1693 2413 166 45 Tories

326 2481 117 29 were
460 2480 254 30 numerous
734 2470 55 40 at
806 2468 82 42 the
915 2468 168 54 South,
1106 2473 96 49 and
1229 2471 66 56 by
1321 2475 302 56 continually
1648 2479 211 56 exciting

324 2534 85 40 the
426 2531 322 54 imagination
767 2532 53 53 of
839 2534 83 51 the
947 2535 164 50 whites
1137 2537 67 54 by
1228 2538 243 58 picturing
1496 2555 244 41 massacre
1758 2546 98 50 and

325 2596 315 46 insurrection
659 2608 63 34 on
739 2596 83 46 the
839 2601 114 50 part
973 2600 53 51 of
1045 2601 83 50 the
1153 2615 173 43 negros
1344 2604 40 54 if
1402 2606 118 54 they
1536 2618 118 42 were
1673 2612 180 52 armed,

323 2661 241 42 thwarted
590 2660 82 43 the
698 2660 139 43 effort
864 2662 52 41 of
937 2662 94 44 Col.
1069 2664 231 46 Lauren's
1328 2670 96 41 and
1454 2670 54 41 of
1527 2669 233 58 Congress
1795 2678 58 49 to

323 2726 127 41 raise
493 2737 32 30 a
552 2725 176 53 "negro
757 2727 167 53 army"
946 2730 55 50 at
1043 2729 84 51 the
1161 2730 168 50 South.
1385 2733 99 47 The
1517 2734 183 46 leaders
1735 2752 118 29 were

322 2789 251 42 favorable
606 2790 55 41 to
697 2789 53 51 it,
771 2790 90 50 but
894 2791 83 49 the
1011 2793 243 54 colonists,
1275 2796 74 51 for
1382 2797 84 50 the
1500 2810 175 37 reason
1710 2801 137 52 cited,

325 2866 116 30 were
476 2852 269 44 distrustful
781 2854 52 42 of
860 2854 65 42 its
952 2858 367 54 practicability.
1374 2859 206 56 Though
1608 2875 32 40 a
1675 2867 175 51 strong

322 2920 144 42 effort
490 2930 98 32 was
614 2917 152 49 made,
796 2930 54 36 as
876 2919 92 47 will
1001 2920 56 46 be
1084 2934 118 40 seen,
1222 2923 83 51 the
1331 2935 132 39 scare
1488 2925 157 49 raised
1673 2927 65 53 by
1762 2929 85 51 the
