2200 3300
721 304 347 46 Depaktment
1095 319 64 31 of
1186 318 96 32 the
1309 306 176 45 South.
1771 309 95 42 249

902 996 288 44 CHAPTEE
1215 995 103 45 VII.

734 1115 339 36 department
1095 1117 64 35 of
1180 1116 104 36 the
1305 1114 175 38 south.

426 1222 99 45 The
543 1236 297 44 appearance
858 1227 54 53 of
923 1227 83 53 the
1023 1240 147 42 negro
1188 1227 50 55 in
1254 1226 83 56 the
1353 1224 157 58 Union
1529 1236 137 46 army
1686 1224 179 58 altered

340 1289 84 43 the
450 1292 132 41 state
609 1290 53 43 of
683 1291 163 43 affairs
872 1305 116 41 very
1005 1293 154 53 much.
1213 1292 98 54 The
1328 1291 156 55 policy
1503 1290 54 56 of
1575 1290 83 56 the
1676 1291 190 55 general

343 1354 321 45 Government
697 1370 99 29 was
831 1358 227 55 changed,
1089 1358 96 55 and
1219 1358 83 55 the
1338 1369 89 44 one
1462 1356 221 57 question
1716 1357 149 56 which

340 1423 88 44 Mr.
448 1423 198 44 Lincoln
663 1422 99 45 had
779 1423 125 45 tried
920 1426 57 42 to
996 1424 147 44 avoid
1161 1424 191 44 became
1372 1422 80 46 the
1469 1422 223 55 question
1710 1423 56 54 of
1783 1424 84 53 the

341 1503 111 30 war.
508 1489 197 44 General
730 1487 178 56 Butler,
937 1491 108 52 first
1072 1493 55 50 at
1154 1489 221 54 Fortress
1401 1488 199 55 Monroe
1628 1490 96 53 and
1749 1489 116 54 then

343 1558 56 41 at
415 1556 107 43 New
541 1555 209 54 Orleans,
770 1555 98 54 had
888 1556 180 53 defined
1093 1556 84 53 the
1203 1557 163 52 status
1386 1555 53 54 of
1459 1555 83 54 the
1561 1555 144 54 slave,
1729 1557 137 52 "con¬

341 1618 252 48 traband"
615 1623 95 43 and
728 1623 116 43 then
864 1622 284 54 "soldiers,"
1167 1623 50 53 in
1236 1623 213 53 advance
1477 1622 54 54 of
1551 1622 82 54 the
1651 1621 214 55 Emanci¬

343 1689 172 54 pation
540 1688 375 55 Proclamation.
971 1688 196 55 General
1193 1688 203 55 Hunter,
1433 1688 49 55 in
1518 1688 255 55 command
1809 1690 57 53 at

341 1754 83 42 the
450 1754 167 54 South,
648 1768 54 40 as
730 1756 162 52 stated
918 1756 49 52 in
995 1769 31 39 a
1044 1755 221 55 previous
1285 1755 210 55 chapter,
1516 1754 98 56 had
1632 1754 149 56 taken
1801 1766 63 44 an

341 1821 133 55 early
490 1821 321 56 opportunity
835 1824 57 53 to
919 1822 150 55 strike
1092 1822 85 55 the
1200 1821 223 56 rebellion
1442 1820 49 57 in
1509 1820 66 57 its
1590 1821 135 56 most
1741 1820 124 57 vital

341 1889 127 52 part,
489 1887 65 56 by
581 1887 188 56 arming
794 1901 197 44 negroes
1017 1888 50 57 in
1091 1887 75 58 his
1192 1886 327 59 Department,
1542 1885 122 60 after
1691 1886 172 59 declar¬

339 1952 84 57 ing
438 1951 129 58 them
587 1953 103 56 free.

439 2018 449 57 Notwithstanding
919 2020 83 55 the
1027 2019 248 56 President
1300 2018 205 57 revoked
1532 2017 230 58 Hunter's
1790 2030 73 45 or¬

339 2085 94 54 der,
463 2099 32 40 a
521 2086 325 53 considerable
870 2086 124 53 force
1018 2098 100 41 was
1145 2084 254 56 organized
1426 2084 97 56 and
1549 2083 230 57 equipped
1807 2096 55 44 as

338 2153 132 54 early
489 2165 55 42 as
563 2152 262 55 December,
847 2152 151 55 1862;
1018 2151 50 56 in
1085 2152 99 55 fact
1203 2164 32 43 a.
1258 2150 232 57 regiment
1509 2149 54 58 of
1582 2150 166 57 blacks
1763 2162 100 45 was

338 2218 149 43 under
512 2232 132 29 arms
669 2220 135 42 when
828 2220 85 42 the
937 2218 248 44 President
1209 2216 156 46 issued
1389 2216 86 46 the
1490 2215 372 54 Emancipation

339 2284 377 45 Proclamation.
771 2285 115 44 This
920 2285 244 55 regiment,
1199 2283 84 57 the
1318 2282 80 58 1st
1433 2280 155 60 South
1623 2280 236 60 Carolina,

337 2363 99 31 was
453 2351 50 43 in
521 2352 256 44 commond
797 2351 54 45 of
871 2350 189 46 Colonel
1086 2350 52 46 T.
1158 2348 71 48 "W.
1250 2348 284 55 Higginson,
1555 2347 107 56 who
1688 2347 116 56 with
1831 2359 32 44 a

338 2417 198 55 portion
563 2418 54 54 of
636 2418 75 54 his
737 2417 255 55 command
1020 2414 229 58 ascended
1266 2414 84 58 the
1368 2412 69 60 St.
1457 2412 181 60 Mary's
1655 2412 124 60 river
1797 2425 65 47 on

336 2485 297 53 transports,
662 2483 174 55 visited
863 2481 197 57 Florida
1087 2481 96 57 and
1211 2478 217 60 Georgia,
1451 2479 95 59 and
1564 2478 98 60 had
1681 2478 181 60 several

337 2552 341 53 engagements
702 2549 117 56 with
844 2549 84 56 the
953 2559 178 46 enemy.
1185 2544 131 61 After
1335 2557 63 48 an
1417 2544 195 61 absence
1631 2543 54 62 of
1703 2545 83 60 ten
1805 2557 56 48 or

336 2629 134 30 more
513 2616 136 56 days,
678 2616 85 56 the
796 2613 273 59 expedition
1102 2610 223 62 returned
1357 2611 57 61 to
1448 2608 156 64 South
1638 2608 224 64 Carolina

335 2683 209 44 without
560 2683 85 44 the
661 2682 100 45 loss
781 2680 54 47 of
856 2692 31 35 a
904 2692 128 35 man.

436 2748 116 45 Had
586 2748 134 45 there
753 2747 116 46 been
903 2745 91 48 but
1030 2755 88 38 one
1153 2754 138 41 army
1322 2740 50 55 in
1406 2740 82 55 the
1513 2740 119 55 field,
1654 2740 96 55 and
1775 2739 84 56 the

334 2817 211 58 fighting
563 2813 214 62 confined
794 2814 57 61 to
872 2823 90 52 one
977 2807 212 68 locality,
1208 2806 83 69 the
1316 2805 221 70 Phalanx
1561 2805 155 70 would
1734 2805 124 70 have

334 2885 117 44 been
486 2879 264 52 mobilized,
778 2878 92 53 but
897 2888 55 43 as
977 2874 133 57 there
1134 2884 116 47 were
1284 2871 178 60 several
1497 2870 170 61 armies
1693 2871 41 60 it
1758 2883 99 48 was

335 2947 292 48 distributed
654 2955 183 42 among
860 2940 84 57 the
970 2937 181 60 several
1175 2936 160 61 forces,
1365 2936 96 61 and
1486 2936 65 61 its
1577 2936 205 61 conduct
1807 2935 50 62 in
