2198 3297
308 328 97 44 226

611 323 222 42 History
858 326 65 39 of
949 322 97 43 the
1070 308 167 57 Black
1261 301 254 64 Phalanx.

310 472 138 51 57th,
484 467 123 56 59th
640 463 97 60 and
772 458 121 65 83rd
927 452 223 71 Phalanx
1182 440 268 83 regiments.
1503 432 102 91 The
1629 422 200 101 brigade

310 551 100 29 was
427 533 196 47 ordered
640 533 56 47 to
716 529 154 51 Texas
888 515 243 65 overland,
1150 512 93 68 but
1266 507 83 73 the
1373 497 249 83 surrender
1641 491 53 89 of
1715 490 117 90 Gen¬

311 603 101 45 eral
428 602 91 46 Lee
534 602 57 46 to
611 596 154 52 Grant
783 585 229 63 obviated
1036 580 100 68 this
1153 572 179 76 march.
1382 567 101 81 The
1499 559 192 89 gallant
1709 553 125 95 60th

313 682 99 30 was
430 663 238 49 mustered
686 662 90 50 out
793 659 57 53 at
867 646 293 66 Davenport,
1180 641 146 71 Iowa,
1345 647 65 65 on
1424 631 86 81 the
1528 625 98 87 2nd
1644 623 56 89 of
1710 621 126 91 Nov¬

314 735 172 50 ember,
524 729 143 56 1865,
706 718 232 67 "where,"
967 725 115 60 says
1107 704 231 81 Sergeant
1361 698 206 87 Burton,
1602 690 85 95 the
1720 684 118 101 regi¬

317 799 183 44 mental
523 792 253 51 historian,
797 786 155 57 "they
976 790 116 53 were
1117 769 189 74 greeted
1332 766 68 77 by
1431 762 84 81 the
1549 751 289 92 authorities

320 866 97 42 and
433 865 85 43 the
531 860 134 55 loyal
679 851 274 64 thousands
972 845 55 70 of
1045 837 179 78 Iowa."

419 930 199 41 Kansas
643 925 89 46 has
758 910 331 61 undoubtedly
1112 905 83 66 the
1220 902 158 69 honor
1404 893 54 78 of
1477 890 142 81 being
1634 886 85 85 the
1734 884 108 87 first

321 998 143 42 State
478 995 51 45 in
543 993 85 47 the
644 987 155 53 Union
816 986 57 54 to
894 978 137 62 begin
1048 974 84 66 the
1150 960 338 80 organization
1506 955 54 85 of
1570 963 199 77 negroes
1787 961 57 79 as

325 1076 57 30 as
400 1060 196 46 soldiers
612 1057 75 49 for
702 1054 84 52 the
803 1043 198 63 Federal
1018 1050 152 56 army.
1217 1032 98 74 The
1332 1027 141 79 State
1488 1034 100 72 was
1607 1014 237 92 admitted

324 1129 109 42 into
457 1126 85 45 the
564 1120 159 51 Union
755 1116 223 55 January
1013 1106 77 65 29,
1120 1098 144 73 1861,
1294 1095 123 76 after
1442 1104 34 67 a
1497 1089 120 82 long
1640 1083 133 88 reign
1798 1079 52 92 of

328 1191 256 45 hostilities
617 1183 165 53 within
814 1180 85 56 her
938 1173 212 63 borders,
1187 1161 180 75 carried
1403 1170 66 66 on
1500 1155 67 81 by
1598 1152 85 84 the
1717 1159 131 77 same

328 1257 251 44 character
595 1252 55 49 of
668 1261 107 40 men
793 1244 97 57 and
916 1237 188 64 strictly
1128 1234 76 67 for
1228 1229 84 72 the
1329 1236 131 65 same
1477 1230 207 71 purpose
1700 1212 148 89 which

331 1323 217 54 brought
581 1331 63 46 on
678 1315 84 62 the
795 1323 98 54 war
919 1305 54 72 of
990 1304 84 73 the
1099 1299 148 78 Great
1271 1289 253 88 Rebellion.
1577 1283 59 94 In
1659 1282 114 95 fact,
1807 1278 42 99 it

333 1403 100 29 was
458 1389 92 43 but
574 1396 34 36 a
630 1378 207 54 transfer
855 1374 53 58 of
925 1366 256 66 hostilities
1205 1364 125 68 from
1354 1350 224 82 Missouri
1604 1347 97 85 and
1719 1346 132 86 Kan¬

334 1469 85 29 sas
451 1457 58 41 to
533 1448 157 50 South
714 1441 224 57 Carolina
972 1436 95 62 and
1099 1427 230 71 Virginia.
1382 1417 223 81 Missouri
1639 1413 98 85 and
1770 1411 83 87 the

336 1520 158 45 South
510 1516 101 49 had
626 1515 116 50 been
759 1504 212 61 whipped
998 1502 88 63 out
1114 1498 53 67 of
1186 1495 197 70 Kansas
1410 1488 97 77 and
1523 1486 84 79 the
1623 1480 231 85 territory

339 1582 240 48 admitted
602 1581 107 49 into
733 1576 85 54 the
842 1571 156 59 Union
1024 1579 56 51 as
1098 1577 33 53 a
1146 1564 91 66 free
1254 1559 153 71 State.
1461 1552 115 78 This
1593 1547 149 83 single
1757 1545 99 85 fact

339 1666 102 30 was
467 1645 219 56 accepted
712 1643 67 58 by
800 1639 84 62 the
901 1633 155 68 South
1074 1643 56 58 as
1148 1643 33 58 a
1197 1635 249 66 precursor
1462 1619 55 82 of
1535 1617 85 84 the
1636 1612 156 89 policy
1809 1609 54 92 of

339 1721 86 42 the
440 1714 243 51 incoming
697 1704 288 61 Republican
1002 1691 409 74 administration,
1424 1686 97 79 and
1537 1683 134 82 three
1688 1675 173 90 South¬

342 1799 84 29 ern
444 1783 222 45 senators
682 1770 213 58 resigned
913 1780 57 48 or
985 1764 84 64 left
1093 1763 84 65 the
1200 1756 173 72 United
1400 1753 164 75 States
1590 1746 174 82 Senate
1785 1742 76 86 be¬

343 1853 103 41 fore
461 1849 84 45 the
561 1846 116 48 vote
693 1852 98 42 was
808 1836 148 58 taken
973 1833 74 61 for
1063 1829 84 65 the
1164 1822 262 72 admission
1445 1817 55 77 of
1517 1815 213 79 Kansas.
1765 1808 100 86 The

347 1919 84 40 act
465 1915 55 44 of
547 1907 264 52 admitting
835 1902 196 57 Kansas
1058 1908 56 51 as
1140 1906 34 53 a
1196 1892 93 67 free
1312 1888 154 71 State,
1494 1894 100 65 was
1617 1879 85 80 the
1724 1873 141 86 torch

348 1983 117 42 that
489 1973 223 52 inflamed
737 1971 84 54 the
845 1965 169 60 South,
1043 1960 97 65 and
1163 1958 76 67 led
1264 1958 58 67 to
1338 1954 85 71 the
1438 1950 144 75 firing
1596 1957 132 68 upon
1745 1942 122 83 Fort

351 2048 192 43 Sutaiter
557 2043 84 48 the
656 2035 241 56 following
911 2028 147 63 April.
1110 2025 101 66 The
1226 2034 108 57 men
1352 2018 56 73 of
1425 2017 198 74 Kansas
1639 2010 99 81 had
1754 2008 117 83 long

353 2115 117 41 been
503 2107 163 49 inured
699 2106 58 50 to
789 2100 108 56 field
931 2094 186 62 service,
1155 2090 97 66 and
1285 2085 115 71 used
1432 2087 58 69 to
1526 2076 207 80 practice
1756 2072 116 84 with

355 2175 195 54 Sharps'
578 2172 137 57 rifles.
767 2167 100 62 The
890 2175 108 54 men
1024 2160 54 69 of
1096 2157 212 72 Kansas,
1344 2162 133 67 more
1516 2146 127 83 than
1683 2142 50 87 in
1775 2150 100 79 any

358 2244 141 42 other
523 2239 139 47 State
689 2234 53 52 of
760 2232 83 54 the
867 2228 171 58 Union,
1064 2222 99 64 had
1190 2234 32 52 a
1246 2217 132 69 right
1403 2218 58 68 to
1487 2212 116 74 rush
1627 2212 58 74 to
1701 2207 85 79 the
1802 2205 74 81 de¬

357 2311 127 40 fence
494 2305 52 46 of
555 2304 85 47 the
648 2296 196 55 Federal
853 2290 326 61 government,
1192 2284 96 67 and
1297 2282 117 69 they
1421 2277 283 74 themselves
1712 2273 82 78 felt
1803 2283 72 68 so.

462 2371 72 42 On
556 2369 86 44 the
667 2365 89 48 9th
782 2363 55 50 of
856 2359 259 54 February,
1134 2353 157 60 eleven
1316 2348 123 65 days
1465 2345 125 68 after
1605 2342 85 71 the
1706 2338 173 75 admis¬

364 2439 107 43 sion
488 2435 55 47 of
560 2434 83 48 the
660 2430 140 52 State
816 2428 105 54 into
939 2423 83 59 the
1037 2419 170 63 Union,
1228 2415 248 67 Governor
1491 2409 249 73 Robinson
1757 2404 124 78 took

365 2505 84 42 the
482 2499 122 48 oath
638 2496 55 51 of
712 2494 144 53 office,
893 2488 97 59 and
1025 2499 64 48 on
1121 2483 84 64 the
1238 2478 122 69 15th
1387 2476 53 71 of
1467 2475 134 72 April
1636 2471 247 76 President

368 2565 198 46 Lincoln
582 2560 147 51 called
754 2558 76 53 for
854 2550 303 61 seventy-five
1180 2543 247 68 thousand
1444 2541 287 70 volunteers.
1785 2536 101 75 The

370 2635 109 43 first
502 2627 230 56 regiment
756 2619 262 64 responded
1043 2618 57 65 to
1124 2614 85 69 the
1233 2610 90 73 call
1347 2609 67 74 by
1428 2607 86 76 the
1530 2606 125 77 close
1672 2605 55 78 of
1744 2603 141 80 May;

373 2699 164 44 others
570 2689 206 57 speedily
805 2684 229 62 followed,
1070 2678 123 68 until
1217 2676 197 70 Kansas
1447 2671 99 75 had
1578 2672 53 74 in
1662 2670 86 76 the
1779 2667 110 79 field

375 2761 180 55 20,000
581 2755 210 61 soldiers.
843 2751 66 65 Of
924 2750 83 66 the
1030 2745 254 71 regiments
1312 2738 95 78 and
1442 2737 272 79 companies
1739 2733 151 83 which

377 2823 295 61 represented
695 2820 100 64 this
820 2817 139 67 State
982 2813 50 71 in
1055 2811 84 73 the
1164 2804 196 80 Federal
1386 2814 154 70 army,
1567 2800 183 84 several
1773 2810 119 74 were

380 2889 253 57 composed
652 2887 54 59 of
724 2893 210 53 negroes,
951 2877 116 69 with
1085 2888 32 58 a
1133 2872 147 74 slight
1297 2868 205 78 mixture
1519 2866 56 80 of
1593 2866 212 80 Indians.

481 2958 49 42 It
553 2956 91 44 has
668 2952 115 48 been
808 2959 64 41 no
897 2957 116 43 easy
1036 2940 115 60 task
1174 2941 57 59 to
1256 2936 133 64 learn
1423 2932 155 68 about
1610 2931 134 69 these
1777 2929 119 71 regi-
