2200 3300
974 293 271 42 Appendix.

1765 296 96 43 521

340 418 79 35 and
434 420 46 34 to
497 420 136 36 render
645 421 36 36 it
694 422 261 44 impregnable
976 423 158 44 against
1157 433 25 34 a
1204 425 161 42 counter
1384 424 150 43 attack,
1551 425 118 42 which
1684 436 79 31 was
1777 438 88 29 con¬

338 475 154 42 stantly
510 477 194 42 expected.
749 477 120 42 While
889 479 126 41 busily
1036 478 173 43 engaged
1228 478 40 43 in
1289 478 79 43 this
1383 479 106 42 work
1504 480 67 41 the
1584 481 120 40 rebels
1719 484 145 42 opened

336 539 109 33 upon
466 541 47 31 us
529 532 94 40 with
646 543 26 29 a
693 533 107 39 fierce
823 533 171 41 artillery
1017 533 76 41 fire.
1136 533 33 41 A
1190 533 180 43 powerful
1390 534 110 43 force,
1518 535 86 42 said
1625 538 45 39 to
1685 537 46 40 be
1744 539 121 38 under

336 585 69 34 the
419 586 188 36 direction
625 588 44 34 of
687 587 159 35 General
860 587 73 35 Lee
946 588 40 34 in
1001 598 149 33 person,
1167 587 79 44 had
1261 587 92 44 been
1369 588 151 43 silently
1538 592 152 39 massed
1704 593 40 38 in
1757 594 107 37 front

338 640 45 34 of
398 640 101 37 Fort
528 642 206 44 Harrison,
767 643 172 43 screened
967 643 100 43 from
1097 653 72 33 our
1195 643 92 43 view
1315 643 53 43 by
1397 644 67 42 the
1491 645 214 44 inequality
1733 649 43 40 of
1796 649 69 40 the

336 698 167 41 ground.
534 698 106 43 They
657 709 99 32 soon
772 699 114 42 made
900 699 100 42 their
1014 709 174 32 presence
1201 699 152 43 known,
1370 700 185 44 however,
1573 702 78 42 and
1666 703 197 41 advanced

338 751 92 36 with
452 753 314 36 determination.
783 761 13 28 *
813 754 105 42 They
941 764 92 32 were
1054 757 79 39 met
1154 755 53 42 by
1230 765 26 32 a
1276 755 67 42 fire
1364 755 93 42 that
1485 759 86 38 sent
1598 758 106 39 them
1723 759 143 43 reeling

336 807 101 34 back
464 809 93 34 with
587 810 182 33 immense
797 810 92 34 loss.
932 809 127 43 Again
1080 810 93 42 they
1195 810 156 44 formed,
1378 811 78 43 and
1478 822 93 32 were
1592 814 118 41 again
1731 814 132 41 driven

337 862 111 36 back.
492 864 176 34 Another
684 865 141 42 charge
840 875 107 32 more
961 865 157 43 furious,
1137 866 77 42 and
1237 866 165 42 another
1424 868 146 42 repulse
1585 878 105 32 more
1703 868 159 43 bloody,

337 919 134 42 finally
486 919 209 42 convinced
710 920 108 41 them
832 920 94 41 that
940 920 67 41 the
1023 923 172 41 attempt
1215 932 79 32 was
1309 922 150 42 useless,
1479 923 76 41 and
1571 933 53 31 we
1639 933 92 31 were
1743 923 67 41 left
1822 923 41 41 in

337 975 222 42 possession
583 974 42 43 of
644 985 73 32 our
738 975 180 42 victories
942 976 44 41 of
1000 976 67 41 the
1088 976 179 43 previous
1290 976 90 43 day.
1424 977 106 42 After
1551 978 90 42 this,
1664 988 200 32 compara¬

338 1030 81 34 tive
435 1030 106 43 quiet
556 1030 154 44 reigned
726 1030 59 44 for
801 1041 25 33 a
840 1031 66 43 few
922 1031 110 43 days,
1049 1031 74 43 but
1137 1031 92 43 they
1244 1042 92 32 were
1349 1034 74 40 not
1438 1032 97 42 days
1551 1033 43 41 of
1603 1032 177 43 idleness;
1796 1033 70 42 the

340 1086 188 42 captured
542 1086 94 42 lines
651 1085 79 43 had
745 1088 45 40 to
806 1086 47 42 be
868 1086 172 42 reversed
1056 1085 78 43 and
1149 1085 126 43 heavy
1290 1087 127 42 picket
1432 1087 97 42 duty
1543 1089 45 40 to
1603 1087 47 42 be
1664 1088 109 42 done,
1784 1088 80 42 and

342 1141 44 34 of
400 1141 108 35 these
524 1141 126 35 duties
664 1142 81 34 this
760 1142 188 42 regiment
962 1141 78 43 had
1056 1141 52 43 its
1123 1141 67 43 full
1205 1142 123 42 share.

424 1197 22 17 "
457 1196 56 35 On
535 1197 68 34 the
625 1197 71 34 7th
719 1197 44 34 of
781 1196 175 43 October,
980 1197 66 42 the
1068 1206 132 33 enemy
1215 1197 113 42 made
1343 1208 26 31 a
1384 1197 97 42 dash
1497 1207 51 32 on
1564 1208 72 31 our
1649 1198 117 42 right,
1784 1198 79 42 and

342 1254 46 33 at
402 1253 86 34 first
504 1255 79 32 met
600 1252 90 35 with
706 1252 261 35 considerable
983 1262 156 25 success.
1164 1252 91 35 This
1270 1252 186 42 regiment
1471 1263 79 31 was
1565 1253 183 41 detached
1763 1253 99 41 from

341 1308 67 34 the
429 1308 171 42 brigade,
619 1307 79 43 and
722 1307 158 43 ordered
890 1309 58 41 -to
970 1307 66 43 the
1057 1307 107 43 right
1184 1309 45 41 to
1252 1308 119 42 assist
1383 1307 40 43 in
1437 1308 180 42 repelling
1630 1308 66 42 the
1712 1309 149 41 attack.

342 1362 132 35 Before
489 1363 181 42 reaching
686 1363 94 42 that
794 1362 114 43 point
922 1362 66 43 the
1004 1361 138 44 attack
1156 1362 79 43 had
1250 1362 92 43 been
1357 1363 172 42 repulsed
1539 1363 77 42 and
1624 1363 66 42 the
1698 1363 167 43 fighting

341 1428 80 24 was
442 1418 132 42 nearly
600 1428 102 32 over.
747 1417 67 43 We
836 1417 146 43 formed
1004 1427 26 33 a
1052 1417 177 43 skirmish
1251 1417 75 43 line
1346 1417 78 43 and
1445 1418 193 42 remained
1658 1418 100 42 until
1771 1418 93 42 mid¬

342 1473 124 43 night,
484 1474 106 42 when
606 1484 53 32 we
674 1472 178 44 returned
870 1474 44 42 to
931 1472 66 44 the
1012 1472 170 44 brigade.

425 1528 91 35 "On
542 1529 68 34 the
639 1528 97 35 13th
768 1527 43 36 of
843 1527 165 36 October
1038 1537 25 26 a
1083 1527 314 36 reconnoissance
1417 1538 80 25 was
1526 1528 113 35 made
1665 1538 106 33 upon
1797 1528 69 43 the

341 1584 167 42 enemy's
522 1584 92 42 lines
630 1584 40 42 in
686 1583 107 43 front
808 1583 44 43 of
864 1593 72 33 our
949 1582 117 44 right,
1076 1582 40 44 in
1130 1582 119 44 which
1265 1583 78 43 this
1359 1583 187 43 regiment
1559 1583 99 43 took
1673 1593 51 33 an
1739 1583 128 43 active

341 1642 104 41 part.
490 1639 80 44 The
597 1639 168 44 fighting
793 1648 80 35 was
903 1648 135 35 severe,
1071 1637 78 46 and
1177 1637 67 46 the
1265 1638 79 45 loss
1366 1638 270 45 considerable.
1680 1638 78 45 The
1778 1649 86 34 men

341 1695 173 34 behaved
527 1695 75 35 like
617 1697 199 33 veterans:
835 1694 73 36 but
922 1693 66 37 the
1009 1701 109 34 wary
1137 1693 60 42 foe
1218 1692 139 43 behind
1379 1692 59 43 his
1461 1696 139 40 strong
1621 1693 123 43 works
1765 1693 101 43 bade

342 1750 166 34 defiance
528 1752 46 32 to
598 1760 72 24 our
693 1749 113 35 small
829 1749 109 42 force,
965 1748 78 43 and
1066 1758 55 33 so,
1146 1748 102 43 after
1267 1749 126 42 fifteen
1415 1748 118 43 hours
1555 1749 43 42 of
1620 1748 178 43 fighting,
1819 1751 46 40 at

341 1806 114 42 night
471 1815 50 33 we
535 1805 179 43 returned
731 1807 45 41 to
794 1814 123 34 camp.
964 1803 58 45 On
1036 1803 67 45 the
1125 1804 98 44 27th
1248 1804 44 44 of
1309 1803 165 45 October
1495 1814 26 34 a
1534 1806 218 42 movement
1765 1813 101 35 com¬

342 1861 152 34 menced
523 1871 52 24 on
598 1871 72 24 our
692 1862 167 33 extreme
881 1859 67 36 left
970 1858 118 37 which
1111 1859 173 42 required
1305 1859 67 42 the
1395 1859 125 42 active
1540 1859 265 42 co-operation
1826 1858 44 43 of

342 1917 67 34 the
429 1916 119 42 Army
572 1916 43 42 of
630 1916 68 42 the
721 1915 143 43 James,
883 1914 94 44 that
998 1914 67 44 the
1086 1919 133 39 enemy
1241 1914 127 44 might
1389 1914 45 44 be
1447 1914 94 44 kept
1554 1914 124 44 busily
1693 1913 172 45 engaged

344 1974 46 32 at
410 1972 52 34 all
483 1972 143 43 points.
674 1971 93 44 This
789 1970 197 45 regiment,
1006 1978 44 37 as
1073 1971 94 44 part
1189 1969 43 46 of
1248 1970 66 45 the
1328 1970 99 45 force
1442 1969 157 46 selected
1614 1969 60 46 for
1686 1969 79 46 this
1779 1979 86 36 pur¬

342 2037 104 34 pose,
457 2030 59 41 set
531 2029 72 42 out
617 2027 106 44 early
735 2036 51 35 on
801 2026 68 45 the
886 2024 178 47 morning
1081 2024 43 47 of
1134 2024 66 47 the
1215 2025 109 46 27th,
1337 2025 77 46 and
1429 2034 106 37 came
1548 2024 38 47 in
1601 2026 159 45 contact
1773 2023 92 48 with

342 2083 68 35 the
437 2085 185 40 outposts
653 2082 44 43 of
713 2082 67 43 the
809 2091 143 34 enemy.
999 2079 215 46 Deploying
1236 2090 44 35 as
1303 2079 248 46 skirmishers,
1575 2079 99 46 after
1695 2089 25 36 a
1740 2079 124 46 short,

344 2139 118 42 sharp
478 2138 142 43 action,
639 2147 51 34 we
706 2137 120 44 drove
840 2136 68 45 the
923 2146 133 35 enemy
1079 2135 132 46 within
1235 2135 316 46 entrenchments.
1593 2134 106 47 After
1714 2133 153 48 driving

342 2194 40 34 in
396 2194 66 34 the
477 2193 177 35 skirmish
669 2192 86 42 line,
774 2202 54 32 we
844 2191 194 43 remained
1053 2191 39 43 in
1108 2191 106 43 front
1238 2191 44 43 of
1297 2190 66 44 the
1383 2189 164 45 enemy's
1562 2189 135 45 works,
1713 2188 153 46 picking

343 2249 59 34 his
417 2259 85 24 men
517 2259 44 24 as
578 2247 261 44 opportunity
858 2246 148 45 offered,
1026 2246 78 45 and
1121 2246 160 45 keeping
1294 2245 79 46 him
1388 2244 171 47 engaged
1573 2243 203 48 generally.
1798 2242 68 49 We

344 2314 93 25 were
463 2304 39 35 in
532 2314 51 25 an
612 2314 98 32 open
739 2303 98 43 field,
863 2302 166 44 exposed
1059 2304 45 42 to
1134 2302 67 44 the
1221 2301 67 45 fire
1310 2301 44 45 of
1370 2310 51 36 an
1441 2309 132 37 enemy
1593 2298 198 48 protected
1811 2297 53 49 by

345 2363 139 39 strong
497 2359 251 43 earthworks.
789 2358 79 44 The
885 2369 84 33 men
984 2358 174 44 behaved
1173 2367 93 35 very
1281 2356 97 46 well;
1393 2355 61 47 for
1467 2353 265 49 twenty-three
1746 2352 120 50 hours

343 2416 93 41 they
464 2415 86 42 held
578 2415 79 42 this
687 2414 185 43 position,
901 2415 186 42 exposing
1108 2412 225 45 themselves
1362 2409 91 48 with
1481 2408 68 49 the
1575 2410 106 47 most
1706 2407 160 50 reckless

344 2471 244 41 indifference,
612 2470 141 42 taking
777 2470 67 42 the
868 2470 257 42 ammunition
1147 2469 98 43 from
1268 2467 67 45 the
1355 2465 132 47 bodies
1502 2463 44 49 of
1561 2462 99 50 their
1675 2461 97 51 dead
1787 2461 78 51 and

345 2526 185 35 wounded
545 2526 254 42 companions
812 2525 105 43 when
932 2524 100 44 their
1048 2533 82 35 own
1147 2534 78 34 was
1240 2520 224 48 exhausted,
1477 2518 76 50 and
1568 2517 38 51 in
1622 2517 51 51 all
1687 2518 175 50 respects,

344 2582 32 34 if
391 2582 114 34 valor
525 2582 48 34 be
594 2591 80 31 any
698 2580 167 42 criteron
890 2579 42 43 of
948 2579 210 43 manhood,
1181 2577 167 45 proving
1368 2574 225 48 themselves
1613 2574 46 48 to
1680 2570 47 52 be
1742 2569 123 53 'good

344 2648 86 23 men
446 2637 78 34 and
538 2636 113 35 true.'
699 2636 54 35 At
767 2634 133 42 length
917 2644 51 32 on
989 2633 66 43 the
1076 2632 179 44 morning
1276 2631 43 45 of
1334 2631 67 45 the
1415 2629 109 47 28th,
1540 2627 67 49 the
1620 2628 138 48 troops
1773 2633 93 43 were

344 2693 240 41 withdrawn,
606 2691 79 43 and
704 2700 52 34 we
770 2688 179 46 returned
963 2689 46 45 to
1024 2696 123 38 camp.

408 2748 84 35 "On
507 2748 68 35 the
593 2746 98 37 19th
711 2745 76 41 day
798 2743 43 43 of
850 2741 223 45 November,
1082 2742 67 44 the
1162 2740 185 46 regiment
1362 2749 78 37 was
1455 2736 155 50 ordered
1626 2737 45 49 to
1686 2733 179 53 garrison

344 2804 149 35 certain
518 2800 188 39 detached
729 2799 99 40 forts
851 2807 51 32 on
916 2796 67 43 the
1003 2795 85 44 New
1110 2795 151 44 Market
1281 2793 109 46 road,
1408 2792 117 47 which
1540 2800 93 39 were
1646 2786 219 53 considered

344 2862 45 34 of
407 2861 116 43 great
541 2857 244 47 importance
800 2862 51 42 on
867 2852 165 52 account
1046 2850 44 54 of
1104 2850 66 54 the
1184 2849 164 55 relation
1368 2848 93 56 they
1481 2846 94 58 bore
1594 2847 45 57 to
1660 2843 68 61 the
1747 2841 120 63 whole

344 2917 77 34 line
437 2913 121 38 north
583 2911 44 40 of
642 2910 68 41 the
730 2907 143 44 James.
918 2904 105 47 That
1043 2904 78 47 this
1142 2904 187 47 regiment
1349 2912 78 39 was
1455 2902 85 49 sent
1567 2901 45 50 to
1633 2897 92 54 hold
1746 2897 117 54 them,

348 2981 80 26 was
459 2966 189 41 certainly
677 2973 26 34 a
730 2959 157 48 marked
916 2959 147 48 tribute
1089 2960 45 47 to
1162 2957 53 50 its
1236 2957 112 50 valor
1369 2955 78 52 and
1467 2953 196 54 efficiency,
1687 2951 78 56 and
1786 2960 80 47 wa«
