2200 3300
923 803 375 52 PEEFACE.

420 1012 41 38 It
474 1025 80 26 waB
569 1025 27 26 a
609 1015 114 46 dark,
736 1017 153 44 stormy
903 1012 114 49 night
1029 1014 41 47 in
1082 1015 68 46 the
1163 1015 133 46 winter
1316 1014 44 47 of
1374 1013 49 48 IS
1429 1014 63 47 82,
1506 1015 107 46 when
1630 1015 76 46 less
1725 1015 100 46 than
1844 1028 26 33 a

338 1069 176 35 hundred
528 1081 98 33 men,
643 1072 53 42 all
711 1071 43 43 of
765 1071 125 43 whom
903 1071 80 43 had
997 1071 132 43 served
1142 1071 100 43 their
1255 1074 165 41 country
1434 1072 40 43 in
1487 1072 180 44 crushing
1679 1073 67 43 the
1758 1075 114 42 great

337 1125 197 35 Rebellion
562 1127 44 37 of
629 1126 197 44 1861-'65,
855 1127 187 43 gathered
1070 1127 150 43 around
1247 1138 27 32 a
1299 1128 204 42 camp-fire.
1547 1127 79 43 The
1652 1128 114 42 white
1792 1129 79 41 and

337 1180 68 35 the
418 1181 156 34 colored
587 1181 202 35 American
810 1191 93 25 were
922 1182 126 43 there;
1071 1192 44 33 so
1136 1192 94 33 were
1248 1182 68 43 the
1335 1182 176 43 German,
1527 1182 249 45 Frenchman,
1792 1184 79 43 and

337 1236 307 43 Irishman,—all
671 1236 200 43 American
895 1237 264 43 -citizens,—all
1178 1239 178 41 veterans
1384 1237 44 43 of
1448 1238 68 42 the
1541 1238 80 42 last
1647 1249 91 31 war.
1792 1238 80 42 The

336 1295 134 41 empty
486 1292 131 44 sleeve,
634 1292 68 44 the
716 1291 141 45 absent
870 1292 71 44 leg,
958 1292 67 44 the
1045 1292 138 44 sabred
1203 1292 90 44 face,
1315 1293 66 43 the
1401 1292 284 44 bullet-scarred
1705 1293 106 43 body
1831 1294 42 42 of

336 1349 68 34 the
418 1358 132 34 many,
565 1346 89 46 told
667 1347 68 45 the
750 1349 112 43 story
877 1347 45 45 of
936 1347 68 45 the
1018 1347 139 45 service
1169 1347 93 45 they
1275 1347 80 45 had
1368 1358 97 34 seen.
1500 1347 40 45 It
1553 1358 79 34 was
1645 1348 67 44 the
1726 1350 146 42 annual

337 1404 282 44 Encampment
634 1403 44 45 of
693 1403 67 45 the
774 1402 254 46 Department
1044 1402 43 46 of
1104 1401 181 47 Virginia,
1302 1402 130 46 Grand
1452 1402 119 46 Army
1586 1403 44 45 of
1644 1404 67 44 the
1724 1403 147 45 Repub¬

336 1461 58 43 lic,
418 1462 79 42 and
517 1462 68 42 the
605 1459 201 45 comrades
829 1458 44 46 of
890 1458 198 46 Farragut
1110 1457 99 47 Post
1229 1457 79 47 had
1327 1457 199 47 tastefully
1554 1458 190 46 arranged
1771 1459 100 45 their

337 1520 180 40 quarters
532 1517 60 43 for
605 1517 68 43 the
687 1515 191 45 occasion.

416 1572 55 35 At
485 1573 194 42 midnight
693 1583 26 32 a
733 1573 233 42 sumptuous
989 1568 157 47 soldiers
1168 1567 244 48 fare—baked
1433 1568 130 47 beans,
1579 1570 73 45 not
1664 1568 113 47 coffee
1791 1568 80 47 and

335 1627 102 35 hard
451 1628 213 35 tack—was
686 1627 139 44 spread
848 1626 126 45 before
995 1624 67 47 the
1085 1625 187 46 veterans,
1289 1623 84 48 who
1395 1625 65 46 ate
1473 1623 79 48 and
1567 1623 124 48 drank
1704 1624 165 47 heartily

337 1694 46 24 as
396 1684 40 34 in
451 1684 67 34 the
532 1683 99 46 days
645 1684 106 45 when
765 1682 148 47 resting
927 1681 100 48 from
1042 1680 66 49 the
1122 1679 153 50 pursuit
1289 1678 43 51 of
1340 1678 66 51 the
1420 1688 143 41 enemy.
1605 1678 45 51 In
1663 1679 68 50 the
1744 1689 126 40 morn¬

335 1739 70 43 ing
417 1739 111 43 hour,
545 1739 106 43 when
671 1748 127 34 weary
818 1738 99 44 from
940 1737 67 45 the
1022 1735 70 47 joy
1116 1735 44 47 of
1175 1744 99 38 song
1296 1733 77 49 and
1393 1735 123 47 toast,
1532 1733 33 49 it
1578 1743 79 39 was
1677 1734 192 48 proposed

335 1794 96 35 that
450 1794 68 35 the
537 1794 154 43 history
712 1794 44 43 of
771 1794 66 43 the
858 1793 201 44 American
1081 1800 117 37 negro
1222 1789 138 48 soldier
1380 1789 138 48 should
1538 1788 46 49 be
1598 1789 162 48 written,
1776 1789 93 48 that

335 1850 195 43 posterity
545 1850 126 43 might
684 1849 101 44 have
799 1859 26 34 a
837 1849 109 44 fuller
966 1848 80 45 and
1074 1857 106 36 more
1201 1845 186 48 complete
1406 1844 132 49 record
1559 1844 43 49 of
1617 1844 67 49 the
1704 1845 111 48 deeds
1830 1844 41 49 of

335 1905 68 35 the
423 1915 119 33 negro
564 1905 160 43 soldiers
744 1905 100 43 than
864 1904 79 44 had
964 1904 94 44 been
1078 1903 111 45 given
1212 1902 40 46 in
1273 1901 67 47 the
1366 1910 204 38 numerous
1598 1900 157 48 already
1775 1901 95 47 pub¬

334 1960 122 36 lished
470 1960 181 36 histories
666 1960 44 36 of
718 1961 67 35 the
797 1960 172 36 conflicts
983 1960 41 36 in
1038 1959 119 37 which
1172 1958 93 42 they
1279 1957 139 44 played
1432 1967 44 34 so
1491 1956 218 45 important
1723 1967 26 34 a
1762 1959 105 42 part.

416 2015 82 35 The
510 2016 92 35 task
618 2016 45 35 of
671 2016 206 43 preparing
890 2016 67 43 the
971 2016 152 43 history
1138 2014 59 45 fell
1212 2017 44 42 to
1272 2024 66 35 my
1352 2013 70 46 lot,
1433 2012 78 47 and
1524 2012 34 47 it
1570 2012 33 47 is
1617 2011 39 48 in
1671 2012 198 47 obedience

333 2073 48 34 to
402 2072 68 35 the
490 2070 99 44 duty
608 2072 82 42 laid
711 2082 104 33 upon
837 2082 59 33 me
916 2071 54 44 by
984 2082 67 33 my
1064 2071 141 44 former
1225 2070 211 45 comrades,
1451 2069 92 46 with
1557 2069 125 46 whom
1695 2069 20 46 I
1729 2069 139 46 shared

333 2127 69 35 the
421 2128 94 34 toils
537 2127 79 35 and
632 2127 91 44 joys
745 2127 45 44 of
803 2137 124 34 camp,
951 2127 144 44 march,
1119 2127 127 44 battle
1267 2127 77 44 and
1366 2126 109 45 siege,
1497 2126 94 45 that
1609 2125 80 46 this
1702 2126 163 45 volume,

332 2183 69 35 the
413 2183 122 35 result
550 2183 44 35 of
609 2193 67 32 my
689 2183 143 43 efforts,
847 2182 34 44 is
895 2182 187 44 launched
1097 2193 106 33 upon
1217 2183 67 43 the
1298 2193 66 33 sea
1378 2183 44 43 of
1437 2193 79 33 war
1528 2182 211 44 literature.

402 2238 180 40 Whether
595 2248 48 30 or
656 2240 73 38 not
742 2238 106 40 there
862 2238 32 40 is
910 2249 79 32 any
1003 2238 113 43 merit
1130 2239 39 42 in
1184 2239 67 42 the
1265 2239 115 43 work,
1386 2239 77 56 (the
1476 2239 133 56 reader
1622 2241 106 54 must
1735 2238 129 57 judge.

334 2292 73 37 His
421 2294 154 42 charity
587 2294 34 42 is
636 2294 130 43 asked,
782 2294 184 43 however,
982 2295 152 42 toward
1158 2296 91 41 such
1272 2295 137 42 defects
1431 2306 45 31 as
1496 2306 92 32 may
1602 2295 47 43 be
1663 2297 201 41 apparent,

334 2350 79 35 and
429 2349 129 44 which,
574 2350 178 44 perhaps,
768 2349 126 45 might
908 2350 48 44 be
970 2351 179 43 expected
1163 2351 40 43 in
1217 2351 66 43 the
1303 2351 159 43 literary
1477 2351 105 43 work
1597 2350 44 44 of
1657 2361 71 33 one
1741 2350 125 44 whose

332 2405 61 34 life
413 2405 73 35 has
507 2405 93 36 been
627 2405 148 43 largely
795 2408 113 40 spent
930 2406 106 42 amid
1056 2406 68 42 the
1146 2407 184 41 darkness
1358 2407 44 41 of
1423 2406 67 42 the
1516 2406 124 42 South
1667 2406 198 42 American

332 2461 194 34 countries
541 2460 78 35 and
633 2461 68 34 the
714 2461 186 36 isolation
923 2462 44 35 of
983 2462 67 35 the
1070 2461 125 36 South
1218 2462 72 35 Sea
1310 2462 163 35 Islands.
1515 2461 40 36 It
1576 2472 77 25 was
1673 2463 74 34 not
1766 2459 99 38 until

332 2515 105 44 May,
461 2516 116 43 1862,
600 2516 108 43 while
730 2516 198 43 domiciled
944 2519 46 40 at
1003 2517 67 42 the
1084 2517 146 43 capitol
1245 2517 44 43 of
1304 2516 102 44 Chili,
1423 2517 93 43 that
1528 2517 20 43 I
1561 2517 87 43 first
1659 2515 152 45 learned
1825 2514 42 46 of

331 2571 68 35 the
413 2582 80 24 war
506 2571 40 35 in
559 2572 68 34 the
640 2572 140 35 United
796 2571 144 44 States,
957 2572 116 43 when,
1089 2572 207 43 hastening
1316 2575 45 40 to
1382 2572 80 43 this
1482 2574 175 41 country,
1673 2570 19 45 I
1706 2570 59 45 fell
1778 2571 85 44 into

330 2627 69 35 the
419 2627 120 35 ranks
560 2627 93 35 with
674 2628 68 34 the
762 2628 88 34 first
870 2637 118 33 negro
1005 2627 158 43 soldiers
1183 2627 93 43 that
1295 2627 68 43 left
1382 2627 67 43 the
1469 2627 133 43 Touro
1621 2626 178 44 Building
1819 2627 45 43 at

331 2682 87 35 New
440 2683 170 43 Orleans,
634 2683 40 43 in
695 2682 226 44 November,
938 2682 116 44 1862,
1084 2682 78 44 and
1189 2682 179 44 marched
1396 2685 72 41 out
1495 2693 52 33 on
1566 2670 68 56 the
1654 2681 209 45 Opelousas

330 2738 112 44 road,
458 2740 46 42 to
520 2749 107 33 serve
640 2738 40 44 in
696 2738 147 44 defence
858 2738 44 44 of
910 2737 67 45 the
990 2737 137 45 Union.

413 2794 138 35 "With
573 2794 196 35 whatever
789 2792 219 43 foreboings
1030 2792 44 43 of
1088 2792 133 43 failure
1248 2791 20 44 I
1288 2792 152 43 entered
1467 2802 105 34 upon
1598 2792 69 44 the
1691 2790 105 46 work
1823 2789 43 47 of

330 2849 203 44 collecting
547 2849 67 44 the
627 2849 203 44 literature
844 2847 44 46 of
902 2847 68 46 the
983 2857 89 36 war,
1089 2847 97 46 from
1203 2846 115 47 which
1333 2849 46 44 to
1394 2848 73 45 cull
1481 2847 76 46 and
1573 2857 165 36 arrange
1751 2846 110 47 much

331 2905 46 35 of
392 2905 67 35 the
481 2907 147 33 matter
648 2902 208 38 contained
877 2901 298 44 herein,—which
1196 2901 73 44 has
1291 2902 170 44 required
1480 2913 113 33 years
1615 2902 46 44 of
1672 2901 192 45 incessant
