2200 3300
344 317 61 41 62

646 314 222 43 History
894 326 64 31 of
985 324 97 33 the
1108 311 166 46 Black
1299 309 253 48 Phalanx.

419 446 114 35 "But
552 446 20 35 I
592 446 52 35 do
665 449 106 32 most
790 446 153 41 strictly
961 444 127 43 forbid
1108 452 80 35 any
1206 441 146 46 Person
1373 440 45 47 to
1439 435 67 52 sell
1533 444 47 43 or
1606 432 113 55 claim
1746 428 125 59 Right

341 511 92 23 over
455 512 76 30 any
553 501 136 42 Negro,
711 501 67 42 the
797 502 184 41 property
1004 498 43 45 of
1063 508 26 35 a
1108 495 123 48 Rebel,
1255 493 84 50 who
1361 500 91 43 may
1473 489 93 54 take
1586 487 128 56 refuge
1733 485 41 58 in
1789 491 79 52 any

338 558 94 40 part
448 556 42 42 of
506 556 79 42 this
599 556 137 42 Army:
777 554 87 44 And
877 554 19 44 I
918 554 50 44 do
989 552 166 46 promise
1174 553 45 45 to
1241 556 112 42 every
1374 553 118 45 negro
1514 542 86 56 who
1622 539 100 59 shall
1743 538 128 60 desert

338 610 66 34 the
421 609 114 35 Rebel
553 610 210 41 Standard,
785 609 67 42 full
873 608 166 43 security
1056 608 46 43 to
1116 604 127 47 follow
1256 599 133 52 within
1402 598 106 53 these
1520 596 126 55 Lines,
1664 601 77 50 any
1757 590 112 61 Occu¬

338 667 138 40 pation
493 665 118 42 which
626 665 47 42 he
688 663 98 44 shall
799 663 113 44 think
925 670 150 37 proper.

421 719 143 34 "Given
580 720 119 33 under
713 729 66 31 my
794 717 118 43 Hand
926 718 46 42 at
985 712 322 48 Head-Quarters,
1324 705 255 55 Philipsburg,
1596 703 67 57 the
1678 701 98 59 30th
1791 700 79 60 day

339 774 44 34 of
397 773 112 43 June,
527 773 117 43 1779.
1530 759 51 57 H.
1602 757 186 59 Clinton.

426 827 84 43 "By
525 827 59 43 his
599 825 252 45 Excellency's
865 822 215 48 command,
1096 820 108 50 John
1217 817 136 53 Smith,
1370 812 238 58 Secretary."

438 905 50 42 It
513 905 41 42 is
580 904 167 55 highly
774 899 231 60 probable
1030 898 116 61 that
1172 906 149 53 many
1347 903 198 56 negroes
1571 889 141 70 made
1744 888 126 71 their

338 983 109 41 way
462 973 59 51 to
545 971 84 53 the
656 968 183 56 British
867 977 152 47 camp.
1074 961 95 63 Col.
1191 960 213 64 Laurens
1430 959 150 65 wrote
1596 958 57 66 to
1673 954 196 70 General

339 1035 336 55 Washington,
699 1033 148 57 under
876 1031 115 59 date
1018 1027 53 63 of
1091 1026 261 64 February,
1383 1023 143 67 1780,
1565 1022 73 68 six
1671 1022 197 68 months

340 1102 124 41 after
489 1102 83 41 the
598 1100 183 53 issuing
802 1098 52 55 of
876 1095 73 58 Sir
975 1093 165 60 Henry
1167 1090 230 63 Clinton's
1424 1088 367 65 proclamation,
1812 1101 57 52 as

338 1167 206 42 follows:

421 1244 22 16 "
454 1243 157 34 Private
627 1243 184 34 accounts
828 1249 72 31 say
914 1238 94 42 that
1024 1235 158 45 General
1202 1235 172 45 Provost
1394 1234 33 46 is
1446 1234 67 46 left
1533 1235 45 45 to
1599 1233 204 47 command
1823 1235 46 45 at

338 1298 230 42 Savannah;
585 1298 93 42 that
693 1296 57 44 his
767 1298 139 42 troops
922 1292 146 48 consist
1084 1291 43 49 of
1143 1290 184 50 Hessians
1349 1289 78 51 and
1447 1288 198 52 Loyalists
1665 1289 92 51 that
1777 1299 91 41 were

337 1353 109 34 there
459 1353 136 41 before,
621 1350 221 44 re-inforced
862 1349 56 45 by
936 1358 28 36 a
985 1356 114 38 corps
1120 1346 49 48 of
1178 1346 133 48 blacks
1329 1345 83 49 and
1428 1355 28 39 a
1469 1345 243 49 detachment
1726 1344 49 50 of
1781 1355 88 39 sav¬

339 1418 103 32 ages.
485 1408 40 42 It
538 1407 33 43 is
593 1405 193 45 generally
809 1402 180 48 reported
1010 1402 94 48 that
1131 1401 69 49 Sir.
1217 1400 131 50 Henry
1376 1400 151 50 Clinton
1553 1401 223 49 commands
1803 1401 66 49 the

338 1464 154 41 present
507 1460 256 45 expedition."

440 1538 190 44 Clinton
656 1537 83 45 left
766 1536 108 46 New
900 1535 133 47 York
1059 1534 55 48 in-
1133 1535 84 47 the
1241 1534 150 48 latter
1415 1535 116 53 part
1557 1533 55 55 of
1632 1532 141 56 1779,
1793 1533 77 55 for

337 1606 86 42 the
447 1605 250 43 reduction
725 1604 53 44 of
800 1603 295 51 Charleston,
1116 1601 150 53 which
1290 1601 59 53 he
1374 1600 262 54 completed
1662 1600 49 54 in
1736 1600 127 55 May,

338 1673 134 41 three
490 1673 198 41 months
717 1671 122 43 after
865 1670 84 44 the
976 1670 116 44 date
1111 1668 53 46 of
1185 1667 94 47 Col.
1301 1667 227 47 Laurens'
1547 1667 153 47 letter.
1755 1666 107 48 Gen.

340 1738 212 53 Lincoln,
574 1739 106 52 who
701 1737 312 54 commanded
1040 1736 85 55 the
1149 1734 250 57 American
1422 1734 148 57 forces
1590 1736 55 55 at
1662 1733 204 58 Charles¬

339 1808 105 51 ton,
460 1805 161 55 joined
639 1806 50 54 in
705 1805 84 55 the
807 1805 139 55 effort
964 1806 56 54 to
1044 1816 105 44 arm
1166 1804 83 56 the
1266 1815 211 45 negroes.
1532 1801 56 59 In
1607 1814 31 46 a
1653 1801 139 59 letter
1808 1804 56 56 to

341 1871 120 44 Goy.
491 1872 244 55 Rutledge,
767 1870 147 57 dated
943 1869 294 58 Charleston,
1275 1868 165 59 March
1475 1867 135 60 13th,
1640 1867 141 60 1780,
1809 1868 57 59 he

340 1952 138 41 says:

423 2017 21 16 "
457 2016 91 34 Give
562 2025 59 25 me
634 2015 106 36 leave
760 2016 45 35 to
829 2014 78 37 add
930 2024 91 27 once
1042 2023 114 31 more,
1173 2011 93 43 that
1286 2011 19 43 I
1325 2011 111 43 think
1451 2011 66 43 the
1531 2021 172 33 measure
1717 2013 43 41 of
1774 2011 91 43 rais¬

338 2072 70 42 ing
420 2082 26 32 a
458 2071 113 43 black
586 2080 112 34 corps
714 2080 26 34 a
753 2079 199 35 necessary
968 2078 88 36 one;
1079 2068 93 46 that
1192 2068 19 46 I
1225 2067 98 47 have
1337 2068 112 46 great
1462 2076 138 38 reason
1615 2069 45 45 to
1676 2067 148 47 believe,
1840 2067 30 47 if

338 2127 227 45 permission
592 2126 32 46 is
652 2125 112 47 given
786 2125 59 47 for
859 2124 44 48 it,
919 2124 93 48 that
1033 2132 117 40 many
1171 2131 84 41 men
1276 2121 125 51 would
1422 2130 98 42 soon
1541 2120 46 52 be
1609 2122 194 50 obtained.
1845 2122 19 50 I

338 2182 102 33 have
452 2180 220 43 repeatedly
688 2178 118 45 urged
820 2178 79 45 this
914 2180 154 43 matter,
1078 2178 73 45 not
1165 2176 90 47 only
1269 2175 158 48 because
1441 2174 184 49 Congress
1639 2175 73 48 has
1726 2187 139 36 recom¬

339 2236 159 34 mended
512 2236 43 41 it,
574 2235 78 42 and
666 2235 159 42 because
845 2233 34 44 it
899 2232 158 45 thereby
1077 2231 171 46 becomes
1268 2239 66 38 my
1349 2229 97 48 duty
1459 2231 45 46 to
1520 2231 173 46 attempt
1705 2233 45 44 to
1765 2232 99 45 have

337 2291 35 34 it
387 2289 188 42 executed,
591 2290 75 41 but
686 2289 159 42 because
866 2298 65 33 my
953 2297 83 34 own
1057 2284 104 47 mind
1183 2284 175 47 suggests
1381 2283 70 48 the
1478 2283 126 48 ulility
1625 2285 78 46 and
1722 2286 141 45 impor¬

338 2348 115 31 tance
467 2344 43 35 of
526 2344 66 35 the
606 2353 181 32 measure,
805 2352 44 33 as
863 2342 66 43 the
943 2340 124 45 safety
1082 2338 43 47 of
1140 2338 65 47 the
1218 2339 105 46 town
1337 2336 111 49 maks
1462 2336 33 49 it
1509 2347 210 38 necessary.

440 2421 100 40 The
581 2418 180 55 project
797 2419 53 54 of
886 2415 181 58 raising
1108 2425 145 48 negro
1295 2414 173 59 troops
1510 2412 173 61 gained
1728 2429 133 44 some

337 2486 175 42 friends
530 2484 49 44 in
606 2484 65 44 all
697 2483 217 49 sections,
953 2480 93 52 and
1084 2478 280 54 Statesmen,
1403 2477 121 55 both
1561 2478 155 54 South
1761 2485 97 47 and

338 2550 171 51 North,
540 2561 55 40 as
620 2550 115 51 they
760 2546 163 55 talked
952 2546 153 55 about
1130 2543 53 58 it,
1214 2542 187 59 became
1427 2554 131 47 more
1583 2543 91 58 free
1699 2548 56 53 to
1783 2561 76 40 ex¬

338 2627 131 42 press
503 2613 124 56 their
654 2610 326 59 approbation
1008 2609 53 60 of
1087 2608 83 61 the
1194 2619 225 50 measure.
1474 2606 133 63 They
1630 2609 99 60 had
1756 2614 102 55 wit¬

337 2678 165 42 nessed
528 2677 83 43 the
636 2676 173 44 militia
833 2675 122 45 from
985 2672 209 54 Virginia
1228 2670 95 56 and
1358 2670 155 56 North
1540 2671 235 59 Carolina,
1798 2682 57 48 at

335 2744 85 41 the
446 2741 155 44 battle
620 2740 53 45 of
693 2739 217 50 Camden,
938 2739 155 50 throw
1120 2736 137 53 down
1281 2735 124 54 their
1432 2748 128 41 arms
1588 2738 157 51 before
1770 2744 85 45 the

335 2820 168 40 enemy
513 2806 38 54 ;*
569 2805 116 55 they
699 2803 98 57 had
816 2815 106 45 seen
939 2802 138 58 black
1095 2800 96 60 and
1216 2799 140 61 white
1371 2802 173 58 troops
1561 2805 151 55 under
1728 2821 127 39 com-

402 2894 17 14 *
436 2893 43 26 At
496 2891 55 28 the
568 2890 79 30 first,
667 2889 100 31 onset,
787 2895 21 25 a
824 2889 88 31 larj?e
928 2887 86 33 body
1033 2887 35 33 of
1081 2886 54 34 the
1152 2885 141 35 Virginia
1311 2885 122 35 militia,
1453 2887 99 33 under
1569 2895 21 25 a
1607 2890 116 30 charge
1741 2896 36 25 of
1795 2897 58 25 the

335 2926 122 26 British
469 2924 141 29 infantry
624 2922 74 31 with
711 2921 81 32 fixed
803 2921 167 32 bayonets,
989 2920 96 33 threw
1103 2919 91 34 down
1211 2918 82 35 their
1305 2923 85 30 arms
1409 2919 63 34 and
1490 2920 69 33 fled.
1596 2923 25 30 A
1634 2927 219 26 considerabla

334 2959 79 32 part
426 2958 35 33 of
474 2957 54 34 the
545 2955 103 36 North
666 2953 147 38 Carolina
831 2953 113 38 militia
961 2950 141 41 followed
1119 2950 82 41 their
1217 2950 169 41 unworthy
1403 2952 152 39 example.
1590 2955 67 36 But
1673 2958 55 33 the
1745 2961 96 30 Conti
