2209 3306
726 305 346 44 Department
1100 318 63 31 of
1191 317 94 32 the
1313 304 175 45 South.

1768 302 98 43 283

339 435 115 36 black
469 447 103 34 ones,
588 439 74 42 but
677 439 50 42 do
742 442 73 39 not
829 440 105 41 work
949 451 43 30 as
1006 440 233 41 constantly.
1281 438 118 43 Black
1420 439 156 42 soldiers
1592 438 144 43 seldom
1750 439 114 42 inter¬

340 490 75 36 mit
429 492 106 35 their
555 494 132 35 labors
708 498 133 41 except
861 496 52 43 by
934 496 129 43 orders
1085 506 45 33 or
1149 491 233 48 permission.
1426 494 78 45 The
1524 494 129 45 result,
1671 504 45 35 as
1737 494 60 45 far
1817 505 47 34 as

340 557 67 32 my
429 547 272 42 observations
721 551 169 43 extends,
913 551 33 43 is
966 551 92 43 that
1072 561 25 33 a
1116 553 151 41 greater
1288 551 163 43 amount
1471 549 44 45 of
1531 549 104 45 work
1656 549 33 45 is
1710 550 154 44 usually

342 602 279 44 accomplished
635 605 92 41 with
742 606 112 40 black
868 607 98 39 than
980 606 91 40 with
1086 603 110 43 whit£
1216 604 167 42 soldiers.

424 657 96 36 "IV.
565 658 55 35 'If
637 670 25 24 a
676 662 144 33 certain
836 662 103 34 work
960 672 91 24 were
1071 664 44 32 to
1137 661 45 35 be
1204 660 272 43 accomplished
1496 660 39 43 in
1548 660 67 43 the
1629 660 99 43 least
1741 658 122 45 possi¬

341 712 62 35 ble
422 713 105 46 time,
544 712 104 47 when
669 716 237 43 enthusiasm
928 717 77 42 and
1027 716 116 43 direct
1163 716 176 43 personal
1359 716 158 43 interest
1536 715 32 44 is
1589 725 199 34 necessary
1815 718 45 41 to

342 768 68 34 the
423 768 239 36 attainment
677 771 43 33 of
735 771 66 34 the
814 772 83 42 end,
915 771 122 43 would
1052 771 129 43 whites
1196 782 45 32 or
1253 771 131 43 blacks
1399 781 143 33 answer
1555 770 124 44 best?'

426 824 186 35 "Whites.
656 825 164 35 Because
846 826 152 43 though
1024 826 190 44 requiring
1241 836 103 34 more
1371 826 111 44 effort
1508 828 45 42 to
1574 826 163 44 control,
1767 826 94 44 they

343 888 153 33 possess
518 889 26 32 a
563 883 153 39 greater
735 891 139 33 energy
894 882 44 42 of
954 882 195 42 character
1171 881 76 43 and
1268 881 273 43 susceptibility
1563 881 43 43 of
1621 881 239 43 enthusiasm

343 933 100 35 than
457 934 66 35 the
536 934 112 35 black
662 946 96 33 race,
782 936 118 43 which
921 947 71 32 can
1012 937 47 42 be
1079 937 116 42 called
1208 937 83 42 into
1308 936 128 43 action
1449 936 52 43 by
1517 946 50 33 an
1581 946 217 33 emergency
1814 946 46 33 or

343 988 55 43 by
412 999 27 32 a
452 989 185 42 sufficient
650 991 113 40 effort
777 1001 51 30 on
842 992 66 39 the
921 994 93 40 part
1029 992 42 42 of
1086 992 97 42 their
1198 992 151 42 officers.

426 1043 75 36 "V.
545 1044 137 35 'What
702 1046 32 33 is
755 1046 66 34 the
843 1046 199 43 difference,
1065 1047 236 43 considering
1319 1047 66 43 the
1399 1046 123 44 above
1535 1046 142 44 points,
1692 1046 166 44 between

343 1098 153 35 colored
510 1101 137 42 troops
668 1101 184 42 recruited
874 1101 98 42 from
992 1101 66 42 the
1078 1102 71 41 free
1170 1101 128 42 States
1320 1101 76 42 and
1416 1102 111 41 those
1547 1102 98 41 from
1666 1101 66 42 the
1752 1102 108 41 slave

344 1152 178 36 States?'

425 1208 50 34 "I
489 1209 99 35 have
602 1210 184 34 observed
802 1221 25 24 a
842 1210 150 35 decided
1006 1212 188 33 difference
1207 1211 38 34 in
1260 1211 110 36 favor
1384 1211 43 36 of
1435 1211 111 36 those
1560 1211 184 36 recruited
1758 1212 100 35 from

342 1263 68 37 the
423 1263 73 37 free
510 1263 142 37 States.

425 1318 22 16 "
457 1318 78 34 The
549 1319 170 42 problem
733 1320 180 41 involved
932 1321 39 40 in
992 1321 65 40 the
1077 1321 195 43 foregoing
1291 1320 272 44 investigation
1585 1321 33 43 is
1638 1332 106 32 more
1765 1322 92 42 diffi¬

342 1373 81 34 cult
437 1373 43 34 of
497 1384 25 24 a
536 1374 170 34 solution
720 1375 99 34 than
835 1386 162 33 appears
1013 1378 45 41 at
1078 1377 83 42 first
1182 1376 113 44 sight,
1312 1377 122 43 owing
1453 1379 44 41 to
1512 1376 66 44 the
1591 1376 80 44 fact
1684 1377 91 43 that
1790 1377 68 43 the

343 1427 133 43 degree
491 1427 42 43 of
549 1429 184 42 efficiency
746 1430 166 42 peculiar
925 1432 44 40 to
993 1441 76 31 any
1089 1441 188 32 company
1298 1431 42 42 of
1355 1433 136 40 troops
1507 1431 162 42 depends
1684 1442 44 31 so
1743 1432 112 41 much

344 1492 51 25 on
409 1483 67 34 the
489 1483 198 34 character
709 1484 42 33 of
766 1484 99 34 their
887 1485 152 42 officers,
1064 1495 50 32 an
1135 1485 155 42 element
1310 1486 91 41 that
1421 1488 104 39 must
1545 1486 191 41 eliminate
1756 1486 99 41 from

342 1535 68 36 the
425 1538 176 42 question
615 1538 39 42 in
676 1539 111 41 order
807 1540 45 40 to
875 1539 187 41 ascertain
1083 1539 65 41 the
1169 1539 147 44 quality
1338 1539 42 44 of
1395 1540 65 43 the
1480 1540 177 43 material
1679 1540 43 43 of
1737 1541 118 42 which

343 1592 68 34 the
424 1594 138 41 troops
578 1602 64 33 are
656 1593 214 42 composed.

427 1646 21 17 u
458 1645 19 34 I
491 1646 98 34 have
602 1647 66 33 the
681 1646 125 35 honor
819 1650 45 31 to
879 1647 45 34 be
937 1658 98 32 your
1050 1648 174 42 obedient
1238 1652 165 40 servant,

1319 1704 78 35 "H.
1415 1704 199 44 Farrand,

926 1758 95 34 "1st
1033 1758 121 34 Lieut.
1169 1758 88 35 New
1272 1758 99 36 York
1397 1759 201 35 Volunteer
1608 1760 245 45 Engineers.'"

445 1831 57 42 In
519 1831 73 44 his
610 1835 162 52 report
789 1836 55 51 to
871 1833 365 55 Major-General
1264 1835 231 54 Gillmore,
1525 1837 146 52 dated
1692 1837 162 52 "Mor¬

345 1897 66 42 ris
429 1897 176 53 Island,
627 1897 125 56 Sept.
774 1900 133 53 27th,
930 1900 173 53 1863,"
1123 1901 154 55 Major
1294 1902 200 54 Brooks,
1514 1903 73 53 his
1606 1903 246 53 Assistant

346 1962 242 55 Engineer,
627 1977 134 42 says:
818 1964 98 55 "Of
943 1966 81 53 the
1066 1980 251 39 numerous
1351 1968 213 54 infantry
1596 1969 257 56 regiments

345 2028 148 42 which
519 2028 235 44 furnished
781 2031 177 55 fatigue
984 2032 182 54 details,
1195 2033 81 53 the
1310 2033 187 53 Fourth
1532 2033 105 53 New
1672 2033 181 56 Hamp¬

345 2094 124 42 shire
485 2093 276 45 Volunteers
781 2097 78 42 did
876 2096 81 43 the
975 2100 128 40 most
1122 2099 95 41 and
1235 2099 106 43 best
1358 2100 144 42 work.
1556 2100 121 43 Next
1694 2101 157 42 follow

343 2160 85 42 the
461 2160 174 52 blacks,
671 2162 83 50 the
796 2162 307 56 Fifty-fourth
1145 2163 376 55 Massachusetts
1555 2165 293 55 Volunteers,

345 2226 99 42 and
461 2225 145 44 Third
623 2226 169 44 United
812 2227 159 44 States
990 2228 194 44 Colored
1203 2230 234 55 Troops."

444 2291 218 44 Annexed
688 2295 55 40 to
769 2294 131 42 these
924 2298 186 51 reports
1136 2296 40 53 is
1204 2297 103 52 also
1335 2309 31 40 a
1392 2299 262 50 statement
1690 2298 53 51 of
1769 2299 85 50 the

343 2356 142 44 labor
503 2357 118 55 days
641 2359 52 53 of
711 2360 82 52 the
809 2362 183 53 troops.

524 2446 264 36 "WORKING
809 2448 206 36 PARTIES
1037 2449 96 35 AND
1155 2450 209 34 HEALTH
1386 2450 64 35 OF
1471 2451 200 35 TROOPS.

439 2512 95 34 'The
553 2513 104 34 total
677 2515 156 33 number
854 2515 43 34 of
913 2515 106 42 days'
1042 2516 115 42 work,
1181 2516 43 42 of
1240 2516 58 42 six
1319 2516 117 42 hours
1463 2518 102 41 each,
1595 2519 190 42 expended
1812 2519 37 42 in

342 2566 127 44 Major
488 2567 160 43 Brooks'
672 2570 220 41 operations
912 2580 89 32 was,
1030 2570 53 42 by
1109 2571 201 42 engineers,
1339 2571 128 43 4.500,
1498 2573 76 41 and
1600 2573 54 41 by
1680 2573 172 42 infantry

342 2622 156 43 19,000,
520 2623 104 42 total
645 2624 159 43 23,500;
828 2625 42 42 of
885 2625 65 42 the
972 2625 142 42 19,000
1136 2625 108 42 days'
1273 2626 104 41 work
1404 2627 52 42 by
1483 2627 181 43 infantry,
1688 2628 167 42 one-half

341 2687 80 25 was
435 2677 208 43 performed
657 2678 51 42 by
722 2680 149 40 colored
885 2682 148 41 troops.
1076 2680 45 43 In
1137 2680 174 43 addition
1325 2683 44 40 to
1384 2682 65 41 the
1464 2682 133 43 above,
1608 2682 116 43 9,500
1741 2682 108 43 days'

340 2732 106 36 work
461 2742 77 26 was
552 2734 188 42 expended
754 2734 38 42 in
807 2735 203 42 preparing
1031 2735 97 42 siege
1149 2736 195 41 materials
1358 2736 59 41 for
1431 2736 123 43 Major
1568 2737 162 42 Brooks'
1747 2748 91 32 oper

341 2788 142 34 ations.
527 2787 78 35 The
630 2787 168 44 infantry
827 2790 167 41 soldiers'
1025 2789 107 42 days'
1161 2790 104 41 work
1291 2791 33 40 is
1353 2791 123 40 about
1504 2792 168 39 one-fifth
1699 2793 106 38 what
1827 2803 24 28 a

337 2843 134 36 citizen
492 2842 152 37 laborer
663 2845 122 34 would
807 2845 50 34 do
880 2855 50 24 on
950 2845 86 34 civil
1057 2845 134 34 works.
1235 2845 49 34 Of
1299 2856 64 32 my
1384 2847 114 42 work,
1516 2857 91 32 over
1620 2847 232 44 eight-twen¬

336 2898 122 37 tieths
485 2908 78 27 was
592 2899 156 42 against
774 2899 174 43 Wagner,
979 2900 124 42 about
1130 2902 339 40 seven-twentieths
1497 2912 50 30 on
1574 2903 67 39 the
1668 2901 183 41 defensive

336 2955 105 41 lines,
459 2952 77 44 and
551 2954 130 42 nearly
696 2954 300 42 five-twentieths
1012 2965 50 31 on
1076 2955 66 41 the
1154 2955 183 41 batteries
1353 2957 155 42 against
1522 2957 162 42 Sumter.
