2200 3300
332 353 95 44 154:

637 355 223 46 History
886 369 64 32 of
977 369 96 32 the
1100 357 166 44 Black
1292 355 253 46 Phalanx.

331 501 144 27 scream
490 491 77 37 and
587 491 137 45 laugh;
741 492 99 44 until
860 491 143 45 finally,
1019 490 66 46 the
1106 488 218 48 merriment
1344 486 159 50 reached
1525 485 53 51 its
1598 482 142 54 climax
1761 489 52 47 on
1836 486 28 50 a

330 548 151 34 motion
496 548 111 34 made
620 548 53 42 by
688 558 105 32 some
807 545 384 45 member—Schuyler
1212 543 141 47 Colfax,
1370 542 31 48 if
1417 551 53 39 we
1491 537 208 53 remember
1713 531 149 59 rightly

328 603 134 34 —that
484 603 63 34 'as
567 603 67 34 the
655 604 204 33 document
880 600 191 45 appeared
1097 604 45 41 to
1171 599 127 46 please
1317 598 68 47 the
1403 593 216 52 honorable
1639 588 224 57 gentleman

328 658 100 34 from
449 658 204 42 Kentucky
675 669 44 31 so
741 658 122 42 much,
881 657 77 43 and
980 667 45 33 as
1046 656 46 44 he
1114 654 78 46 had
1212 656 73 44 not
1304 651 121 49 heard
1445 651 68 49 the
1533 646 121 54 whole
1676 643 43 57 of
1735 642 34 58 it
1795 639 69 61 the

329 712 106 35 Clerk
448 713 47 34 be
508 724 87 24 now
608 713 197 43 requested
821 715 45 41 to
881 712 92 44 read
994 711 66 45 the
1081 710 120 46 whole
1223 707 173 49 again'—
1417 717 26 39 a
1463 703 156 53 motion
1642 696 116 60 which
1782 697 83 59 wa6

327 768 339 42 instantaneously
687 767 146 43 carried
855 767 104 43 amid
980 766 92 44 such
1093 776 52 34 an
1173 774 145 36 uproar
1346 762 45 48 of
1418 756 196 54 universal
1641 747 225 63 merriment

328 824 77 34 and
429 824 184 43 applause
628 833 44 34 as
686 823 66 44 the
771 821 167 46 frescoed
959 821 105 46 walls
1086 820 44 47 of
1144 820 68 47 the
1231 817 182 50 chamber
1433 816 100 51 have
1561 810 146 57 seldom
1728 803 137 64 heard,

327 879 120 34 either
461 879 127 34 before
602 889 45 24 or
662 878 108 35 since.
813 876 40 37 It
866 885 79 28 was
966 875 67 38 the
1053 876 114 42 great
1181 873 92 45 joke
1294 872 45 46 of
1353 871 67 47 the
1442 870 89 48 day,
1549 865 78 53 and
1642 862 155 56 coming
1819 860 47 58 at

328 944 27 24 a
368 935 172 33 moment
555 933 44 35 of
614 930 192 38 universal
820 930 132 42 gloom
966 929 39 43 in
1019 929 67 43 the
1099 928 128 44 public
1240 926 117 46 mind,
1373 934 80 38 was
1469 922 119 50 seized
1602 930 107 42 upon
1723 918 54 54 by
1797 916 70 56 the

326 989 121 33 whole
466 987 108 43 loyal
593 995 107 35 press
721 985 43 45 of
779 985 67 45 the
866 985 167 45 country
1053 993 45 37 as
1127 992 25 38 a
1178 981 94 49 kind
1294 980 45 50 of
1358 976 351 54 politico-military
1737 973 129 57 cham¬

326 1043 120 44 paign
461 1042 176 45 cocktail.

410 1098 22 16 "
442 1097 90 34 This
555 1098 59 33 set
627 1096 93 35 that
742 1093 178 43 question
940 1094 46 42 at
1012 1093 81 43 rest
1119 1091 159 45 forever;
1308 1088 79 48 and
1421 1089 74 47 not
1528 1086 95 50 long
1657 1085 111 51 after,
1797 1084 71 52 the

326 1162 141 33 proper
488 1150 232 45 authorities
741 1159 79 36 saw
846 1148 48 47 fit
913 1148 45 47 to
983 1146 198 49 authorize
1201 1145 67 50 the
1288 1143 262 52 employment
1571 1142 44 53 of
1633 1141 98 54 'fifty
1750 1140 115 55 thou¬

328 1207 99 34 sand
442 1204 237 37 able-bodied
700 1203 132 38 blacks
853 1202 61 39 for
933 1201 114 40 labor
1066 1201 40 40 in
1126 1200 68 41 the
1214 1197 347 44 Quartermaster's
1581 1195 282 46 Department,'

328 1261 79 34 and
420 1261 66 34 the
501 1260 152 41 arming
668 1259 78 42 and
761 1257 153 44 drilling
928 1267 44 34 as
988 1256 158 45 soldiers
1162 1255 43 46 of
1221 1255 73 46 five
1307 1254 201 47 thousand
1524 1253 43 48 of
1582 1253 118 48 these,
1716 1253 75 48 but
1803 1253 63 48 for

327 1317 67 33 the
408 1316 78 34 sole
499 1324 167 34 purpose
689 1313 43 45 of
750 1314 8 44 '
767 1312 221 46 protecting
1007 1311 67 47 the
1095 1321 146 37 women
1263 1310 78 48 and
1361 1310 168 48 children
1550 1309 45 49 of
1609 1309 101 49 their
1730 1309 136 49 fellow-

327 1370 171 35 laborers
513 1370 84 35 who
614 1369 127 42 might
755 1368 47 43 be
818 1367 138 44 absent
970 1367 99 44 from
1083 1366 114 45 home
1211 1366 40 45 in
1264 1366 67 45 the
1345 1365 128 46 public
1489 1364 164 47 service.'

409 1425 131 34 "Here
561 1434 52 25 we
633 1419 100 40 Save
754 1422 168 37 another
940 1422 175 37 instance
1135 1421 46 38 of
1195 1421 67 38 the
1288 1421 216 38 reluctance
1530 1420 93 39 with
1651 1420 120 39 which
1798 1420 70 39 the

326 1479 187 36 National
529 1478 258 37 Government
801 1478 99 37 took
915 1488 51 33 up
981 1477 80 44 this
1075 1477 87 44 idea
1170 1476 44 45 of
1223 1477 221 44 employing
1456 1486 161 35 negroes
1632 1486 45 35 as
1692 1476 171 45 soldiers;

327 1546 27 24 a
366 1534 223 42 resolution,
607 1545 53 31 we
675 1545 92 31 may
783 1534 88 42 add,
888 1536 45 40 to
952 1533 116 43 which
1088 1533 94 43 they
1202 1543 94 33 were
1318 1533 91 43 only
1428 1532 135 44 finally
1584 1532 207 44 compelled
1812 1531 54 45 by

328 1590 158 35 General
501 1589 186 36 Hunter's
704 1589 271 36 disbandment
991 1589 43 36 of
1042 1588 59 37 his
1117 1587 167 43 original
1296 1587 197 44 regiment,
1511 1587 79 44 and
1604 1587 67 44 the
1685 1589 127 42 storm
1827 1586 44 45 of

326 1646 127 45 public
467 1645 247 46 indignation
729 1645 119 46 which
862 1644 174 47 followed
1049 1644 94 47 that
1157 1645 76 46 act.

410 1700 204 43 "Nothing
629 1701 113 42 could
761 1701 101 42 have
881 1701 93 42 been
995 1699 160 44 happier
1168 1699 40 44 in
1222 1699 53 44 its
1295 1699 107 44 effect
1416 1709 107 34 upon
1536 1698 68 45 the
1616 1699 128 44 public
1758 1698 108 45 mind

327 1757 100 34 than
449 1755 88 36 Gen.
562 1755 186 36 Hunter's
769 1756 107 43 reply
896 1758 45 41 to
963 1755 70 44 Mr.
1056 1754 190 45 Wickliffe,
1271 1754 44 45 of
1337 1754 217 45 Kentucky,
1584 1754 114 45 given
1724 1753 41 46 in
1794 1763 74 36 our

328 1812 91 34 last.
455 1811 40 35 It
508 1811 194 43 produced
717 1822 25 32 a
756 1812 153 42 general
923 1811 126 43 broad
1064 1811 85 43 grin
1163 1810 248 44 throughout
1424 1810 67 44 the
1504 1811 178 43 country,
1700 1809 80 45 and
1799 1809 70 45 the

331 1867 190 34 advocate
544 1867 84 34 who
650 1877 73 24 can
745 1869 59 32 set
824 1867 60 34 his
901 1866 89 43 jury
1010 1866 187 43 laughing
1216 1865 127 44 rarely
1363 1865 100 44 loses
1484 1865 59 44 his
1558 1875 124 34 cause.
1725 1864 41 45 It
1781 1864 85 45 also

330 1921 271 44 strengthened
624 1922 67 43 the
719 1922 125 43 spinal
871 1922 152 43 column
1052 1921 43 44 of
1109 1921 67 44 the
1205 1920 259 45 Government
1484 1920 40 45 in
1546 1931 25 34 a
1591 1930 94 35 very
1706 1920 160 45 marked

331 1977 149 43 degree;
498 1977 191 43 although
704 1978 73 42 not
790 1978 67 42 yet
877 1986 51 34 up
949 1978 45 42 to
1016 1975 66 45 the
1102 1976 114 44 point
1237 1976 44 44 of
1296 1975 93 45 fully
1403 1975 208 45 endorsing
1626 1975 78 45 and
1720 1977 147 43 accept¬

330 2032 68 43 ing
410 2033 79 42 this
506 2032 138 43 daring
658 2031 241 44 experiment.

404 2085 229 35 "Meantime
646 2085 67 35 the
725 2085 87 35 civil
826 2084 230 36 authorities
1072 2085 43 35 of
1124 2095 132 25 course
1270 2087 73 41 got
1357 2084 100 44 wind
1472 2085 44 43 of
1534 2084 105 44 what
1652 2095 81 33 was
1747 2084 122 44 going

335 2140 175 43 on,—Mr.
541 2139 131 44 Henry
700 2139 36 44 J.
766 2138 189 45 Windsor,
985 2139 139 44 special
1151 2140 301 43 correspondent
1481 2140 43 43 of
1552 2140 68 43 the
1646 2140 88 43 New
1760 2140 109 43 York

339 2195 132 42 Times,
493 2194 40 43 in
554 2195 67 42 the
640 2194 253 43 Department
913 2194 45 43 of
978 2194 67 43 the
1072 2195 129 43 south,
1231 2194 147 44 having
1406 2195 166 43 devoted
1600 2195 147 43 several
1774 2205 95 33 very

334 2249 162 43 graphic
516 2249 79 43 and
614 2248 280 44 widely-copied
912 2249 135 43 letters
1065 2251 47 41 to
1134 2259 26 33 a
1179 2249 148 43 picture
1348 2250 45 42 of
1405 2250 96 42 that
1519 2260 81 32 new
1620 2251 116 43 thing
1748 2251 124 49 unjler

336 2304 67 34 the
418 2314 82 32 sun,
519 2304 8 42 '
538 2303 183 43 Hunter's
735 2314 117 32 negro
868 2303 209 43 regiment.'

419 2358 22 16 "
451 2357 49 35 Of
516 2368 131 24 course
660 2359 66 33 the
740 2358 171 42 chivalry
926 2358 43 42 of
984 2359 67 41 the
1063 2360 181 40 rebellion
1264 2370 94 30 were
1377 2361 175 39 incensed
1572 2361 155 42 beyond
1749 2372 122 31 meas¬

337 2423 67 24 ure
426 2415 45 32 at
490 2413 79 34 this
590 2412 79 36 last
688 2412 152 36 Yankee
869 2415 163 41 outrage
1059 2424 106 32 upon
1193 2414 192 42 Southern
1412 2415 138 43 rights.
1594 2416 114 42 Their
1728 2428 144 33 papers

338 2467 146 35 teemed
504 2467 92 35 with
616 2467 205 35 vindictive
843 2468 149 34 articles
1022 2470 157 41 against
1207 2470 66 41 the
1299 2470 275 42 commanding
1600 2473 156 39 general
1782 2473 89 39 who

338 2523 80 34 had
433 2522 117 35 dared
563 2523 45 34 to
623 2521 151 36 initiate
790 2522 90 35 such
896 2533 26 24 a
934 2524 170 41 novelty.
1148 2523 78 42 The
1241 2524 211 41 Savannah
1467 2524 244 44 Republican,
1728 2527 40 41 in
1782 2539 90 32 par¬

339 2577 149 42 ticular,
500 2576 235 43 denouncing
749 2575 151 44 Hunter
915 2587 45 32 as
969 2578 77 41 'the
1060 2579 266 40 cool-blooded
1341 2578 192 41 abolition
1547 2578 208 41 miscreant
1769 2584 99 45 who,

339 2632 100 35 from
465 2631 59 36 his
551 2630 277 42 headquarters
850 2634 44 38 at
921 2631 139 41 Hilton
1088 2633 121 42 Head,
1239 2634 33 41 is
1300 2632 172 43 engaged
1499 2631 39 44 in
1566 2635 203 44 executing
1802 2639 70 40 the

339 2685 147 43 bloody
500 2685 78 43 and
591 2695 146 33 savage
749 2685 133 43 behest
895 2686 45 42 of
953 2686 68 42 the
1032 2687 175 42 imperial
1219 2688 141 42 gorilla
1372 2686 98 44 who,
1485 2685 101 45 from
1599 2686 61 44 his
1673 2690 142 40 throne
1830 2695 48 35 of

340 2741 146 41 human
506 2741 119 41 bones
647 2742 45 40 at
705 2739 267 43 "Washington,
994 2742 110 41 rules,
1127 2742 126 42 reigns
1275 2741 79 43 and
1373 2740 99 44 riots
1494 2749 93 35 over
1606 2741 68 43 the
1688 2744 185 40 destinies,

341 2796 47 35 of
402 2796 66 35 the
481 2794 151 37 brutish
647 2793 77 38 and
740 2793 189 42 degraded
942 2794 150 41 North.'

425 2851 22 17 "
456 2850 98 34 Mere
567 2858 218 32 newspaper
799 2848 129 42 abuse,
943 2848 183 44 however,
1148 2851 54 41 by
1222 2861 51 31 no
1295 2859 132 33 means
1448 2858 99 34 gave
1567 2852 161 40 content
1741 2857 46 35 to
1802 2859 71 34 the

341 2905 194 44 outraged
548 2904 133 45 feeling
695 2903 42 46 of
752 2902 66 47 the
838 2902 183 47 chivalry.
1064 2904 105 45 They
1189 2905 186 44 therefore
1395 2905 86 44 sent
1502 2912 25 37 a
1547 2902 141 47 formal
1703 2907 169 42 demand
