2210 3307
709 297 343 44 Department
1079 310 64 32 of
1170 310 96 32 the
1293 298 174 44 South.

1758 293 95 43 267

332 427 134 45 spring
486 430 46 42 to
553 428 60 44 his
633 429 75 43 feet
728 429 78 43 and
826 430 40 42 in
886 430 73 42 line
978 431 59 41 for
1057 431 134 42 battle,
1207 430 60 43 for
1285 440 100 33 none
1404 430 105 43 knew
1522 431 66 42 the
1602 435 171 38 moment
1786 434 67 39 the

332 492 146 34 enemy,
493 483 73 43 like
581 493 26 33 a
620 482 111 44 tiger,
748 470 126 56 woufd
888 494 142 33 pounce
1050 494 102 35 upon
1173 484 117 45 them.
1333 483 39 46 It
1394 495 76 34 was
1485 496 25 33 a
1523 486 112 43 night
1649 488 43 41 of
1707 488 145 41 intense

334 538 170 43 anxiety,
521 537 194 44 shrouded
729 538 40 43 in
790 543 170 41 mystery
981 551 45 33 as
1044 542 45 42 to
1110 539 106 45 what
1235 542 224 42 to-morrow
1473 542 123 42 would
1610 542 122 45 bring.
1775 544 79 43 The

334 593 115 35 white
463 594 77 36 and
554 595 116 36 black
685 597 140 37 soldier
838 599 39 35 in
892 607 71 27 one
975 607 176 27 common
1164 598 73 36 bed
1249 598 68 43 lay
1329 598 39 43 in
1381 597 124 44 battle
1518 600 181 43 panoply,
1710 600 145 43 dream¬

336 648 68 44 ing
417 649 100 43 their
530 662 181 30 common
727 655 149 37 dreams
891 652 43 40 of
948 652 112 40 home
1074 655 77 37 and
1164 655 112 37 loved
1291 664 100 28 ones.

419 705 22 17 "
452 704 99 37 Here
571 709 66 42 lay
659 711 66 40 the
746 707 124 44 heroic
892 706 97 45 54th
1009 708 191 43 picturing
1218 711 45 40 to
1284 710 222 41 themselves
1533 712 65 39 the
1624 712 232 39 memorable

338 759 134 44 nights
493 761 44 42 of
553 761 91 43 July
667 762 50 42 17
740 762 79 42 and
840 762 62 44 18,
918 763 98 43 their
1036 764 163 42 bivouac
1220 776 51 30 on
1285 766 65 40 the
1363 767 116 39 beach
1495 767 76 39 and
1585 767 99 39 their
1697 770 159 41 capture

340 814 43 35 of
402 815 98 36 Fort
514 815 163 44 Wagner
695 817 77 42 and
791 817 67 42 the
880 819 151 40 terrible
1051 820 79 39 fate
1151 820 41 39 of
1208 822 97 37 their
1326 824 206 35 comrades.
1574 823 104 42 They
1698 833 91 32 were
1805 822 52 43 all

341 873 160 35 veteran
529 875 138 40 troops
695 882 92 33 save
813 873 66 42 the
907 874 70 41 8th
1006 875 290 46 Pennsylvania,
1318 879 117 42 which
1468 890 105 32 upon
1599 889 118 33 many
1743 877 113 45 hard-

341 926 142 43 fought
509 927 105 42 fields
642 927 78 42 had
749 929 157 40 covered
927 930 223 39 themselves
1171 934 88 35 with
1280 935 151 42 gallant
1449 934 126 43 honor
1593 934 40 43 in
1654 934 143 43 defense
1817 933 44 44 of

342 981 100 35 their
456 984 197 42 country's
668 994 123 36 cause,
808 985 96 45 from
921 986 169 44 Malvern
1105 988 78 42 Hill
1197 992 43 38 to
1255 989 136 41 Morris
1406 990 139 40 Island.

389 1036 40 36 It
450 1047 78 26 was
548 1039 39 34 in
609 1039 65 34 the
695 1049 99 34 gray
816 1041 44 42 of
875 1042 66 41 the
960 1046 93 37 next
1073 1043 176 44 morning
1269 1045 91 42 that
1388 1044 86 43 Gen.
1503 1043 216 44 Seymour's
1746 1043 112 44 order

342 1094 166 37 aroused
523 1095 65 36 the
601 1096 216 35 command.
863 1096 78 35 The
962 1105 84 28 men
1066 1100 170 42 partook
1257 1100 43 42 of
1315 1111 26 31 a
1360 1100 143 42 hastily
1521 1099 186 44 prepared
1726 1109 71 34 cup
1819 1098 43 45 of

342 1150 115 35 coffee
478 1150 77 35 and
575 1152 106 33 meat
704 1151 78 35 and
803 1152 204 35 hard-tack
1028 1154 96 35 from
1146 1155 97 34 their
1269 1155 238 35 haversacks.
1549 1155 52 35 At
1621 1155 145 35 sunrise
1792 1154 67 36 the

342 1206 140 44 troops
502 1206 99 44 took
622 1216 54 34 up
698 1206 66 44 the
784 1207 73 43 line
879 1208 43 42 of
937 1209 142 43 march,
1101 1209 189 43 following
1309 1210 65 42 the
1387 1210 169 42 railroad
1570 1211 59 41 for
1642 1210 104 42 Lake
1760 1208 96 44 City.

343 1259 78 36 Col.
444 1259 142 44 Henry,
610 1261 92 42 with
725 1262 66 41 the
804 1262 97 41 40th
924 1262 300 41 Massachusetts
1246 1264 181 39 Mounted
1448 1265 174 42 Infantry
1643 1265 77 42 and
1734 1263 127 44 Major

341 1314 173 37 Stevens'
543 1316 255 43 independent
823 1317 198 42 battalion
1043 1319 43 40 of
1108 1317 299 42 Massachusetts
1427 1320 167 42 cavalry,
1616 1319 59 43 led
1694 1319 67 43 the
1786 1319 74 43 col¬

343 1380 104 25 umn.
469 1370 134 35 About
617 1371 187 44 half-past
818 1382 72 33 one
905 1372 143 43 o'clock
1062 1373 90 42 they
1161 1374 154 41 reached
1330 1384 25 31 a
1368 1373 111 44 point
1487 1374 116 43 where
1615 1374 67 43 the
1693 1376 165 41 country

342 1426 100 34 road
456 1427 152 34 crossed
623 1427 67 34 the
704 1427 182 43 railroad,
904 1428 124 42 about
1041 1430 77 40 two
1134 1428 103 42 miles
1256 1431 85 39 east
1355 1429 44 41 of
1414 1427 159 45 Olustee,
1591 1429 76 43 and
1682 1429 57 43 six
1754 1429 105 43 miles

345 1484 93 32 west
460 1482 43 34 of
520 1481 228 44 Sanderson,
773 1491 26 34 a
819 1482 151 43 station
992 1483 168 42 through
1181 1483 115 42 which
1324 1483 64 42 the
1415 1486 136 41 troops
1577 1485 137 42 passed
1735 1484 125 43 about

343 1536 188 35 half-bast
544 1537 125 34 eleven
686 1536 155 35 o'clock.
884 1536 53 35 As
951 1537 66 34 the
1030 1537 97 34 head
1142 1538 42 33 of
1199 1537 65 35 the
1277 1539 149 34 column
1440 1539 156 34 reached
1609 1539 66 35 the
1688 1539 172 42 crossing

344 1591 68 34 the
432 1591 99 35 rebel
552 1591 146 43 pickets
719 1591 91 43 fired
832 1590 78 44 and
933 1590 59 44 fell
1010 1592 97 42 back
1127 1602 104 33 upon
1252 1603 25 32 a
1290 1593 71 42 line
1376 1593 41 42 of
1434 1593 245 43 skirmishers,
1694 1594 166 43 pursued

345 1646 53 42 by
413 1645 76 43 Col.
506 1645 165 43 Henry's
685 1644 216 44 command.
946 1645 78 43 The
1042 1647 163 42 enemy's
1225 1647 103 42 main
1348 1648 98 41 force
1460 1658 77 31 was
1552 1646 188 45 supposed
1754 1650 44 41 to
1813 1649 47 42 be

345 1710 107 25 some
465 1699 106 36 miles
587 1700 151 35 distant
757 1700 99 35 from
876 1701 80 35 this
976 1701 115 44 place,
1114 1702 266 43 consequently
1402 1701 156 44 General
1577 1702 184 43 Seymour
1780 1703 79 42 had

345 1756 74 34 not
431 1754 121 37 taken
566 1755 67 36 the
646 1756 223 41 precaution
877 1759 45 38 to
937 1758 151 41 protect
1101 1756 57 43 his
1172 1756 133 43 flanks,
1315 1757 149 43 though
1478 1757 197 43 marching
1688 1758 170 42 through

347 1820 51 24 an
413 1809 165 42 enemy's
592 1811 175 40 country.
812 1808 272 44 Consequently
1100 1810 44 42 he
1158 1810 116 42 found
1289 1811 57 41 his
1360 1813 136 42 troops
1511 1812 150 43 flanked
1676 1822 50 33 on
1740 1812 120 43 either

347 1864 89 35 side.

429 1918 108 36 "Col.
560 1918 131 45 Henry
719 1919 118 44 drove
863 1919 66 44 the
956 1919 234 44 skirmishers
1215 1920 99 43 back
1340 1931 105 33 upon
1471 1921 99 43 their
1596 1922 104 42 main
1726 1922 130 42 forces,

347 1974 118 34 which
482 1983 91 25 were
588 1973 176 42 strongly
778 1973 139 43 posted
931 1974 161 42 between
1111 1977 78 39 two
1211 1986 173 33 swamps.
1426 1976 78 43 The
1518 1977 170 43 position
1701 1985 78 35 was
1794 1977 66 43 ad¬

347 2027 166 43 mirably
527 2028 155 43 chosen;
699 2028 99 43 their
810 2027 108 44 right
930 2029 123 42 rested
1073 2040 103 32 upon
1198 2040 26 32 a
1243 2031 82 41 low,
1342 2031 117 43 slight
1472 2032 227 43 earthwork,
1715 2034 146 41 protec¬

347 2082 67 36 ted
427 2083 53 42 by
493 2082 182 43 rifle-pits,
692 2082 100 43 their
804 2086 127 39 center
943 2094 77 31 was
1036 2084 174 41 defended
1224 2085 51 43 by
1290 2096 50 32 an
1360 2086 231 44 impassable
1610 2097 155 34 swamp,
1782 2087 77 44 and

350 2148 52 25 on
416 2137 98 36 their
528 2137 66 36 left
607 2146 78 27 was
700 2147 26 26 a
745 2137 159 43 cavalry
923 2138 98 42 force
1041 2139 129 41 drawn
1191 2150 50 33 up
1263 2151 51 32 on
1335 2151 26 32 a
1381 2141 110 42 small
1511 2141 190 42 elevation
1721 2141 139 42 behind

347 2193 67 35 the
428 2191 139 37 shelter
582 2193 43 35 of
641 2203 24 25 a
678 2203 119 33 grove
813 2193 44 43 of
871 2193 114 43 pines.
1028 2194 111 42 Their
1159 2205 109 33 camp
1289 2206 78 32 was
1387 2195 223 43 intersected
1630 2196 52 42 by
1696 2197 66 41 the
1774 2197 87 41 rail¬

347 2247 111 45 road,
482 2257 50 35 on
553 2248 118 44 which
692 2258 78 34 was
790 2248 132 44 placed
944 2259 26 33 a
987 2248 157 44 battery
1165 2250 157 43 capable
1343 2251 44 42 of
1402 2250 203 43 operating
1625 2252 158 42 against
1796 2252 67 42 the

348 2305 127 32 center
489 2302 77 35 and
580 2302 66 35 left
660 2302 44 35 of
717 2303 68 35 the
798 2302 215 44 advancing
1026 2304 161 43 column,
1204 2305 104 42 while
1322 2316 26 31 a
1367 2305 79 42 rifie
1465 2316 91 33 gun,
1572 2305 184 44 mounted
1771 2317 51 32 on
1837 2317 28 32 a

348 2357 172 35 railroad
535 2357 82 43 flat,
633 2356 157 45 pointed
805 2357 109 44 down
929 2358 65 43 the
1007 2359 98 42 road
1119 2359 38 42 in
1171 2360 115 41 front.

431 2412 22 19 "
463 2411 89 37 Gen.
575 2411 194 45 Seymour,
792 2412 38 44 in
853 2413 110 43 order
981 2415 45 41 to
1049 2414 135 42 attack
1205 2414 78 42 this
1304 2415 178 44 strongly
1500 2415 166 44 fortified
1678 2417 185 43 position,

349 2467 79 36 had
443 2467 223 43 necessarily
686 2469 45 41 to
752 2468 106 44 place
879 2468 57 44 his
957 2470 136 42 troops
1114 2469 163 43 between
1298 2470 66 42 the
1384 2472 77 40 two
1477 2480 173 34 swamps,
1668 2482 72 32 one
1752 2471 40 43 in
1804 2472 62 42 his

347 2523 119 43 front,
482 2523 66 43 the
562 2523 111 43 other
685 2522 39 44 in
738 2523 67 43 the
818 2533 95 33 rear.
957 2523 77 43 The
1054 2524 158 42 Federal
1231 2524 169 43 cavalry,
1417 2523 191 46 following
1627 2536 52 33 up
1693 2526 68 43 the
1772 2526 95 43 skir¬

348 2578 170 42 mishers,
534 2578 78 42 had
629 2577 181 43 attacked
825 2578 66 42 the
904 2578 99 42 rebel
1016 2578 106 43 right
1136 2579 77 42 and
1227 2589 91 32 were
1333 2579 129 42 driven
1476 2579 109 44 back,
1594 2580 74 43 but
1680 2592 94 31 were
1786 2584 82 39 met

348 2634 53 42 by
421 2633 67 43 the
510 2632 68 44 7th
601 2632 85 44 New
707 2632 241 44 Hampshire,
973 2633 69 43 7th
1064 2633 253 43 Connecticut.,
1341 2644 25 32 a
1385 2635 185 42 regiment
1597 2635 44 42 of
1662 2636 67 41 the
1754 2636 113 41 black

348 2687 179 37 Phalanx
539 2686 88 43 (8th
644 2686 312 44 Pennsylvania),
968 2688 77 42 and
1060 2688 143 42 Elder's
1216 2689 157 42 battery
1388 2688 43 43 of
1440 2689 85 42 four
1538 2690 77 41 and
1631 2689 236 42 Hamilton's

349 2743 45 35 of
408 2742 59 36 six
481 2741 130 44 pieces.
655 2740 91 45 This
760 2741 100 44 force
874 2752 79 33 was
968 2742 129 43 hurled
1112 2744 157 41 against
1282 2744 66 41 the
1361 2744 98 41 rebel
1472 2745 107 43 right
1591 2745 92 43 with
1697 2746 92 42 such
1802 2746 67 42 im¬

349 2797 200 45 petuosity
563 2796 92 46 that
669 2796 66 46 the
755 2795 185 47 batteries
961 2807 93 35 were
1072 2798 130 44 within
1225 2809 71 33 one
1315 2799 171 43 hundred
1499 2800 119 42 yards
1633 2801 44 41 of
1690 2801 68 41 the
1769 2801 100 41 rebel

349 2853 75 36 line
446 2853 44 36 of
504 2852 126 37 battle
650 2851 125 38 before
794 2851 93 42 they
908 2851 105 42 knew
1033 2851 44 42 it.
1120 2851 193 45 However,
1335 2854 92 44 they
1453 2855 98 43 took
1578 2855 182 43 position,
1792 2856 78 42 and

350 2908 211 46 supported
590 2908 52 46 by
669 2907 67 47 the
756 2905 177 49 Phalanx
960 2906 195 48 regiment,
1180 2908 141 46 opened
1344 2919 25 35 a
1388 2910 184 44 vigorous
1593 2911 66 43 fire
1679 2921 104 33 upon
1804 2911 67 43 the

348 2965 101 37 rebel
471 2962 248 40 earthworks.
763 2960 78 42 The
862 2960 177 42 Phalanx
1059 2960 185 44 regiment
1271 2963 196 41 advanced
1494 2965 131 39 within
1652 2967 145 42 twenty
1825 2976 46 33 or
