<?xml version="1.0" encoding="utf-8"?>
<alto xmlns:xlink="http://www.w3.org/1999/xlink" xmlns:xsi="http://www.w3.org/2001/XMLSchema-instance" xsi:schemaLocation="http://www.loc.gov/standards/alto/ns-v2# http://www.loc.gov/standards/alto/alto-v2.0.xsd" xmlns="http://www.loc.gov/standards/alto/ns-v2#">
  <Description>
    <MeasurementUnit>pixel</MeasurementUnit>
    <sourceImageInformation>
      <fileName>0222.tif</fileName>
    </sourceImageInformation>
    <OCRProcessing ID="Processing">
      <ocrProcessingStep>
        <processingStepSettings>Image Resolution:400</processingStepSettings>
        <processingSoftware>
          <softwareCreator>I2S Kirtas</softwareCreator>
          <softwareName>Limb</softwareName>
          <softwareVersion>1.0</softwareVersion>
          <applicationDescription>Abbyy10 OCR Engine</applicationDescription>
        </processingSoftware>
      </ocrProcessingStep>
    </OCRProcessing>
  </Description>
  <Styles>
    <TextStyle ID="StyleId-0" FONTSIZE="9" FONTFAMILY="Times New Roman" />
    <TextStyle ID="StyleId-1" FONTSIZE="11" FONTFAMILY="Times New Roman" />
  </Styles>
  <Layout>
    <Page ID="P225" PHYSICAL_IMG_NR="225" HEIGHT="3299" WIDTH="2199" ACCURACY="0.7052698" QUALITY_DETAIL="380 words, 1837 chars, 1212 with recognition greater than 50% (65.98%)">
      <TopMargin ID="P225_TM00001" HPOS="0" VPOS="0" WIDTH="2199" HEIGHT="301" />
      <LeftMargin ID="P225_LM00001" HPOS="0" VPOS="301" WIDTH="298" HEIGHT="2693" />
      <RightMargin ID="P225_RM00001" HPOS="1902" VPOS="301" WIDTH="297" HEIGHT="2693" />
      <BottomMargin ID="P225_BM00001" HPOS="0" VPOS="2994" WIDTH="2199" HEIGHT="305" />
      <PrintSpace ID="P225_PS00001" HPOS="298" VPOS="301" WIDTH="1604" HEIGHT="2693">
        <TextBlock ID="P225_TB00001" HPOS="304" VPOS="301" WIDTH="1220" HEIGHT="35">
          <TextLine ID="P225_TL00001" HPOS="312" VPOS="309" WIDTH="1204" HEIGHT="19">
            <String ID="P225_S00001" HPOS="312" VPOS="309" WIDTH="99" HEIGHT="42" STYLEREFS="StyleId-0" CONTENT="224" WC="0.723333359" CC="008" />
            <SP ID="P225_SP00001" WIDTH="0" HPOS="0" VPOS="0" />
            <String ID="P225_S00002" HPOS="613" VPOS="305" WIDTH="222" HEIGHT="46" STYLEREFS="StyleId-0" CONTENT="History" WC="0.682857156" CC="7030470" />
            <SP ID="P225_SP00002" WIDTH="0" HPOS="0" VPOS="0" />
            <String ID="P225_S00003" HPOS="861" VPOS="310" WIDTH="63" HEIGHT="41" STYLEREFS="StyleId-0" CONTENT="of" WC="0.585" CC="26" />
            <SP ID="P225_SP00003" WIDTH="0" HPOS="0" VPOS="0" />
            <String ID="P225_S00004" HPOS="951" VPOS="306" WIDTH="97" HEIGHT="45" STYLEREFS="StyleId-0" CONTENT="the" WC="0.863333344" CC="040" />
            <SP ID="P225_SP00004" WIDTH="0" HPOS="0" VPOS="0" />
            <String ID="P225_S00005" HPOS="1073" VPOS="292" WIDTH="167" HEIGHT="59" STYLEREFS="StyleId-0" CONTENT="Black" WC="0.2" CC="661069" />
            <SP ID="P225_SP00005" WIDTH="0" HPOS="0" VPOS="0" />
            <String ID="P225_S00006" HPOS="1264" VPOS="287" WIDTH="252" HEIGHT="64" STYLEREFS="StyleId-0" CONTENT="Phalanx." WC="0.40125" CC="75777642" />
          </TextLine>
        </TextBlock>
        <TextBlock ID="P225_TB00002" HPOS="301" VPOS="426" WIDTH="1601" HEIGHT="2568">
          <TextLine ID="P225_TL00002" HPOS="313" VPOS="434" WIDTH="1518" HEIGHT="32">
            <String ID="P225_S00007" HPOS="314" VPOS="442" WIDTH="172" HEIGHT="43" STYLEREFS="StyleId-1" CONTENT="attack" WC="0.535" CC="756512" />
            <SP ID="P225_SP00006" WIDTH="0" HPOS="0" VPOS="0" />
            <String ID="P225_S00008" HPOS="502" VPOS="451" WIDTH="132" HEIGHT="43" STYLEREFS="StyleId-1" CONTENT="upon" WC="0.57" CC="7036" />
            <SP ID="P225_SP00007" WIDTH="0" HPOS="0" VPOS="0" />
            <String ID="P225_S00009" HPOS="648" VPOS="436" WIDTH="147" HEIGHT="58" STYLEREFS="StyleId-1" CONTENT="them;" WC="0.796" CC="07002" />
            <SP ID="P225_SP00008" WIDTH="0" HPOS="0" VPOS="0" />
            <String ID="P225_S00010" HPOS="815" VPOS="432" WIDTH="81" HEIGHT="62" STYLEREFS="StyleId-1" CONTENT="the" WC="0.37" CC="783" />
            <SP ID="P225_SP00009" WIDTH="0" HPOS="0" VPOS="0" />
            <String ID="P225_S00011" HPOS="913" VPOS="422" WIDTH="320" HEIGHT="72" STYLEREFS="StyleId-1" CONTENT="confederates" WC="0.5825" CC="026005368806" />
            <SP ID="P225_SP00010" WIDTH="0" HPOS="0" VPOS="0" />
            <String ID="P225_S00012" HPOS="1252" VPOS="418" WIDTH="56" HEIGHT="76" STYLEREFS="StyleId-1" CONTENT="at" WC="0.005" CC="109" />
            <SP ID="P225_SP00011" WIDTH="0" HPOS="0" VPOS="0" />
            <String ID="P225_S00013" HPOS="1324" VPOS="414" WIDTH="108" HEIGHT="80" STYLEREFS="StyleId-1" CONTENT="first" WC="0.764" CC="00560" />
            <SP ID="P225_SP00012" WIDTH="0" HPOS="0" VPOS="0" />
            <String ID="P225_S00014" HPOS="1448" VPOS="405" WIDTH="182" HEIGHT="89" STYLEREFS="StyleId-1" CONTENT="formed" WC="0.8283333" CC="050004" />
            <SP ID="P225_SP00013" WIDTH="0" HPOS="0" VPOS="0" />
            <String ID="P225_S00015" HPOS="1647" VPOS="415" WIDTH="66" HEIGHT="79" STYLEREFS="StyleId-1" CONTENT="no" WC="0.63" CC="70" />
            <SP ID="P225_SP00014" WIDTH="0" HPOS="0" VPOS="0" />
            <String ID="P225_S00016" HPOS="1731" VPOS="412" WIDTH="99" HEIGHT="82" STYLEREFS="StyleId-1" CONTENT="reg¬" WC="0.4375" CC="7086" />
          </TextLine>
          <TextLine ID="P225_TL00003" HPOS="314" VPOS="497" WIDTH="1520" HEIGHT="30">
            <String ID="P225_S00017" HPOS="315" VPOS="510" WIDTH="108" HEIGHT="41" STYLEREFS="StyleId-1" CONTENT="ular" WC="0.3025" CC="82106" />
            <SP ID="P225_SP00015" WIDTH="0" HPOS="0" VPOS="0" />
            <String ID="P225_S00018" HPOS="456" VPOS="507" WIDTH="90" HEIGHT="44" STYLEREFS="StyleId-1" CONTENT="line" WC="0.76" CC="3060" />
            <SP ID="P225_SP00016" WIDTH="0" HPOS="0" VPOS="0" />
            <String ID="P225_S00019" HPOS="580" VPOS="502" WIDTH="50" HEIGHT="49" STYLEREFS="StyleId-1" CONTENT="of" WC="0.94" CC="01" />
            <SP ID="P225_SP00017" WIDTH="0" HPOS="0" VPOS="0" />
            <String ID="P225_S00020" HPOS="652" VPOS="500" WIDTH="169" HEIGHT="51" STYLEREFS="StyleId-1" CONTENT="battle," WC="0.702857137" CC="7480000" />
            <SP ID="P225_SP00018" WIDTH="0" HPOS="0" VPOS="0" />
            <String ID="P225_S00021" HPOS="841" VPOS="498" WIDTH="91" HEIGHT="53" STYLEREFS="StyleId-1" CONTENT="but" WC="0.65" CC="370" />
            <SP ID="P225_SP00019" WIDTH="0" HPOS="0" VPOS="0" />
            <String ID="P225_S00022" HPOS="955" VPOS="488" WIDTH="173" HEIGHT="63" STYLEREFS="StyleId-1" CONTENT="rushed" WC="0.66" CC="577000" />
            <SP ID="P225_SP00020" WIDTH="0" HPOS="0" VPOS="0" />
            <String ID="P225_S00023" HPOS="1154" VPOS="479" WIDTH="214" HEIGHT="72" STYLEREFS="StyleId-1" CONTENT="pell-mell" WC="0.784444451" CC="301025051" />
            <SP ID="P225_SP00021" WIDTH="0" HPOS="0" VPOS="0" />
            <String ID="P225_S00024" HPOS="1394" VPOS="487" WIDTH="64" HEIGHT="64" STYLEREFS="StyleId-1" CONTENT="on" WC="0.365" CC="57" />
            <SP ID="P225_SP00022" WIDTH="0" HPOS="0" VPOS="0" />
            <String ID="P225_S00025" HPOS="1483" VPOS="473" WIDTH="84" HEIGHT="78" STYLEREFS="StyleId-1" CONTENT="the" WC="0.6666667" CC="0100" />
            <SP ID="P225_SP00023" WIDTH="0" HPOS="0" VPOS="0" />
            <String ID="P225_S00026" HPOS="1593" VPOS="463" WIDTH="240" HEIGHT="88" STYLEREFS="StyleId-1" CONTENT="scattered" WC="0.371111125" CC="731000108107" />
          </TextLine>
          <TextLine ID="P225_TL00004" HPOS="314" VPOS="565" WIDTH="1519" HEIGHT="31">
            <String ID="P225_S00027" HPOS="314" VPOS="572" WIDTH="213" HEIGHT="52" STYLEREFS="StyleId-1" CONTENT="federals," WC="0.6111111" CC="500074556" />
            <SP ID="P225_SP00024" WIDTH="0" HPOS="0" VPOS="0" />
            <String ID="P225_S00028" HPOS="545" VPOS="567" WIDTH="261" HEIGHT="57" STYLEREFS="StyleId-1" CONTENT="intending," WC="0.569" CC="66016304104" />
            <SP ID="P225_SP00025" WIDTH="0" HPOS="0" VPOS="0" />
            <String ID="P225_S00029" HPOS="826" VPOS="558" WIDTH="259" HEIGHT="66" STYLEREFS="StyleId-1" CONTENT="doubtless," WC="0.674" CC="00710010543" />
            <SP ID="P225_SP00026" WIDTH="0" HPOS="0" VPOS="0" />
            <String ID="P225_S00030" HPOS="1105" VPOS="555" WIDTH="57" HEIGHT="69" STYLEREFS="StyleId-1" CONTENT="to" WC="0.915" CC="01" />
            <SP ID="P225_SP00027" WIDTH="0" HPOS="0" VPOS="0" />
            <String ID="P225_S00031" HPOS="1188" VPOS="543" WIDTH="265" HEIGHT="81" STYLEREFS="StyleId-1" CONTENT="annihilate" WC="0.559" CC="10745040840" />
            <SP ID="P225_SP00028" WIDTH="0" HPOS="0" VPOS="0" />
            <String ID="P225_S00032" HPOS="1475" VPOS="538" WIDTH="135" HEIGHT="86" STYLEREFS="StyleId-1" CONTENT="them" WC="0.75" CC="10000" />
            <SP ID="P225_SP00029" WIDTH="0" HPOS="0" VPOS="0" />
            <String ID="P225_S00033" HPOS="1629" VPOS="537" WIDTH="56" HEIGHT="87" STYLEREFS="StyleId-1" CONTENT="at" WC="1" CC="00" />
            <SP ID="P225_SP00030" WIDTH="0" HPOS="0" VPOS="0" />
            <String ID="P225_S00034" HPOS="1703" VPOS="543" WIDTH="129" HEIGHT="81" STYLEREFS="StyleId-1" CONTENT="once." WC="0.636" CC="07144" />
          </TextLine>
          <TextLine ID="P225_TL00005" HPOS="316" VPOS="628" WIDTH="1520" HEIGHT="22">
            <String ID="P225_S00035" HPOS="317" VPOS="641" WIDTH="101" HEIGHT="41" STYLEREFS="StyleId-1" CONTENT="The" WC="0.626666665" CC="460" />
            <SP ID="P225_SP00031" WIDTH="0" HPOS="0" VPOS="0" />
            <String ID="P225_S00036" HPOS="437" VPOS="639" WIDTH="153" HEIGHT="43" STYLEREFS="StyleId-1" CONTENT="Union" WC="0.58" CC="46207" />
            <SP ID="P225_SP00032" WIDTH="0" HPOS="0" VPOS="0" />
            <String ID="P225_S00037" HPOS="606" VPOS="647" WIDTH="107" HEIGHT="35" STYLEREFS="StyleId-1" CONTENT="men" WC="0.6766667" CC="306" />
            <SP ID="P225_SP00033" WIDTH="0" HPOS="0" VPOS="0" />
            <String ID="P225_S00038" HPOS="731" VPOS="642" WIDTH="121" HEIGHT="40" STYLEREFS="StyleId-1" CONTENT="soon" WC="0.6125" CC="7107" />
            <SP ID="P225_SP00034" WIDTH="0" HPOS="0" VPOS="0" />
            <String ID="P225_S00039" HPOS="868" VPOS="619" WIDTH="247" HEIGHT="63" STYLEREFS="StyleId-1" CONTENT="recovered" WC="0.65" CC="632273600" />
            <SP ID="P225_SP00035" WIDTH="0" HPOS="0" VPOS="0" />
            <String ID="P225_S00040" HPOS="1130" VPOS="614" WIDTH="126" HEIGHT="68" STYLEREFS="StyleId-1" CONTENT="their" WC="0.678" CC="07305" />
            <SP ID="P225_SP00036" WIDTH="0" HPOS="0" VPOS="0" />
            <String ID="P225_S00041" HPOS="1275" VPOS="621" WIDTH="142" HEIGHT="61" STYLEREFS="StyleId-1" CONTENT="arms," WC="0.394" CC="1010063" />
            <SP ID="P225_SP00037" WIDTH="0" HPOS="0" VPOS="0" />
            <String ID="P225_S00042" HPOS="1438" VPOS="606" WIDTH="91" HEIGHT="76" STYLEREFS="StyleId-1" CONTENT="but" WC="0.68" CC="270" />
            <SP ID="P225_SP00038" WIDTH="0" HPOS="0" VPOS="0" />
            <String ID="P225_S00043" HPOS="1547" VPOS="600" WIDTH="156" HEIGHT="82" STYLEREFS="StyleId-1" CONTENT="before" WC="0.586666644" CC="0272102" />
            <SP ID="P225_SP00039" WIDTH="0" HPOS="0" VPOS="0" />
            <String ID="P225_S00044" HPOS="1720" VPOS="596" WIDTH="116" HEIGHT="86" STYLEREFS="StyleId-1" CONTENT="they" WC="0.815" CC="0007" />
          </TextLine>
          <TextLine ID="P225_TL00006" HPOS="318" VPOS="694" WIDTH="1521" HEIGHT="35">
            <String ID="P225_S00045" HPOS="318" VPOS="708" WIDTH="92" HEIGHT="54" STYLEREFS="StyleId-1" CONTENT="got" WC="0.55" CC="760" />
            <SP ID="P225_SP00040" WIDTH="0" HPOS="0" VPOS="0" />
            <String ID="P225_S00046" HPOS="434" VPOS="705" WIDTH="105" HEIGHT="57" STYLEREFS="StyleId-1" CONTENT="into" WC="0.8175" CC="0700" />
            <SP ID="P225_SP00041" WIDTH="0" HPOS="0" VPOS="0" />
            <String ID="P225_S00047" HPOS="565" VPOS="701" WIDTH="104" HEIGHT="61" STYLEREFS="StyleId-1" CONTENT="line," WC="0.544" CC="41664" />
            <SP ID="P225_SP00042" WIDTH="0" HPOS="0" VPOS="0" />
            <String ID="P225_S00048" HPOS="689" VPOS="695" WIDTH="124" HEIGHT="67" STYLEREFS="StyleId-1" CONTENT="their" WC="0.718" CC="00517" />
            <SP ID="P225_SP00043" WIDTH="0" HPOS="0" VPOS="0" />
            <String ID="P225_S00049" HPOS="837" VPOS="684" WIDTH="318" HEIGHT="78" STYLEREFS="StyleId-1" CONTENT="commander," WC="0.634" CC="0209070574" />
            <SP ID="P225_SP00044" WIDTH="0" HPOS="0" VPOS="0" />
            <String ID="P225_S00050" HPOS="1176" VPOS="674" WIDTH="189" HEIGHT="88" STYLEREFS="StyleId-1" CONTENT="Colonel" WC="0.72" CC="6000750" />
            <SP ID="P225_SP00045" WIDTH="0" HPOS="0" VPOS="0" />
            <String ID="P225_S00051" HPOS="1381" VPOS="669" WIDTH="205" HEIGHT="93" STYLEREFS="StyleId-1" CONTENT="Brooks," WC="0.6314286" CC="6021464" />
            <SP ID="P225_SP00046" WIDTH="0" HPOS="0" VPOS="0" />
            <String ID="P225_S00052" HPOS="1606" VPOS="664" WIDTH="98" HEIGHT="98" STYLEREFS="StyleId-1" CONTENT="had" WC="0.6766667" CC="090" />
            <SP ID="P225_SP00047" WIDTH="0" HPOS="0" VPOS="0" />
            <String ID="P225_S00053" HPOS="1722" VPOS="662" WIDTH="116" HEIGHT="100" STYLEREFS="StyleId-1" CONTENT="been" WC="0.2625" CC="10567" />
          </TextLine>
          <TextLine ID="P225_TL00007" HPOS="318" VPOS="761" WIDTH="1524" HEIGHT="32">
            <String ID="P225_S00054" HPOS="319" VPOS="771" WIDTH="156" HEIGHT="51" STYLEREFS="StyleId-1" CONTENT="killed," WC="0.7614286" CC="9002004" />
            <SP ID="P225_SP00048" WIDTH="0" HPOS="0" VPOS="0" />
            <String ID="P225_S00055" HPOS="504" VPOS="768" WIDTH="96" HEIGHT="54" STYLEREFS="StyleId-1" CONTENT="and" WC="0.64" CC="550" />
            <SP ID="P225_SP00049" WIDTH="0" HPOS="0" VPOS="0" />
            <String ID="P225_S00056" HPOS="626" VPOS="761" WIDTH="204" HEIGHT="61" STYLEREFS="StyleId-1" CONTENT="Captain" WC="0.698571444" CC="6070007" />
            <SP ID="P225_SP00050" WIDTH="0" HPOS="0" VPOS="0" />
            <String ID="P225_S00057" HPOS="854" VPOS="758" WIDTH="192" HEIGHT="64" STYLEREFS="StyleId-1" CONTENT="Ransey" WC="0.7416667" CC="008700" />
            <SP ID="P225_SP00051" WIDTH="0" HPOS="0" VPOS="0" />
            <String ID="P225_S00058" HPOS="1071" VPOS="748" WIDTH="54" HEIGHT="74" STYLEREFS="StyleId-1" CONTENT="of" WC="0.59" CC="62" />
            <SP ID="P225_SP00052" WIDTH="0" HPOS="0" VPOS="0" />
            <String ID="P225_S00059" HPOS="1144" VPOS="745" WIDTH="79" HEIGHT="77" STYLEREFS="StyleId-1" CONTENT="Co." WC="0.45" CC="654" />
            <SP ID="P225_SP00053" WIDTH="0" HPOS="0" VPOS="0" />
            <String ID="P225_S00060" HPOS="1252" VPOS="742" WIDTH="46" HEIGHT="80" STYLEREFS="StyleId-1" CONTENT="C," WC="0.605" CC="70" />
            <SP ID="P225_SP00054" WIDTH="0" HPOS="0" VPOS="0" />
            <String ID="P225_S00061" HPOS="1328" VPOS="738" WIDTH="122" HEIGHT="84" STYLEREFS="StyleId-1" CONTENT="60th" WC="0.8525" CC="5000" />
            <SP ID="P225_SP00055" WIDTH="0" HPOS="0" VPOS="0" />
            <String ID="P225_S00062" HPOS="1475" VPOS="732" WIDTH="261" HEIGHT="90" STYLEREFS="StyleId-1" CONTENT="Regiment," WC="0.5933333" CC="705904504" />
            <SP ID="P225_SP00056" WIDTH="0" HPOS="0" VPOS="0" />
            <String ID="P225_S00063" HPOS="1766" VPOS="740" WIDTH="76" HEIGHT="82" STYLEREFS="StyleId-1" CONTENT="as¬" WC="0.483333319" CC="654" />
          </TextLine>
          <TextLine ID="P225_TL00008" HPOS="321" VPOS="826" WIDTH="1520" HEIGHT="22">
            <String ID="P225_S00064" HPOS="321" VPOS="838" WIDTH="165" HEIGHT="42" STYLEREFS="StyleId-1" CONTENT="sumed" WC="0.714" CC="77000" />
            <SP ID="P225_SP00057" WIDTH="0" HPOS="0" VPOS="0" />
            <String ID="P225_S00065" HPOS="511" VPOS="829" WIDTH="268" HEIGHT="51" STYLEREFS="StyleId-1" CONTENT="command." WC="0.81625" CC="00050504" />
            <SP ID="P225_SP00058" WIDTH="0" HPOS="0" VPOS="0" />
            <String ID="P225_S00066" HPOS="832" VPOS="824" WIDTH="100" HEIGHT="56" STYLEREFS="StyleId-1" CONTENT="The" WC="0.35" CC="3105" />
            <SP ID="P225_SP00059" WIDTH="0" HPOS="0" VPOS="0" />
            <String ID="P225_S00067" HPOS="955" VPOS="830" WIDTH="108" HEIGHT="50" STYLEREFS="StyleId-1" CONTENT="men" WC="0.43" CC="907" />
            <SP ID="P225_SP00060" WIDTH="0" HPOS="0" VPOS="0" />
            <String ID="P225_S00068" HPOS="1089" VPOS="813" WIDTH="54" HEIGHT="67" STYLEREFS="StyleId-1" CONTENT="of" WC="0.905" CC="01" />
            <SP ID="P225_SP00061" WIDTH="0" HPOS="0" VPOS="0" />
            <String ID="P225_S00069" HPOS="1161" VPOS="812" WIDTH="84" HEIGHT="68" STYLEREFS="StyleId-1" CONTENT="the" WC="0.47" CC="573" />
            <SP ID="P225_SP00062" WIDTH="0" HPOS="0" VPOS="0" />
            <String ID="P225_S00070" HPOS="1262" VPOS="806" WIDTH="237" HEIGHT="74" STYLEREFS="StyleId-1" CONTENT="Phalanx," WC="0.625" CC="100030663" />
            <SP ID="P225_SP00063" WIDTH="0" HPOS="0" VPOS="0" />
            <String ID="P225_S00071" HPOS="1517" VPOS="797" WIDTH="190" HEIGHT="83" STYLEREFS="StyleId-1" CONTENT="though" WC="0.563333333" CC="0717100" />
            <SP ID="P225_SP00064" WIDTH="0" HPOS="0" VPOS="0" />
            <String ID="P225_S00072" HPOS="1724" VPOS="794" WIDTH="117" HEIGHT="86" STYLEREFS="StyleId-1" CONTENT="they" WC="0.6025" CC="8700" />
          </TextLine>
          <TextLine ID="P225_TL00009" HPOS="319" VPOS="893" WIDTH="1522" HEIGHT="23">
            <String ID="P225_S00073" HPOS="320" VPOS="903" WIDTH="101" HEIGHT="42" STYLEREFS="StyleId-1" CONTENT="had" WC="0.75" CC="700" />
            <SP ID="P225_SP00065" WIDTH="0" HPOS="0" VPOS="0" />
            <String ID="P225_S00074" HPOS="430" VPOS="902" WIDTH="97" HEIGHT="43" STYLEREFS="StyleId-1" CONTENT="had" WC="1" CC="000" />
            <SP ID="P225_SP00066" WIDTH="0" HPOS="0" VPOS="0" />
            <String ID="P225_S00075" HPOS="545" VPOS="900" WIDTH="90" HEIGHT="45" STYLEREFS="StyleId-1" CONTENT="but" WC="0.75" CC="070" />
            <SP ID="P225_SP00067" WIDTH="0" HPOS="0" VPOS="0" />
            <String ID="P225_S00076" HPOS="653" VPOS="909" WIDTH="32" HEIGHT="36" STYLEREFS="StyleId-1" CONTENT="a" WC="1" CC="0" />
            <SP ID="P225_SP00068" WIDTH="0" HPOS="0" VPOS="0" />
            <String ID="P225_S00077" HPOS="702" VPOS="894" WIDTH="138" HEIGHT="51" STYLEREFS="StyleId-1" CONTENT="short" WC="0.676" CC="90060" />
            <SP ID="P225_SP00069" WIDTH="0" HPOS="0" VPOS="0" />
            <String ID="P225_S00078" HPOS="855" VPOS="889" WIDTH="118" HEIGHT="56" STYLEREFS="StyleId-1" CONTENT="time" WC="0.9375" CC="0002" />
            <SP ID="P225_SP00070" WIDTH="0" HPOS="0" VPOS="0" />
            <String ID="P225_S00079" HPOS="987" VPOS="887" WIDTH="58" HEIGHT="58" STYLEREFS="StyleId-1" CONTENT="to" WC="1" CC="00" />
            <SP ID="P225_SP00071" WIDTH="0" HPOS="0" VPOS="0" />
            <String ID="P225_S00080" HPOS="1055" VPOS="882" WIDTH="99" HEIGHT="63" STYLEREFS="StyleId-1" CONTENT="rest" WC="0.36" CC="6359" />
            <SP ID="P225_SP00072" WIDTH="0" HPOS="0" VPOS="0" />
            <String ID="P225_S00081" HPOS="1170" VPOS="879" WIDTH="125" HEIGHT="66" STYLEREFS="StyleId-1" CONTENT="from" WC="0.675" CC="2630" />
            <SP ID="P225_SP00073" WIDTH="0" HPOS="0" VPOS="0" />
            <String ID="P225_S00082" HPOS="1313" VPOS="887" WIDTH="33" HEIGHT="58" STYLEREFS="StyleId-1" CONTENT="a" WC="1" CC="0" />
            <SP ID="P225_SP00074" WIDTH="0" HPOS="0" VPOS="0" />
            <String ID="P225_S00083" HPOS="1361" VPOS="872" WIDTH="118" HEIGHT="73" STYLEREFS="StyleId-1" CONTENT="long" WC="0.8075" CC="4020" />
            <SP ID="P225_SP00075" WIDTH="0" HPOS="0" VPOS="0" />
            <String ID="P225_S00084" HPOS="1487" VPOS="865" WIDTH="178" HEIGHT="80" STYLEREFS="StyleId-1" CONTENT="march," WC="0.815" CC="006004" />
            <SP ID="P225_SP00076" WIDTH="0" HPOS="0" VPOS="0" />
            <String ID="P225_S00085" HPOS="1678" VPOS="859" WIDTH="163" HEIGHT="86" STYLEREFS="StyleId-1" CONTENT="rallied" WC="0.622857153" CC="6063107" />
          </TextLine>
          <TextLine ID="P225_TL00010" HPOS="323" VPOS="960" WIDTH="1522" HEIGHT="24">
            <String ID="P225_S00086" HPOS="323" VPOS="969" WIDTH="116" HEIGHT="42" STYLEREFS="StyleId-1" CONTENT="with" WC="0.4875" CC="6490" />
            <SP ID="P225_SP00077" WIDTH="0" HPOS="0" VPOS="0" />
            <String ID="P225_S00087" HPOS="464" VPOS="967" WIDTH="83" HEIGHT="44" STYLEREFS="StyleId-1" CONTENT="the" WC="0.68" CC="072" />
            <SP ID="P225_SP00078" WIDTH="0" HPOS="0" VPOS="0" />
            <String ID="P225_S00088" HPOS="570" VPOS="963" WIDTH="149" HEIGHT="48" STYLEREFS="StyleId-1" CONTENT="ardor" WC="0.532" CC="07537" />
            <SP ID="P225_SP00079" WIDTH="0" HPOS="0" VPOS="0" />
            <String ID="P225_S00089" HPOS="736" VPOS="958" WIDTH="54" HEIGHT="53" STYLEREFS="StyleId-1" CONTENT="of" WC="0.555" CC="53" />
            <SP ID="P225_SP00080" WIDTH="0" HPOS="0" VPOS="0" />
            <String ID="P225_S00090" HPOS="801" VPOS="958" WIDTH="236" HEIGHT="53" STYLEREFS="StyleId-1" CONTENT="veterans," WC="0.482222229" CC="609570764" />
            <SP ID="P225_SP00081" WIDTH="0" HPOS="0" VPOS="0" />
            <String ID="P225_S00091" HPOS="1057" VPOS="946" WIDTH="97" HEIGHT="65" STYLEREFS="StyleId-1" CONTENT="and" WC="0.54" CC="760" />
            <SP ID="P225_SP00082" WIDTH="0" HPOS="0" VPOS="0" />
            <String ID="P225_S00092" HPOS="1172" VPOS="940" WIDTH="175" HEIGHT="71" STYLEREFS="StyleId-1" CONTENT="fought" WC="0.6666667" CC="037009" />
            <SP ID="P225_SP00083" WIDTH="0" HPOS="0" VPOS="0" />
            <String ID="P225_S00093" HPOS="1365" VPOS="935" WIDTH="113" HEIGHT="76" STYLEREFS="StyleId-1" CONTENT="with" WC="0.9725" CC="0100" />
            <SP ID="P225_SP00084" WIDTH="0" HPOS="0" VPOS="0" />
            <String ID="P225_S00094" HPOS="1495" VPOS="933" WIDTH="117" HEIGHT="78" STYLEREFS="StyleId-1" CONTENT="that" WC="0.8175" CC="0700" />
            <SP ID="P225_SP00085" WIDTH="0" HPOS="0" VPOS="0" />
            <String ID="P225_S00095" HPOS="1629" VPOS="930" WIDTH="215" HEIGHT="81" STYLEREFS="StyleId-1" CONTENT="despera-" WC="0.545" CC="09004795" />
          </TextLine>
          <TextLine ID="P225_TL00011" HPOS="324" VPOS="1026" WIDTH="1520" HEIGHT="28">
            <String ID="P225_S00096" HPOS="325" VPOS="1034" WIDTH="140" HEIGHT="43" STYLEREFS="StyleId-1" CONTENT="ation" WC="0.612" CC="100306" />
            <SP ID="P225_SP00086" WIDTH="0" HPOS="0" VPOS="0" />
            <String ID="P225_S00097" HPOS="490" VPOS="1031" WIDTH="115" HEIGHT="46" STYLEREFS="StyleId-1" CONTENT="that" WC="0.76" CC="0090" />
            <SP ID="P225_SP00087" WIDTH="0" HPOS="0" VPOS="0" />
            <String ID="P225_S00098" HPOS="630" VPOS="1039" WIDTH="107" HEIGHT="38" STYLEREFS="StyleId-1" CONTENT="men" WC="0.6533333" CC="027" />
            <SP ID="P225_SP00088" WIDTH="0" HPOS="0" VPOS="0" />
            <String ID="P225_S00099" HPOS="762" VPOS="1021" WIDTH="189" HEIGHT="56" STYLEREFS="StyleId-1" CONTENT="display" WC="0.611428559" CC="007001010" />
            <SP ID="P225_SP00089" WIDTH="0" HPOS="0" VPOS="0" />
            <String ID="P225_S00100" HPOS="975" VPOS="1016" WIDTH="132" HEIGHT="61" STYLEREFS="StyleId-1" CONTENT="when" WC="0.5675" CC="9007" />
            <SP ID="P225_SP00090" WIDTH="0" HPOS="0" VPOS="0" />
            <String ID="P225_S00101" HPOS="1130" VPOS="1011" WIDTH="118" HEIGHT="66" STYLEREFS="StyleId-1" CONTENT="they" WC="1" CC="0000" />
            <SP ID="P225_SP00091" WIDTH="0" HPOS="0" VPOS="0" />
            <String ID="P225_S00102" HPOS="1273" VPOS="1003" WIDTH="166" HEIGHT="74" STYLEREFS="StyleId-1" CONTENT="realize" WC="0.5742857" CC="76105000" />
            <SP ID="P225_SP00092" WIDTH="0" HPOS="0" VPOS="0" />
            <String ID="P225_S00103" HPOS="1455" VPOS="1000" WIDTH="116" HEIGHT="77" STYLEREFS="StyleId-1" CONTENT="that" WC="1" CC="0000" />
            <SP ID="P225_SP00093" WIDTH="0" HPOS="0" VPOS="0" />
            <String ID="P225_S00104" HPOS="1587" VPOS="997" WIDTH="85" HEIGHT="80" STYLEREFS="StyleId-1" CONTENT="the" WC="1" CC="000" />
            <SP ID="P225_SP00094" WIDTH="0" HPOS="0" VPOS="0" />
            <String ID="P225_S00105" HPOS="1688" VPOS="997" WIDTH="156" HEIGHT="80" STYLEREFS="StyleId-1" CONTENT="strug¬" WC="0.5733333" CC="706704" />
          </TextLine>
          <TextLine ID="P225_TL00012" HPOS="324" VPOS="1091" WIDTH="1525" HEIGHT="31">
            <String ID="P225_S00106" HPOS="324" VPOS="1100" WIDTH="79" HEIGHT="55" STYLEREFS="StyleId-1" CONTENT="gle" WC="0.293333322" CC="794" />
            <SP ID="P225_SP00095" WIDTH="0" HPOS="0" VPOS="0" />
            <String ID="P225_S00107" HPOS="426" VPOS="1099" WIDTH="41" HEIGHT="56" STYLEREFS="StyleId-1" CONTENT="is" WC="0.67" CC="06" />
            <SP ID="P225_SP00096" WIDTH="0" HPOS="0" VPOS="0" />
            <String ID="P225_S00108" HPOS="492" VPOS="1097" WIDTH="149" HEIGHT="58" STYLEREFS="StyleId-1" CONTENT="either" WC="0.8" CC="040007" />
            <SP ID="P225_SP00097" WIDTH="0" HPOS="0" VPOS="0" />
            <String ID="P225_S00109" HPOS="663" VPOS="1092" WIDTH="190" HEIGHT="63" STYLEREFS="StyleId-1" CONTENT="victory" WC="0.898571432" CC="0000060" />
            <SP ID="P225_SP00098" WIDTH="0" HPOS="0" VPOS="0" />
            <String ID="P225_S00110" HPOS="880" VPOS="1099" WIDTH="57" HEIGHT="56" STYLEREFS="StyleId-1" CONTENT="or" WC="0.56" CC="26" />
            <SP ID="P225_SP00099" WIDTH="0" HPOS="0" VPOS="0" />
            <String ID="P225_S00111" HPOS="961" VPOS="1079" WIDTH="161" HEIGHT="76" STYLEREFS="StyleId-1" CONTENT="death." WC="0.925" CC="000004" />
            <SP ID="P225_SP00100" WIDTH="0" HPOS="0" VPOS="0" />
            <String ID="P225_S00112" HPOS="1176" VPOS="1076" WIDTH="50" HEIGHT="79" STYLEREFS="StyleId-1" CONTENT="It" WC="0.735" CC="50" />
            <SP ID="P225_SP00101" WIDTH="0" HPOS="0" VPOS="0" />
            <String ID="P225_S00113" HPOS="1249" VPOS="1085" WIDTH="101" HEIGHT="70" STYLEREFS="StyleId-1" CONTENT="was" WC="0.206666663" CC="986" />
            <SP ID="P225_SP00102" WIDTH="0" HPOS="0" VPOS="0" />
            <String ID="P225_S00114" HPOS="1374" VPOS="1071" WIDTH="91" HEIGHT="84" STYLEREFS="StyleId-1" CONTENT="not" WC="0.75333333" CC="700" />
            <SP ID="P225_SP00103" WIDTH="0" HPOS="0" VPOS="0" />
            <String ID="P225_S00115" HPOS="1491" VPOS="1080" WIDTH="32" HEIGHT="75" STYLEREFS="StyleId-1" CONTENT="a" WC="0.09" CC="9" />
            <SP ID="P225_SP00104" WIDTH="0" HPOS="0" VPOS="0" />
            <String ID="P225_S00116" HPOS="1550" VPOS="1062" WIDTH="221" HEIGHT="93" STYLEREFS="StyleId-1" CONTENT="question" WC="0.6125" CC="27567002" />
            <SP ID="P225_SP00105" WIDTH="0" HPOS="0" VPOS="0" />
            <String ID="P225_S00117" HPOS="1798" VPOS="1057" WIDTH="50" HEIGHT="98" STYLEREFS="StyleId-1" CONTENT="of" WC="0.64" CC="07" />
          </TextLine>
          <TextLine ID="P225_TL00013" HPOS="327" VPOS="1158" WIDTH="1520" HEIGHT="24">
            <String ID="P225_S00118" HPOS="328" VPOS="1164" WIDTH="222" HEIGHT="42" STYLEREFS="StyleId-1" CONTENT="numbers" WC="0.62" CC="7600075" />
            <SP ID="P225_SP00106" WIDTH="0" HPOS="0" VPOS="0" />
            <String ID="P225_S00119" HPOS="567" VPOS="1159" WIDTH="116" HEIGHT="47" STYLEREFS="StyleId-1" CONTENT="with" WC="1" CC="0000" />
            <SP ID="P225_SP00107" WIDTH="0" HPOS="0" VPOS="0" />
            <String ID="P225_S00120" HPOS="697" VPOS="1157" WIDTH="155" HEIGHT="49" STYLEREFS="StyleId-1" CONTENT="them;" WC="1" CC="00000" />
            <SP ID="P225_SP00108" WIDTH="0" HPOS="0" VPOS="0" />
            <String ID="P225_S00121" HPOS="870" VPOS="1153" WIDTH="43" HEIGHT="53" STYLEREFS="StyleId-1" CONTENT="it" WC="1" CC="00" />
            <SP ID="P225_SP00109" WIDTH="0" HPOS="0" VPOS="0" />
            <String ID="P225_S00122" HPOS="937" VPOS="1160" WIDTH="99" HEIGHT="46" STYLEREFS="StyleId-1" CONTENT="was" WC="0.776666641" CC="006" />
            <SP ID="P225_SP00110" WIDTH="0" HPOS="0" VPOS="0" />
            <String ID="P225_S00123" HPOS="1054" VPOS="1157" WIDTH="90" HEIGHT="49" STYLEREFS="StyleId-1" CONTENT="one" WC="0.5733333" CC="570" />
            <SP ID="P225_SP00111" WIDTH="0" HPOS="0" VPOS="0" />
            <String ID="P225_S00124" HPOS="1162" VPOS="1141" WIDTH="55" HEIGHT="65" STYLEREFS="StyleId-1" CONTENT="of" WC="0.895" CC="20" />
            <SP ID="P225_SP00112" WIDTH="0" HPOS="0" VPOS="0" />
            <String ID="P225_S00125" HPOS="1235" VPOS="1139" WIDTH="245" HEIGHT="67" STYLEREFS="StyleId-1" CONTENT="existence," WC="0.677" CC="0807026203" />
            <SP ID="P225_SP00113" WIDTH="0" HPOS="0" VPOS="0" />
            <String ID="P225_S00126" HPOS="1501" VPOS="1131" WIDTH="97" HEIGHT="75" STYLEREFS="StyleId-1" CONTENT="and" WC="0.45" CC="960" />
            <SP ID="P225_SP00114" WIDTH="0" HPOS="0" VPOS="0" />
            <String ID="P225_S00127" HPOS="1616" VPOS="1129" WIDTH="84" HEIGHT="77" STYLEREFS="StyleId-1" CONTENT="the" WC="0.7633333" CC="007" />
            <SP ID="P225_SP00115" WIDTH="0" HPOS="0" VPOS="0" />
            <String ID="P225_S00128" HPOS="1724" VPOS="1126" WIDTH="123" HEIGHT="80" STYLEREFS="StyleId-1" CONTENT="Pha¬" WC="0.7775" CC="0080" />
          </TextLine>
          <TextLine ID="P225_TL00014" HPOS="329" VPOS="1225" WIDTH="1521" HEIGHT="24">
            <String ID="P225_S00129" HPOS="329" VPOS="1231" WIDTH="118" HEIGHT="41" STYLEREFS="StyleId-1" CONTENT="lanx" WC="0.2675" CC="21079" />
            <SP ID="P225_SP00116" WIDTH="0" HPOS="0" VPOS="0" />
            <String ID="P225_S00130" HPOS="463" VPOS="1225" WIDTH="213" HEIGHT="47" STYLEREFS="StyleId-1" CONTENT="resolved" WC="0.7125" CC="53255000" />
            <SP ID="P225_SP00117" WIDTH="0" HPOS="0" VPOS="0" />
            <String ID="P225_S00131" HPOS="693" VPOS="1219" WIDTH="129" HEIGHT="53" STYLEREFS="StyleId-1" CONTENT="itself" WC="0.7133333" CC="507130" />
            <SP ID="P225_SP00118" WIDTH="0" HPOS="0" VPOS="0" />
            <String ID="P225_S00132" HPOS="841" VPOS="1219" WIDTH="106" HEIGHT="53" STYLEREFS="StyleId-1" CONTENT="into" WC="0.85" CC="0500" />
            <SP ID="P225_SP00119" WIDTH="0" HPOS="0" VPOS="0" />
            <String ID="P225_S00133" HPOS="966" VPOS="1227" WIDTH="33" HEIGHT="45" STYLEREFS="StyleId-1" CONTENT="a" WC="0.99" CC="0" />
            <SP ID="P225_SP00120" WIDTH="0" HPOS="0" VPOS="0" />
            <String ID="P225_S00134" HPOS="1015" VPOS="1210" WIDTH="207" HEIGHT="62" STYLEREFS="StyleId-1" CONTENT="seeming" WC="0.8242857" CC="7000050" />
            <SP ID="P225_SP00121" WIDTH="0" HPOS="0" VPOS="0" />
            <String ID="P225_S00135" HPOS="1247" VPOS="1205" WIDTH="188" HEIGHT="67" STYLEREFS="StyleId-1" CONTENT="column" WC="0.74333334" CC="000707" />
            <SP ID="P225_SP00122" WIDTH="0" HPOS="0" VPOS="0" />
            <String ID="P225_S00136" HPOS="1455" VPOS="1200" WIDTH="53" HEIGHT="72" STYLEREFS="StyleId-1" CONTENT="of" WC="0.975" CC="00" />
            <SP ID="P225_SP00123" WIDTH="0" HPOS="0" VPOS="0" />
            <String ID="P225_S00137" HPOS="1521" VPOS="1198" WIDTH="113" HEIGHT="74" STYLEREFS="StyleId-1" CONTENT="iron" WC="0.4925" CC="7606" />
            <SP ID="P225_SP00124" WIDTH="0" HPOS="0" VPOS="0" />
            <String ID="P225_S00138" HPOS="1651" VPOS="1198" WIDTH="56" HEIGHT="74" STYLEREFS="StyleId-1" CONTENT="to" WC="1" CC="00" />
            <SP ID="P225_SP00125" WIDTH="0" HPOS="0" VPOS="0" />
            <String ID="P225_S00139" HPOS="1726" VPOS="1193" WIDTH="123" HEIGHT="79" STYLEREFS="StyleId-1" CONTENT="meet" WC="0.6" CC="9007" />
          </TextLine>
          <TextLine ID="P225_TL00015" HPOS="329" VPOS="1290" WIDTH="1520" HEIGHT="15">
            <String ID="P225_S00140" HPOS="329" VPOS="1297" WIDTH="86" HEIGHT="41" STYLEREFS="StyleId-1" CONTENT="the" WC="0.59" CC="903" />
            <SP ID="P225_SP00126" WIDTH="0" HPOS="0" VPOS="0" />
            <String ID="P225_S00141" HPOS="446" VPOS="1294" WIDTH="76" HEIGHT="44" STYLEREFS="StyleId-1" CONTENT="foe" WC="0.9266667" CC="200" />
            <SP ID="P225_SP00127" WIDTH="0" HPOS="0" VPOS="0" />
            <String ID="P225_S00142" HPOS="557" VPOS="1304" WIDTH="55" HEIGHT="34" STYLEREFS="StyleId-1" CONTENT="as" WC="0.21" CC="105" />
            <SP ID="P225_SP00128" WIDTH="0" HPOS="0" VPOS="0" />
            <String ID="P225_S00143" HPOS="644" VPOS="1291" WIDTH="42" HEIGHT="47" STYLEREFS="StyleId-1" CONTENT="it" WC="1" CC="00" />
            <SP ID="P225_SP00129" WIDTH="0" HPOS="0" VPOS="0" />
            <String ID="P225_S00144" HPOS="720" VPOS="1284" WIDTH="170" HEIGHT="54" STYLEREFS="StyleId-1" CONTENT="rushed" WC="0.636666656" CC="776000" />
            <SP ID="P225_SP00130" WIDTH="0" HPOS="0" VPOS="0" />
            <String ID="P225_S00145" HPOS="927" VPOS="1292" WIDTH="114" HEIGHT="46" STYLEREFS="StyleId-1" CONTENT="over" WC="0.7225" CC="4006" />
            <SP ID="P225_SP00131" WIDTH="0" HPOS="0" VPOS="0" />
            <String ID="P225_S00146" HPOS="1072" VPOS="1277" WIDTH="84" HEIGHT="61" STYLEREFS="StyleId-1" CONTENT="the" WC="0.9433333" CC="001" />
            <SP ID="P225_SP00132" WIDTH="0" HPOS="0" VPOS="0" />
            <String ID="P225_S00147" HPOS="1189" VPOS="1271" WIDTH="164" HEIGHT="67" STYLEREFS="StyleId-1" CONTENT="bodies" WC="0.82" CC="010035" />
            <SP ID="P225_SP00133" WIDTH="0" HPOS="0" VPOS="0" />
            <String ID="P225_S00148" HPOS="1380" VPOS="1267" WIDTH="55" HEIGHT="71" STYLEREFS="StyleId-1" CONTENT="of" WC="0.69" CC="60" />
            <SP ID="P225_SP00134" WIDTH="0" HPOS="0" VPOS="0" />
            <String ID="P225_S00149" HPOS="1453" VPOS="1265" WIDTH="126" HEIGHT="73" STYLEREFS="StyleId-1" CONTENT="their" WC="0.864" CC="00006" />
            <SP ID="P225_SP00135" WIDTH="0" HPOS="0" VPOS="0" />
            <String ID="P225_S00150" HPOS="1602" VPOS="1260" WIDTH="123" HEIGHT="78" STYLEREFS="StyleId-1" CONTENT="dead" WC="0.495" CC="7290" />
            <SP ID="P225_SP00136" WIDTH="0" HPOS="0" VPOS="0" />
            <String ID="P225_S00151" HPOS="1753" VPOS="1257" WIDTH="96" HEIGHT="81" STYLEREFS="StyleId-1" CONTENT="and" WC="0.5733333" CC="075" />
          </TextLine>
          <TextLine ID="P225_TL00016" HPOS="331" VPOS="1361" WIDTH="923" HEIGHT="34">
            <String ID="P225_S00152" HPOS="331" VPOS="1358" WIDTH="233" HEIGHT="46" STYLEREFS="StyleId-1" CONTENT="wounded" WC="0.5385714" CC="10076800" />
            <SP ID="P225_SP00137" WIDTH="0" HPOS="0" VPOS="0" />
            <String ID="P225_S00153" HPOS="581" VPOS="1355" WIDTH="115" HEIGHT="49" STYLEREFS="StyleId-1" CONTENT="with" WC="0.6275" CC="9500" />
            <SP ID="P225_SP00138" WIDTH="0" HPOS="0" VPOS="0" />
            <String ID="P225_S00154" HPOS="712" VPOS="1353" WIDTH="84" HEIGHT="51" STYLEREFS="StyleId-1" CONTENT="the" WC="1" CC="000" />
            <SP ID="P225_SP00139" WIDTH="0" HPOS="0" VPOS="0" />
            <String ID="P225_S00155" HPOS="812" VPOS="1361" WIDTH="116" HEIGHT="43" STYLEREFS="StyleId-1" CONTENT="rage" WC="0.425" CC="48100" />
            <SP ID="P225_SP00140" WIDTH="0" HPOS="0" VPOS="0" />
            <String ID="P225_S00156" HPOS="945" VPOS="1346" WIDTH="55" HEIGHT="58" STYLEREFS="StyleId-1" CONTENT="of" WC="0.945" CC="01" />
            <SP ID="P225_SP00141" WIDTH="0" HPOS="0" VPOS="0" />
            <String ID="P225_S00157" HPOS="1018" VPOS="1343" WIDTH="236" HEIGHT="61" STYLEREFS="StyleId-1" CONTENT="madmen." WC="0.8457143" CC="0000073" />
          </TextLine>
          <TextLine ID="P225_TL00017" HPOS="435" VPOS="1410" WIDTH="1419" HEIGHT="28">
            <String ID="P225_S00158" HPOS="435" VPOS="1415" WIDTH="98" HEIGHT="40" STYLEREFS="StyleId-1" CONTENT="The" WC="0.98" CC="000" />
            <SP ID="P225_SP00142" WIDTH="0" HPOS="0" VPOS="0" />
            <String ID="P225_S00159" HPOS="556" VPOS="1415" WIDTH="98" HEIGHT="40" STYLEREFS="StyleId-1" CONTENT="two" WC="0.7033333" CC="080" />
            <SP ID="P225_SP00143" WIDTH="0" HPOS="0" VPOS="0" />
            <String ID="P225_S00160" HPOS="680" VPOS="1407" WIDTH="106" HEIGHT="48" STYLEREFS="StyleId-1" CONTENT="field" WC="0.716" CC="00058" />
            <SP ID="P225_SP00144" WIDTH="0" HPOS="0" VPOS="0" />
            <String ID="P225_S00161" HPOS="812" VPOS="1416" WIDTH="136" HEIGHT="44" STYLEREFS="StyleId-1" CONTENT="guns," WC="0.542" CC="07374" />
            <SP ID="P225_SP00145" WIDTH="0" HPOS="0" VPOS="0" />
            <String ID="P225_S00162" HPOS="977" VPOS="1397" WIDTH="223" HEIGHT="63" STYLEREFS="StyleId-1" CONTENT="skillfully" WC="0.518" CC="49024076210" />
            <SP ID="P225_SP00146" WIDTH="0" HPOS="0" VPOS="0" />
            <String ID="P225_S00163" HPOS="1224" VPOS="1390" WIDTH="206" HEIGHT="70" STYLEREFS="StyleId-1" CONTENT="handled" WC="0.7214286" CC="0860220" />
            <SP ID="P225_SP00147" WIDTH="0" HPOS="0" VPOS="0" />
            <String ID="P225_S00164" HPOS="1456" VPOS="1388" WIDTH="68" HEIGHT="72" STYLEREFS="StyleId-1" CONTENT="by" WC="1" CC="00" />
            <SP ID="P225_SP00148" WIDTH="0" HPOS="0" VPOS="0" />
            <String ID="P225_S00165" HPOS="1622" VPOS="1382" WIDTH="141" HEIGHT="78" STYLEREFS="StyleId-1" CONTENT="black" WC="0.756" CC="00039" />
            <SP ID="P225_SP00149" WIDTH="0" HPOS="0" VPOS="0" />
            <String ID="P225_S00166" HPOS="1781" VPOS="1393" WIDTH="72" HEIGHT="67" STYLEREFS="StyleId-1" CONTENT="ar¬" WC="0.53" CC="354" />
          </TextLine>
          <TextLine ID="P225_TL00018" HPOS="333" VPOS="1477" WIDTH="1521" HEIGHT="27">
            <String ID="P225_S00167" HPOS="334" VPOS="1481" WIDTH="297" HEIGHT="52" STYLEREFS="StyleId-1" CONTENT="tillery-men," WC="0.803333342" CC="202005020064" />
            <SP ID="P225_SP00150" WIDTH="0" HPOS="0" VPOS="0" />
            <String ID="P225_S00168" HPOS="650" VPOS="1474" WIDTH="80" HEIGHT="59" STYLEREFS="StyleId-1" CONTENT="did" WC="0.973333359" CC="000" />
            <SP ID="P225_SP00151" WIDTH="0" HPOS="0" VPOS="0" />
            <String ID="P225_S00169" HPOS="748" VPOS="1470" WIDTH="131" HEIGHT="63" STYLEREFS="StyleId-1" CONTENT="good" WC="0.7975" CC="8000" />
            <SP ID="P225_SP00152" WIDTH="0" HPOS="0" VPOS="0" />
            <String ID="P225_S00170" HPOS="896" VPOS="1467" WIDTH="147" HEIGHT="66" STYLEREFS="StyleId-1" CONTENT="work," WC="0.822" CC="00503" />
            <SP ID="P225_SP00153" WIDTH="0" HPOS="0" VPOS="0" />
            <String ID="P225_S00171" HPOS="1062" VPOS="1462" WIDTH="207" HEIGHT="71" STYLEREFS="StyleId-1" CONTENT="plowing" WC="0.827142835" CC="0300260" />
            <SP ID="P225_SP00154" WIDTH="0" HPOS="0" VPOS="0" />
            <String ID="P225_S00172" HPOS="1284" VPOS="1459" WIDTH="125" HEIGHT="74" STYLEREFS="StyleId-1" CONTENT="huge" WC="0.5775" CC="0790" />
            <SP ID="P225_SP00155" WIDTH="0" HPOS="0" VPOS="0" />
            <String ID="P225_S00173" HPOS="1424" VPOS="1454" WIDTH="200" HEIGHT="79" STYLEREFS="StyleId-1" CONTENT="furrows" WC="0.6314286" CC="0666005" />
            <SP ID="P225_SP00156" WIDTH="0" HPOS="0" VPOS="0" />
            <String ID="P225_S00174" HPOS="1639" VPOS="1446" WIDTH="215" HEIGHT="87" STYLEREFS="StyleId-1" CONTENT="through" WC="0.5257143" CC="90607100" />
          </TextLine>
          <TextLine ID="P225_TL00019" HPOS="336" VPOS="1546" WIDTH="1520" HEIGHT="23">
            <String ID="P225_S00175" HPOS="336" VPOS="1548" WIDTH="85" HEIGHT="42" STYLEREFS="StyleId-1" CONTENT="the" WC="0.706666648" CC="503" />
            <SP ID="P225_SP00157" WIDTH="0" HPOS="0" VPOS="0" />
            <String ID="P225_S00176" HPOS="439" VPOS="1544" WIDTH="262" HEIGHT="46" STYLEREFS="StyleId-1" CONTENT="assailants" WC="0.729" CC="0560045005" />
            <SP ID="P225_SP00158" WIDTH="0" HPOS="0" VPOS="0" />
            <String ID="P225_S00177" HPOS="719" VPOS="1539" WIDTH="96" HEIGHT="51" STYLEREFS="StyleId-1" CONTENT="and" WC="0.7966667" CC="060" />
            <SP ID="P225_SP00159" WIDTH="0" HPOS="0" VPOS="0" />
            <String ID="P225_S00178" HPOS="833" VPOS="1532" WIDTH="241" HEIGHT="58" STYLEREFS="StyleId-1" CONTENT="throwing" WC="0.8225" CC="00600070" />
            <SP ID="P225_SP00160" WIDTH="0" HPOS="0" VPOS="0" />
            <String ID="P225_S00179" HPOS="1096" VPOS="1529" WIDTH="130" HEIGHT="61" STYLEREFS="StyleId-1" CONTENT="them" WC="0.61" CC="01005" />
            <SP ID="P225_SP00161" WIDTH="0" HPOS="0" VPOS="0" />
            <String ID="P225_S00180" HPOS="1253" VPOS="1526" WIDTH="107" HEIGHT="64" STYLEREFS="StyleId-1" CONTENT="into" WC="0.93" CC="0200" />
            <SP ID="P225_SP00162" WIDTH="0" HPOS="0" VPOS="0" />
            <String ID="P225_S00181" HPOS="1378" VPOS="1519" WIDTH="247" HEIGHT="71" STYLEREFS="StyleId-1" CONTENT="confusion" WC="0.695555568" CC="026066014" />
            <SP ID="P225_SP00163" WIDTH="0" HPOS="0" VPOS="0" />
            <String ID="P225_S00182" HPOS="1645" VPOS="1519" WIDTH="54" HEIGHT="71" STYLEREFS="StyleId-1" CONTENT="at" WC="0.62" CC="07" />
            <SP ID="P225_SP00164" WIDTH="0" HPOS="0" VPOS="0" />
            <String ID="P225_S00183" HPOS="1717" VPOS="1525" WIDTH="139" HEIGHT="65" STYLEREFS="StyleId-1" CONTENT="every" WC="0.412" CC="209710" />
          </TextLine>
          <TextLine ID="P225_TL00020" HPOS="338" VPOS="1613" WIDTH="1517" HEIGHT="23">
            <String ID="P225_S00184" HPOS="339" VPOS="1614" WIDTH="188" HEIGHT="52" STYLEREFS="StyleId-1" CONTENT="charge." WC="0.81" CC="0084000" />
            <SP ID="P225_SP00165" WIDTH="0" HPOS="0" VPOS="0" />
            <String ID="P225_S00185" HPOS="580" VPOS="1607" WIDTH="107" HEIGHT="59" STYLEREFS="StyleId-1" CONTENT="Still" WC="0.794" CC="70021" />
            <SP ID="P225_SP00166" WIDTH="0" HPOS="0" VPOS="0" />
            <String ID="P225_S00186" HPOS="719" VPOS="1605" WIDTH="84" HEIGHT="61" STYLEREFS="StyleId-1" CONTENT="the" WC="0.533333361" CC="760" />
            <SP ID="P225_SP00167" WIDTH="0" HPOS="0" VPOS="0" />
            <String ID="P225_S00187" HPOS="836" VPOS="1599" WIDTH="333" HEIGHT="67" STYLEREFS="StyleId-1" CONTENT="confederates," WC="0.783076942" CC="0073000500074" />
            <SP ID="P225_SP00168" WIDTH="0" HPOS="0" VPOS="0" />
            <String ID="P225_S00188" HPOS="1197" VPOS="1591" WIDTH="182" HEIGHT="75" STYLEREFS="StyleId-1" CONTENT="having" WC="0.706666648" CC="0000710" />
            <SP ID="P225_SP00169" WIDTH="0" HPOS="0" VPOS="0" />
            <String ID="P225_S00189" HPOS="1412" VPOS="1586" WIDTH="165" HEIGHT="80" STYLEREFS="StyleId-1" CONTENT="finally" WC="0.501428545" CC="4477640" />
            <SP ID="P225_SP00170" WIDTH="0" HPOS="0" VPOS="0" />
            <String ID="P225_S00190" HPOS="1604" VPOS="1579" WIDTH="251" HEIGHT="87" STYLEREFS="StyleId-1" CONTENT="organized" WC="0.627777755" CC="060557108" />
          </TextLine>
          <TextLine ID="P225_TL00021" HPOS="339" VPOS="1679" WIDTH="1518" HEIGHT="21">
            <String ID="P225_S00191" HPOS="339" VPOS="1681" WIDTH="108" HEIGHT="40" STYLEREFS="StyleId-1" CONTENT="into" WC="0.8525" CC="0500" />
            <SP ID="P225_SP00171" WIDTH="0" HPOS="0" VPOS="0" />
            <String ID="P225_S00192" HPOS="465" VPOS="1677" WIDTH="92" HEIGHT="44" STYLEREFS="StyleId-1" CONTENT="line" WC="0.6925" CC="5070" />
            <SP ID="P225_SP00172" WIDTH="0" HPOS="0" VPOS="0" />
            <String ID="P225_S00193" HPOS="574" VPOS="1675" WIDTH="55" HEIGHT="46" STYLEREFS="StyleId-1" CONTENT="of" WC="1" CC="00" />
            <SP ID="P225_SP00173" WIDTH="0" HPOS="0" VPOS="0" />
            <String ID="P225_S00194" HPOS="647" VPOS="1671" WIDTH="169" HEIGHT="51" STYLEREFS="StyleId-1" CONTENT="battle," WC="0.942857146" CC="0000003" />
            <SP ID="P225_SP00174" WIDTH="0" HPOS="0" VPOS="0" />
            <String ID="P225_S00195" HPOS="837" VPOS="1662" WIDTH="253" HEIGHT="60" STYLEREFS="StyleId-1" CONTENT="continued" WC="0.716666639" CC="216042530" />
            <SP ID="P225_SP00175" WIDTH="0" HPOS="0" VPOS="0" />
            <String ID="P225_S00196" HPOS="1107" VPOS="1665" WIDTH="58" HEIGHT="57" STYLEREFS="StyleId-1" CONTENT="to" WC="0.335" CC="85" />
            <SP ID="P225_SP00176" WIDTH="0" HPOS="0" VPOS="0" />
            <String ID="P225_S00197" HPOS="1184" VPOS="1659" WIDTH="174" HEIGHT="63" STYLEREFS="StyleId-1" CONTENT="charge" WC="0.608333349" CC="0075100" />
            <SP ID="P225_SP00177" WIDTH="0" HPOS="0" VPOS="0" />
            <String ID="P225_S00198" HPOS="1383" VPOS="1654" WIDTH="123" HEIGHT="68" STYLEREFS="StyleId-1" CONTENT="after" WC="0.8" CC="00027" />
            <SP ID="P225_SP00178" WIDTH="0" HPOS="0" VPOS="0" />
            <String ID="P225_S00199" HPOS="1531" VPOS="1650" WIDTH="115" HEIGHT="72" STYLEREFS="StyleId-1" CONTENT="each" WC="0.9775" CC="0000" />
            <SP ID="P225_SP00179" WIDTH="0" HPOS="0" VPOS="0" />
            <String ID="P225_S00200" HPOS="1662" VPOS="1647" WIDTH="195" HEIGHT="75" STYLEREFS="StyleId-1" CONTENT="repulse," WC="0.57375" CC="60970703" />
          </TextLine>
          <TextLine ID="P225_TL00022" HPOS="341" VPOS="1745" WIDTH="1518" HEIGHT="22">
            <String ID="P225_S00201" HPOS="342" VPOS="1743" WIDTH="209" HEIGHT="58" STYLEREFS="StyleId-1" CONTENT="pouring" WC="0.637142837" CC="0475070" />
            <SP ID="P225_SP00180" WIDTH="0" HPOS="0" VPOS="0" />
            <String ID="P225_S00202" HPOS="568" VPOS="1753" WIDTH="32" HEIGHT="48" STYLEREFS="StyleId-1" CONTENT="a" WC="1" CC="0" />
            <SP ID="P225_SP00181" WIDTH="0" HPOS="0" VPOS="0" />
            <String ID="P225_S00203" HPOS="622" VPOS="1738" WIDTH="174" HEIGHT="63" STYLEREFS="StyleId-1" CONTENT="terrific" WC="0.71" CC="05660004" />
            <SP ID="P225_SP00182" WIDTH="0" HPOS="0" VPOS="0" />
            <String ID="P225_S00204" HPOS="811" VPOS="1735" WIDTH="84" HEIGHT="66" STYLEREFS="StyleId-1" CONTENT="fire" WC="0.825" CC="0070" />
            <SP ID="P225_SP00183" WIDTH="0" HPOS="0" VPOS="0" />
            <String ID="P225_S00205" HPOS="912" VPOS="1744" WIDTH="131" HEIGHT="57" STYLEREFS="StyleId-1" CONTENT="upon" WC="0.635" CC="7007" />
            <SP ID="P225_SP00184" WIDTH="0" HPOS="0" VPOS="0" />
            <String ID="P225_S00206" HPOS="1058" VPOS="1728" WIDTH="84" HEIGHT="73" STYLEREFS="StyleId-1" CONTENT="the" WC="0.9533333" CC="001" />
            <SP ID="P225_SP00185" WIDTH="0" HPOS="0" VPOS="0" />
            <String ID="P225_S00207" HPOS="1160" VPOS="1724" WIDTH="172" HEIGHT="77" STYLEREFS="StyleId-1" CONTENT="United" WC="0.855" CC="260000" />
            <SP ID="P225_SP00186" WIDTH="0" HPOS="0" VPOS="0" />
            <String ID="P225_S00208" HPOS="1350" VPOS="1722" WIDTH="164" HEIGHT="79" STYLEREFS="StyleId-1" CONTENT="States" WC="0.5966667" CC="7010007" />
            <SP ID="P225_SP00187" WIDTH="0" HPOS="0" VPOS="0" />
            <String ID="P225_S00209" HPOS="1530" VPOS="1718" WIDTH="126" HEIGHT="83" STYLEREFS="StyleId-1" CONTENT="force" WC="0.712" CC="70600" />
            <SP ID="P225_SP00188" WIDTH="0" HPOS="0" VPOS="0" />
            <String ID="P225_S00210" HPOS="1674" VPOS="1718" WIDTH="56" HEIGHT="83" STYLEREFS="StyleId-1" CONTENT="at" WC="1" CC="00" />
            <SP ID="P225_SP00189" WIDTH="0" HPOS="0" VPOS="0" />
            <String ID="P225_S00211" HPOS="1746" VPOS="1713" WIDTH="113" HEIGHT="88" STYLEREFS="StyleId-1" CONTENT="each" WC="0.8425" CC="0060" />
          </TextLine>
          <TextLine ID="P225_TL00023" HPOS="344" VPOS="1810" WIDTH="1518" HEIGHT="22">
            <String ID="P225_S00212" HPOS="344" VPOS="1812" WIDTH="229" HEIGHT="41" STYLEREFS="StyleId-1" CONTENT="advance." WC="0.6475" CC="100706003" />
            <SP ID="P225_SP00190" WIDTH="0" HPOS="0" VPOS="0" />
            <String ID="P225_S00213" HPOS="610" VPOS="1806" WIDTH="50" HEIGHT="47" STYLEREFS="StyleId-1" CONTENT="It" WC="0.89" CC="20" />
            <SP ID="P225_SP00191" WIDTH="0" HPOS="0" VPOS="0" />
            <String ID="P225_S00214" HPOS="676" VPOS="1802" WIDTH="179" HEIGHT="51" STYLEREFS="StyleId-1" CONTENT="seemed" WC="0.896666646" CC="600000" />
            <SP ID="P225_SP00192" WIDTH="0" HPOS="0" VPOS="0" />
            <String ID="P225_S00215" HPOS="866" VPOS="1812" WIDTH="56" HEIGHT="41" STYLEREFS="StyleId-1" CONTENT="as" WC="0.79" CC="04" />
            <SP ID="P225_SP00193" WIDTH="0" HPOS="0" VPOS="0" />
            <String ID="P225_S00216" HPOS="939" VPOS="1798" WIDTH="39" HEIGHT="55" STYLEREFS="StyleId-1" CONTENT="if" WC="0.945" CC="10" />
            <SP ID="P225_SP00194" WIDTH="0" HPOS="0" VPOS="0" />
            <String ID="P225_S00217" HPOS="988" VPOS="1797" WIDTH="84" HEIGHT="56" STYLEREFS="StyleId-1" CONTENT="the" WC="0.9866667" CC="000" />
            <SP ID="P225_SP00195" WIDTH="0" HPOS="0" VPOS="0" />
            <String ID="P225_S00218" HPOS="1080" VPOS="1793" WIDTH="221" HEIGHT="60" STYLEREFS="StyleId-1" CONTENT="Phalanx" WC="0.7342857" CC="10001070" />
            <SP ID="P225_SP00196" WIDTH="0" HPOS="0" VPOS="0" />
            <String ID="P225_S00219" HPOS="1320" VPOS="1790" WIDTH="131" HEIGHT="63" STYLEREFS="StyleId-1" CONTENT="must" WC="0.63" CC="0770" />
            <SP ID="P225_SP00197" WIDTH="0" HPOS="0" VPOS="0" />
            <String ID="P225_S00220" HPOS="1468" VPOS="1785" WIDTH="261" HEIGHT="68" STYLEREFS="StyleId-1" CONTENT="surrender;" WC="0.585" CC="6765200354" />
            <SP ID="P225_SP00198" WIDTH="0" HPOS="0" VPOS="0" />
            <String ID="P225_S00221" HPOS="1747" VPOS="1780" WIDTH="115" HEIGHT="73" STYLEREFS="StyleId-1" CONTENT="they" WC="1" CC="0000" />
          </TextLine>
          <TextLine ID="P225_TL00024" HPOS="344" VPOS="1877" WIDTH="1519" HEIGHT="21">
            <String ID="P225_S00222" HPOS="345" VPOS="1889" WIDTH="117" HEIGHT="29" STYLEREFS="StyleId-1" CONTENT="were" WC="0.885" CC="0030" />
            <SP ID="P225_SP00199" WIDTH="0" HPOS="0" VPOS="0" />
            <String ID="P225_S00223" HPOS="490" VPOS="1867" WIDTH="342" HEIGHT="51" STYLEREFS="StyleId-1" CONTENT="outnumbered" WC="0.7490909" CC="07067000600" />
            <SP ID="P225_SP00200" WIDTH="0" HPOS="0" VPOS="0" />
            <String ID="P225_S00224" HPOS="855" VPOS="1868" WIDTH="100" HEIGHT="50" STYLEREFS="StyleId-1" CONTENT="two" WC="1" CC="000" />
            <SP ID="P225_SP00201" WIDTH="0" HPOS="0" VPOS="0" />
            <String ID="P225_S00225" HPOS="979" VPOS="1865" WIDTH="59" HEIGHT="53" STYLEREFS="StyleId-1" CONTENT="to" WC="0.68" CC="06" />
            <SP ID="P225_SP00202" WIDTH="0" HPOS="0" VPOS="0" />
            <String ID="P225_S00226" HPOS="1066" VPOS="1873" WIDTH="102" HEIGHT="45" STYLEREFS="StyleId-1" CONTENT="one," WC="0.86" CC="0103" />
            <SP ID="P225_SP00203" WIDTH="0" HPOS="0" VPOS="0" />
            <String ID="P225_S00227" HPOS="1198" VPOS="1858" WIDTH="97" HEIGHT="60" STYLEREFS="StyleId-1" CONTENT="and" WC="0.77" CC="060" />
            <SP ID="P225_SP00204" WIDTH="0" HPOS="0" VPOS="0" />
            <String ID="P225_S00228" HPOS="1320" VPOS="1867" WIDTH="141" HEIGHT="51" STYLEREFS="StyleId-1" CONTENT="every" WC="0.87" CC="00060" />
            <SP ID="P225_SP00205" WIDTH="0" HPOS="0" VPOS="0" />
            <String ID="P225_S00229" HPOS="1485" VPOS="1853" WIDTH="92" HEIGHT="65" STYLEREFS="StyleId-1" CONTENT="line" WC="0.7525" CC="2070" />
            <SP ID="P225_SP00206" WIDTH="0" HPOS="0" VPOS="0" />
            <String ID="P225_S00230" HPOS="1594" VPOS="1849" WIDTH="157" HEIGHT="69" STYLEREFS="StyleId-1" CONTENT="officer" WC="0.66" CC="0633306" />
            <SP ID="P225_SP00207" WIDTH="0" HPOS="0" VPOS="0" />
            <String ID="P225_S00231" HPOS="1766" VPOS="1857" WIDTH="97" HEIGHT="61" STYLEREFS="StyleId-1" CONTENT="was" WC="0.223333329" CC="895" />
          </TextLine>
          <TextLine ID="P225_TL00025" HPOS="347" VPOS="1942" WIDTH="1521" HEIGHT="23">
            <String ID="P225_S00232" HPOS="347" VPOS="1941" WIDTH="124" HEIGHT="43" STYLEREFS="StyleId-1" CONTENT="dead" WC="0.535" CC="80100" />
            <SP ID="P225_SP00208" WIDTH="0" HPOS="0" VPOS="0" />
            <String ID="P225_S00233" HPOS="490" VPOS="1953" WIDTH="57" HEIGHT="31" STYLEREFS="StyleId-1" CONTENT="or" WC="0.36" CC="56" />
            <SP ID="P225_SP00209" WIDTH="0" HPOS="0" VPOS="0" />
            <String ID="P225_S00234" HPOS="563" VPOS="1934" WIDTH="243" HEIGHT="50" STYLEREFS="StyleId-1" CONTENT="wounded." WC="0.69625" CC="04770004" />
            <SP ID="P225_SP00210" WIDTH="0" HPOS="0" VPOS="0" />
            <String ID="P225_S00235" HPOS="860" VPOS="1929" WIDTH="231" HEIGHT="55" STYLEREFS="StyleId-1" CONTENT="Sergeant" WC="0.725" CC="70700060" />
            <SP ID="P225_SP00211" WIDTH="0" HPOS="0" VPOS="0" />
            <String ID="P225_S00236" HPOS="1116" VPOS="1924" WIDTH="182" HEIGHT="60" STYLEREFS="StyleId-1" CONTENT="Triplet" WC="0.8585714" CC="0540000" />
            <SP ID="P225_SP00212" WIDTH="0" HPOS="0" VPOS="0" />
            <String ID="P225_S00237" HPOS="1321" VPOS="1934" WIDTH="101" HEIGHT="50" STYLEREFS="StyleId-1" CONTENT="was" WC="0.776666641" CC="006" />
            <SP ID="P225_SP00213" WIDTH="0" HPOS="0" VPOS="0" />
            <String ID="P225_S00238" HPOS="1439" VPOS="1916" WIDTH="231" HEIGHT="68" STYLEREFS="StyleId-1" CONTENT="directing" WC="0.807777762" CC="016040140" />
            <SP ID="P225_SP00214" WIDTH="0" HPOS="0" VPOS="0" />
            <String ID="P225_S00239" HPOS="1686" VPOS="1913" WIDTH="82" HEIGHT="71" STYLEREFS="StyleId-1" CONTENT="the" WC="1" CC="000" />
            <SP ID="P225_SP00215" WIDTH="0" HPOS="0" VPOS="0" />
            <String ID="P225_S00240" HPOS="1784" VPOS="1913" WIDTH="83" HEIGHT="71" STYLEREFS="StyleId-1" CONTENT="lire" WC="0.4925" CC="8057" />
          </TextLine>
          <TextLine ID="P225_TL00026" HPOS="349" VPOS="2008" WIDTH="1523" HEIGHT="23">
            <String ID="P225_S00241" HPOS="350" VPOS="2009" WIDTH="56" HEIGHT="41" STYLEREFS="StyleId-1" CONTENT="of" WC="0.755" CC="40" />
            <SP ID="P225_SP00216" WIDTH="0" HPOS="0" VPOS="0" />
            <String ID="P225_S00242" HPOS="424" VPOS="2007" WIDTH="246" HEIGHT="51" STYLEREFS="StyleId-1" CONTENT="Company" WC="0.5928571" CC="6500970" />
            <SP ID="P225_SP00217" WIDTH="0" HPOS="0" VPOS="0" />
            <String ID="P225_S00243" HPOS="687" VPOS="2001" WIDTH="54" HEIGHT="57" STYLEREFS="StyleId-1" CONTENT="C;" WC="0.79" CC="40" />
            <SP ID="P225_SP00218" WIDTH="0" HPOS="0" VPOS="0" />
            <String ID="P225_S00244" HPOS="768" VPOS="2000" WIDTH="84" HEIGHT="58" STYLEREFS="StyleId-1" CONTENT="the" WC="0.863333344" CC="004" />
            <SP ID="P225_SP00219" WIDTH="0" HPOS="0" VPOS="0" />
            <String ID="P225_S00245" HPOS="879" VPOS="1995" WIDTH="211" HEIGHT="63" STYLEREFS="StyleId-1" CONTENT="artillery" WC="0.784444451" CC="0100021050" />
            <SP ID="P225_SP00220" WIDTH="0" HPOS="0" VPOS="0" />
            <String ID="P225_S00246" HPOS="1117" VPOS="1991" WIDTH="223" HEIGHT="67" STYLEREFS="StyleId-1" CONTENT="sergeant" WC="0.6475" CC="60600860" />
            <SP ID="P225_SP00221" WIDTH="0" HPOS="0" VPOS="0" />
            <String ID="P225_S00247" HPOS="1364" VPOS="1999" WIDTH="100" HEIGHT="59" STYLEREFS="StyleId-1" CONTENT="was" WC="0.766666651" CC="007" />
            <SP ID="P225_SP00222" WIDTH="0" HPOS="0" VPOS="0" />
            <String ID="P225_S00248" HPOS="1481" VPOS="1984" WIDTH="49" HEIGHT="74" STYLEREFS="StyleId-1" CONTENT="in" WC="0.655" CC="15" />
            <SP ID="P225_SP00223" WIDTH="0" HPOS="0" VPOS="0" />
            <String ID="P225_S00249" HPOS="1546" VPOS="1979" WIDTH="254" HEIGHT="79" STYLEREFS="StyleId-1" CONTENT="command" WC="0.8242857" CC="1400060" />
            <SP ID="P225_SP00224" WIDTH="0" HPOS="0" VPOS="0" />
            <String ID="P225_S00250" HPOS="1819" VPOS="1976" WIDTH="53" HEIGHT="82" STYLEREFS="StyleId-1" CONTENT="of" WC="0.765" CC="04" />
          </TextLine>
          <TextLine ID="P225_TL00027" HPOS="349" VPOS="2074" WIDTH="1517" HEIGHT="23">
            <String ID="P225_S00251" HPOS="349" VPOS="2074" WIDTH="85" HEIGHT="41" STYLEREFS="StyleId-1" CONTENT="the" WC="0.63" CC="901" />
            <SP ID="P225_SP00225" WIDTH="0" HPOS="0" VPOS="0" />
            <String ID="P225_S00252" HPOS="450" VPOS="2071" WIDTH="106" HEIGHT="44" STYLEREFS="StyleId-1" CONTENT="field" WC="1" CC="00000" />
            <SP ID="P225_SP00226" WIDTH="0" HPOS="0" VPOS="0" />
            <String ID="P225_S00253" HPOS="581" VPOS="2080" WIDTH="137" HEIGHT="43" STYLEREFS="StyleId-1" CONTENT="guns," WC="0.526" CC="07564" />
            <SP ID="P225_SP00227" WIDTH="0" HPOS="0" VPOS="0" />
            <String ID="P225_S00254" HPOS="739" VPOS="2064" WIDTH="96" HEIGHT="59" STYLEREFS="StyleId-1" CONTENT="and" WC="0.7633333" CC="070" />
            <SP ID="P225_SP00228" WIDTH="0" HPOS="0" VPOS="0" />
            <String ID="P225_S00255" HPOS="862" VPOS="2060" WIDTH="187" HEIGHT="63" STYLEREFS="StyleId-1" CONTENT="worked" WC="0.885" CC="006000" />
            <SP ID="P225_SP00229" WIDTH="0" HPOS="0" VPOS="0" />
            <String ID="P225_S00256" HPOS="1075" VPOS="2059" WIDTH="133" HEIGHT="64" STYLEREFS="StyleId-1" CONTENT="them" WC="1" CC="0000" />
            <SP ID="P225_SP00230" WIDTH="0" HPOS="0" VPOS="0" />
            <String ID="P225_S00257" HPOS="1233" VPOS="2055" WIDTH="100" HEIGHT="68" STYLEREFS="StyleId-1" CONTENT="well" WC="0.8075" CC="6000" />
            <SP ID="P225_SP00231" WIDTH="0" HPOS="0" VPOS="0" />
            <String ID="P225_S00258" HPOS="1356" VPOS="2053" WIDTH="76" HEIGHT="70" STYLEREFS="StyleId-1" CONTENT="for" WC="0.626666665" CC="506" />
            <SP ID="P225_SP00232" WIDTH="0" HPOS="0" VPOS="0" />
            <String ID="P225_S00259" HPOS="1455" VPOS="2055" WIDTH="100" HEIGHT="68" STYLEREFS="StyleId-1" CONTENT="two" WC="0.873333335" CC="030" />
            <SP ID="P225_SP00233" WIDTH="0" HPOS="0" VPOS="0" />
            <String ID="P225_S00260" HPOS="1571" VPOS="2049" WIDTH="118" HEIGHT="74" STYLEREFS="StyleId-1" CONTENT="long" WC="0.85" CC="3300" />
            <SP ID="P225_SP00234" WIDTH="0" HPOS="0" VPOS="0" />
            <String ID="P225_S00261" HPOS="1705" VPOS="2046" WIDTH="160" HEIGHT="77" STYLEREFS="StyleId-1" CONTENT="hours." WC="0.751666665" CC="006034" />
          </TextLine>
          <TextLine ID="P225_TL00028" HPOS="350" VPOS="2139" WIDTH="1520" HEIGHT="21">
            <String ID="P225_S00262" HPOS="350" VPOS="2139" WIDTH="102" HEIGHT="40" STYLEREFS="StyleId-1" CONTENT="The" WC="0.5733333" CC="903" />
            <SP ID="P225_SP00235" WIDTH="0" HPOS="0" VPOS="0" />
            <String ID="P225_S00263" HPOS="486" VPOS="2133" WIDTH="204" HEIGHT="55" STYLEREFS="StyleId-1" CONTENT="enemy's" WC="0.747142851" CC="0700046" />
            <SP ID="P225_SP00236" WIDTH="0" HPOS="0" VPOS="0" />
            <String ID="P225_S00264" HPOS="733" VPOS="2128" WIDTH="385" HEIGHT="60" STYLEREFS="StyleId-1" CONTENT="sharp-shooters" WC="0.7178571" CC="70070070030076" />
            <SP ID="P225_SP00237" WIDTH="0" HPOS="0" VPOS="0" />
            <String ID="P225_S00265" HPOS="1161" VPOS="2119" WIDTH="247" HEIGHT="69" STYLEREFS="StyleId-1" CONTENT="stationed" WC="0.813333333" CC="500041500" />
            <SP ID="P225_SP00238" WIDTH="0" HPOS="0" VPOS="0" />
            <String ID="P225_S00266" HPOS="1442" VPOS="2117" WIDTH="49" HEIGHT="71" STYLEREFS="StyleId-1" CONTENT="in" WC="0.705" CC="05" />
            <SP ID="P225_SP00239" WIDTH="0" HPOS="0" VPOS="0" />
            <String ID="P225_S00267" HPOS="1525" VPOS="2117" WIDTH="83" HEIGHT="71" STYLEREFS="StyleId-1" CONTENT="the" WC="1" CC="000" />
            <SP ID="P225_SP00240" WIDTH="0" HPOS="0" VPOS="0" />
            <String ID="P225_S00268" HPOS="1648" VPOS="2116" WIDTH="124" HEIGHT="72" STYLEREFS="StyleId-1" CONTENT="trees" WC="0.57" CC="07706" />
            <SP ID="P225_SP00241" WIDTH="0" HPOS="0" VPOS="0" />
            <String ID="P225_S00269" HPOS="1805" VPOS="2122" WIDTH="65" HEIGHT="66" STYLEREFS="StyleId-1" CONTENT="no" WC="0.275" CC="77" />
          </TextLine>
          <TextLine ID="P225_TL00029" HPOS="351" VPOS="2204" WIDTH="1522" HEIGHT="20">
            <String ID="P225_S00270" HPOS="351" VPOS="2204" WIDTH="170" HEIGHT="52" STYLEREFS="StyleId-1" CONTENT="longer" WC="0.591666639" CC="707037" />
            <SP ID="P225_SP00242" WIDTH="0" HPOS="0" VPOS="0" />
            <String ID="P225_S00271" HPOS="537" VPOS="2199" WIDTH="195" HEIGHT="57" STYLEREFS="StyleId-1" CONTENT="selected" WC="0.9125" CC="70000000" />
            <SP ID="P225_SP00243" WIDTH="0" HPOS="0" VPOS="0" />
            <String ID="P225_S00272" HPOS="757" VPOS="2195" WIDTH="125" HEIGHT="61" STYLEREFS="StyleId-1" CONTENT="thejr" WC="0.672" CC="00295" />
            <SP ID="P225_SP00244" WIDTH="0" HPOS="0" VPOS="0" />
            <String ID="P225_S00273" HPOS="906" VPOS="2191" WIDTH="204" HEIGHT="65" STYLEREFS="StyleId-1" CONTENT="victims," WC="0.79125" CC="00703060" />
            <SP ID="P225_SP00245" WIDTH="0" HPOS="0" VPOS="0" />
            <String ID="P225_S00274" HPOS="1128" VPOS="2188" WIDTH="77" HEIGHT="68" STYLEREFS="StyleId-1" CONTENT="for" WC="0.5933333" CC="0210" />
            <SP ID="P225_SP00246" WIDTH="0" HPOS="0" VPOS="0" />
            <String ID="P225_S00275" HPOS="1229" VPOS="2198" WIDTH="91" HEIGHT="58" STYLEREFS="StyleId-1" CONTENT="one" WC="0.7" CC="440" />
            <SP ID="P225_SP00247" WIDTH="0" HPOS="0" VPOS="0" />
            <String ID="P225_S00276" HPOS="1344" VPOS="2197" WIDTH="115" HEIGHT="59" STYLEREFS="StyleId-1" CONTENT="man" WC="0.76" CC="007" />
            <SP ID="P225_SP00248" WIDTH="0" HPOS="0" VPOS="0" />
            <String ID="P225_S00277" HPOS="1478" VPOS="2182" WIDTH="54" HEIGHT="74" STYLEREFS="StyleId-1" CONTENT="of" WC="0.72" CC="50" />
            <SP ID="P225_SP00249" WIDTH="0" HPOS="0" VPOS="0" />
            <String ID="P225_S00278" HPOS="1551" VPOS="2182" WIDTH="83" HEIGHT="74" STYLEREFS="StyleId-1" CONTENT="the" WC="1" CC="000" />
            <SP ID="P225_SP00250" WIDTH="0" HPOS="0" VPOS="0" />
            <String ID="P225_S00279" HPOS="1651" VPOS="2178" WIDTH="221" HEIGHT="78" STYLEREFS="StyleId-1" CONTENT="Phalanx" WC="0.93" CC="0001030" />
          </TextLine>
          <TextLine ID="P225_TL00030" HPOS="353" VPOS="2269" WIDTH="814" HEIGHT="36">
            <String ID="P225_S00280" HPOS="354" VPOS="2281" WIDTH="101" HEIGHT="28" STYLEREFS="StyleId-1" CONTENT="was" WC="0.723333359" CC="008" />
            <SP ID="P225_SP00251" WIDTH="0" HPOS="0" VPOS="0" />
            <String ID="P225_S00281" HPOS="473" VPOS="2279" WIDTH="56" HEIGHT="30" STYLEREFS="StyleId-1" CONTENT="as" WC="0.125" CC="107" />
            <SP ID="P225_SP00252" WIDTH="0" HPOS="0" VPOS="0" />
            <String ID="P225_S00282" HPOS="546" VPOS="2262" WIDTH="311" HEIGHT="54" STYLEREFS="StyleId-1" CONTENT="conspicuous" WC="0.6809091" CC="12660007065" />
            <SP ID="P225_SP00253" WIDTH="0" HPOS="0" VPOS="0" />
            <String ID="P225_S00283" HPOS="875" VPOS="2271" WIDTH="56" HEIGHT="45" STYLEREFS="StyleId-1" CONTENT="as" WC="0.79" CC="04" />
            <SP ID="P225_SP00254" WIDTH="0" HPOS="0" VPOS="0" />
            <String ID="P225_S00284" HPOS="950" VPOS="2255" WIDTH="217" HEIGHT="61" STYLEREFS="StyleId-1" CONTENT="another." WC="0.79125" CC="80000062" />
          </TextLine>
          <TextLine ID="P225_TL00031" HPOS="456" VPOS="2321" WIDTH="1419" HEIGHT="22">
            <String ID="P225_S00285" HPOS="456" VPOS="2321" WIDTH="91" HEIGHT="40" STYLEREFS="StyleId-1" CONTENT="Yet" WC="0.836666644" CC="400" />
            <SP ID="P225_SP00255" WIDTH="0" HPOS="0" VPOS="0" />
            <String ID="P225_S00286" HPOS="574" VPOS="2318" WIDTH="203" HEIGHT="43" STYLEREFS="StyleId-1" CONTENT="another" WC="0.7171429" CC="0600706" />
            <SP ID="P225_SP00256" WIDTH="0" HPOS="0" VPOS="0" />
            <String ID="P225_S00287" HPOS="804" VPOS="2313" WIDTH="187" HEIGHT="48" STYLEREFS="StyleId-1" CONTENT="assault" WC="0.514285743" CC="0669730" />
            <SP ID="P225_SP00257" WIDTH="0" HPOS="0" VPOS="0" />
            <String ID="P225_S00288" HPOS="1015" VPOS="2322" WIDTH="99" HEIGHT="39" STYLEREFS="StyleId-1" CONTENT="was" WC="0.876666665" CC="003" />
            <SP ID="P225_SP00258" WIDTH="0" HPOS="0" VPOS="0" />
            <String ID="P225_S00289" HPOS="1140" VPOS="2306" WIDTH="160" HEIGHT="55" STYLEREFS="StyleId-1" CONTENT="made;" WC="0.94" CC="00003" />
            <SP ID="P225_SP00259" WIDTH="0" HPOS="0" VPOS="0" />
            <String ID="P225_S00290" HPOS="1328" VPOS="2305" WIDTH="108" HEIGHT="56" STYLEREFS="StyleId-1" CONTENT="firm" WC="0.8125" CC="0070" />
            <SP ID="P225_SP00260" WIDTH="0" HPOS="0" VPOS="0" />
            <String ID="P225_S00291" HPOS="1463" VPOS="2302" WIDTH="148" HEIGHT="59" STYLEREFS="StyleId-1" CONTENT="stood" WC="0.74" CC="60230" />
            <SP ID="P225_SP00261" WIDTH="0" HPOS="0" VPOS="0" />
            <String ID="P225_S00292" HPOS="1635" VPOS="2301" WIDTH="85" HEIGHT="60" STYLEREFS="StyleId-1" CONTENT="the" WC="1" CC="000" />
            <SP ID="P225_SP00262" WIDTH="0" HPOS="0" VPOS="0" />
            <String ID="P225_S00293" HPOS="1751" VPOS="2297" WIDTH="124" HEIGHT="64" STYLEREFS="StyleId-1" CONTENT="little" WC="0.795" CC="600041" />
          </TextLine>
          <TextLine ID="P225_TL00032" HPOS="358" VPOS="2388" WIDTH="1520" HEIGHT="29">
            <String ID="P225_S00294" HPOS="358" VPOS="2386" WIDTH="133" HEIGHT="44" STYLEREFS="StyleId-1" CONTENT="band" WC="0.575" CC="10070" />
            <SP ID="P225_SP00263" WIDTH="0" HPOS="0" VPOS="0" />
            <String ID="P225_S00295" HPOS="517" VPOS="2384" WIDTH="55" HEIGHT="46" STYLEREFS="StyleId-1" CONTENT="of" WC="0.71" CC="50" />
            <SP ID="P225_SP00264" WIDTH="0" HPOS="0" VPOS="0" />
            <String ID="P225_S00296" HPOS="589" VPOS="2383" WIDTH="107" HEIGHT="47" STYLEREFS="StyleId-1" CONTENT="iron" WC="0.57" CC="1626" />
            <SP ID="P225_SP00265" WIDTH="0" HPOS="0" VPOS="0" />
            <String ID="P225_S00297" HPOS="721" VPOS="2393" WIDTH="119" HEIGHT="38" STYLEREFS="StyleId-1" CONTENT="men," WC="0.4575" CC="9164" />
            <SP ID="P225_SP00266" WIDTH="0" HPOS="0" VPOS="0" />
            <String ID="P225_S00298" HPOS="861" VPOS="2381" WIDTH="91" HEIGHT="50" STYLEREFS="StyleId-1" CONTENT="not" WC="0.7366667" CC="700" />
            <SP ID="P225_SP00267" WIDTH="0" HPOS="0" VPOS="0" />
            <String ID="P225_S00299" HPOS="976" VPOS="2373" WIDTH="235" HEIGHT="58" STYLEREFS="StyleId-1" CONTENT="flinching," WC="0.633" CC="6647001704" />
            <SP ID="P225_SP00268" WIDTH="0" HPOS="0" VPOS="0" />
            <String ID="P225_S00300" HPOS="1231" VPOS="2372" WIDTH="92" HEIGHT="59" STYLEREFS="StyleId-1" CONTENT="not" WC="0.8066667" CC="500" />
            <SP ID="P225_SP00269" WIDTH="0" HPOS="0" VPOS="0" />
            <String ID="P225_S00301" HPOS="1347" VPOS="2369" WIDTH="212" HEIGHT="62" STYLEREFS="StyleId-1" CONTENT="moving," WC="0.688571453" CC="2204704" />
            <SP ID="P225_SP00270" WIDTH="0" HPOS="0" VPOS="0" />
            <String ID="P225_S00302" HPOS="1578" VPOS="2366" WIDTH="192" HEIGHT="65" STYLEREFS="StyleId-1" CONTENT="though" WC="0.875" CC="000700" />
            <SP ID="P225_SP00271" WIDTH="0" HPOS="0" VPOS="0" />
            <String ID="P225_S00303" HPOS="1794" VPOS="2365" WIDTH="84" HEIGHT="66" STYLEREFS="StyleId-1" CONTENT="the" WC="0.61" CC="704" />
          </TextLine>
          <TextLine ID="P225_TL00033" HPOS="361" VPOS="2453" WIDTH="1518" HEIGHT="19">
            <String ID="P225_S00304" HPOS="361" VPOS="2451" WIDTH="123" HEIGHT="44" STYLEREFS="StyleId-1" CONTENT="dead" WC="0.4725" CC="9470" />
            <SP ID="P225_SP00272" WIDTH="0" HPOS="0" VPOS="0" />
            <String ID="P225_S00305" HPOS="501" VPOS="2450" WIDTH="82" HEIGHT="51" STYLEREFS="StyleId-1" CONTENT="lay" WC="1" CC="000" />
            <SP ID="P225_SP00273" WIDTH="0" HPOS="0" VPOS="0" />
            <String ID="P225_S00306" HPOS="598" VPOS="2447" WIDTH="132" HEIGHT="54" STYLEREFS="StyleId-1" CONTENT="thick" WC="0.954" CC="00200" />
            <SP ID="P225_SP00274" WIDTH="0" HPOS="0" VPOS="0" />
            <String ID="P225_S00307" HPOS="747" VPOS="2445" WIDTH="156" HEIGHT="56" STYLEREFS="StyleId-1" CONTENT="before" WC="0.876666665" CC="000060" />
            <SP ID="P225_SP00275" WIDTH="0" HPOS="0" VPOS="0" />
            <String ID="P225_S00308" HPOS="918" VPOS="2443" WIDTH="145" HEIGHT="58" STYLEREFS="StyleId-1" CONTENT="them." WC="0.622" CC="70064" />
            <SP ID="P225_SP00276" WIDTH="0" HPOS="0" VPOS="0" />
            <String ID="P225_S00309" HPOS="1116" VPOS="2438" WIDTH="99" HEIGHT="63" STYLEREFS="StyleId-1" CONTENT="The" WC="0.9633333" CC="001" />
            <SP ID="P225_SP00277" WIDTH="0" HPOS="0" VPOS="0" />
            <String ID="P225_S00310" HPOS="1232" VPOS="2447" WIDTH="189" HEIGHT="54" STYLEREFS="StyleId-1" CONTENT="cannon" WC="0.448333323" CC="477606" />
            <SP ID="P225_SP00278" WIDTH="0" HPOS="0" VPOS="0" />
            <String ID="P225_S00311" HPOS="1440" VPOS="2433" WIDTH="189" HEIGHT="68" STYLEREFS="StyleId-1" CONTENT="belched" WC="0.832857132" CC="3052000" />
            <SP ID="P225_SP00279" WIDTH="0" HPOS="0" VPOS="0" />
            <String ID="P225_S00312" HPOS="1649" VPOS="2435" WIDTH="89" HEIGHT="66" STYLEREFS="StyleId-1" CONTENT="out" WC="0.733333349" CC="070" />
            <SP ID="P225_SP00280" WIDTH="0" HPOS="0" VPOS="0" />
            <String ID="P225_S00313" HPOS="1754" VPOS="2429" WIDTH="125" HEIGHT="72" STYLEREFS="StyleId-1" CONTENT="their" WC="0.764" CC="00407" />
          </TextLine>
          <TextLine ID="P225_TL00034" HPOS="360" VPOS="2518" WIDTH="1522" HEIGHT="22">
            <String ID="P225_S00314" HPOS="360" VPOS="2528" WIDTH="152" HEIGHT="44" STYLEREFS="StyleId-1" CONTENT="grape" WC="0.276" CC="102796" />
            <SP ID="P225_SP00281" WIDTH="0" HPOS="0" VPOS="0" />
            <String ID="P225_S00315" HPOS="545" VPOS="2514" WIDTH="127" HEIGHT="58" STYLEREFS="StyleId-1" CONTENT="shot," WC="0.834" CC="50002" />
            <SP ID="P225_SP00282" WIDTH="0" HPOS="0" VPOS="0" />
            <String ID="P225_S00316" HPOS="707" VPOS="2511" WIDTH="84" HEIGHT="61" STYLEREFS="StyleId-1" CONTENT="the" WC="1" CC="000" />
            <SP ID="P225_SP00283" WIDTH="0" HPOS="0" VPOS="0" />
            <String ID="P225_S00317" HPOS="823" VPOS="2508" WIDTH="246" HEIGHT="64" STYLEREFS="StyleId-1" CONTENT="musketry" WC="0.76" CC="06600060" />
            <SP ID="P225_SP00284" WIDTH="0" HPOS="0" VPOS="0" />
            <String ID="P225_S00318" HPOS="1102" VPOS="2500" WIDTH="195" HEIGHT="72" STYLEREFS="StyleId-1" CONTENT="rattled," WC="0.8475" CC="50003002" />
            <SP ID="P225_SP00285" WIDTH="0" HPOS="0" VPOS="0" />
            <String ID="P225_S00319" HPOS="1334" VPOS="2499" WIDTH="97" HEIGHT="73" STYLEREFS="StyleId-1" CONTENT="and" WC="1" CC="000" />
            <SP ID="P225_SP00286" WIDTH="0" HPOS="0" VPOS="0" />
            <String ID="P225_S00320" HPOS="1467" VPOS="2511" WIDTH="115" HEIGHT="61" STYLEREFS="StyleId-1" CONTENT="once" WC="0.8275" CC="1500" />
            <SP ID="P225_SP00287" WIDTH="0" HPOS="0" VPOS="0" />
            <String ID="P225_S00321" HPOS="1623" VPOS="2511" WIDTH="135" HEIGHT="61" STYLEREFS="StyleId-1" CONTENT="more" WC="0.5825" CC="6053" />
            <SP ID="P225_SP00288" WIDTH="0" HPOS="0" VPOS="0" />
            <String ID="P225_S00322" HPOS="1797" VPOS="2497" WIDTH="85" HEIGHT="75" STYLEREFS="StyleId-1" CONTENT="the" WC="0.826666653" CC="005" />
          </TextLine>
          <TextLine ID="P225_TL00035" HPOS="361" VPOS="2583" WIDTH="1517" HEIGHT="20">
            <String ID="P225_S00323" HPOS="362" VPOS="2592" WIDTH="167" HEIGHT="42" STYLEREFS="StyleId-1" CONTENT="enemy" WC="0.69" CC="87000" />
            <SP ID="P225_SP00289" WIDTH="0" HPOS="0" VPOS="0" />
            <String ID="P225_S00324" HPOS="560" VPOS="2577" WIDTH="91" HEIGHT="57" STYLEREFS="StyleId-1" CONTENT="fled" WC="0.67" CC="6600" />
            <SP ID="P225_SP00290" WIDTH="0" HPOS="0" VPOS="0" />
            <String ID="P225_S00325" HPOS="685" VPOS="2575" WIDTH="123" HEIGHT="59" STYLEREFS="StyleId-1" CONTENT="back" WC="0.975" CC="0010" />
            <SP ID="P225_SP00291" WIDTH="0" HPOS="0" VPOS="0" />
            <String ID="P225_S00326" HPOS="839" VPOS="2577" WIDTH="58" HEIGHT="57" STYLEREFS="StyleId-1" CONTENT="to" WC="0.965" CC="00" />
            <SP ID="P225_SP00292" WIDTH="0" HPOS="0" VPOS="0" />
            <String ID="P225_S00327" HPOS="929" VPOS="2572" WIDTH="84" HEIGHT="62" STYLEREFS="StyleId-1" CONTENT="the" WC="1" CC="000" />
            <SP ID="P225_SP00293" WIDTH="0" HPOS="0" VPOS="0" />
            <String ID="P225_S00328" HPOS="1045" VPOS="2568" WIDTH="164" HEIGHT="66" STYLEREFS="StyleId-1" CONTENT="woods" WC="0.792" CC="03006" />
            <SP ID="P225_SP00294" WIDTH="0" HPOS="0" VPOS="0" />
            <String ID="P225_S00329" HPOS="1242" VPOS="2564" WIDTH="116" HEIGHT="70" STYLEREFS="StyleId-1" CONTENT="with" WC="1" CC="0000" />
            <SP ID="P225_SP00295" WIDTH="0" HPOS="0" VPOS="0" />
            <String ID="P225_S00330" HPOS="1400" VPOS="2564" WIDTH="149" HEIGHT="70" STYLEREFS="StyleId-1" CONTENT="ranks" WC="0.486" CC="510702" />
            <SP ID="P225_SP00296" WIDTH="0" HPOS="0" VPOS="0" />
            <String ID="P225_S00331" HPOS="1591" VPOS="2561" WIDTH="287" HEIGHT="73" STYLEREFS="StyleId-1" CONTENT="disordered." WC="0.772727251" CC="00606001504" />
          </TextLine>
          <TextLine ID="P225_TL00036" HPOS="366" VPOS="2647" WIDTH="1519" HEIGHT="30">
            <String ID="P225_S00332" HPOS="366" VPOS="2648" WIDTH="133" HEIGHT="41" STYLEREFS="StyleId-1" CONTENT="Thus" WC="0.2175" CC="9777" />
            <SP ID="P225_SP00297" WIDTH="0" HPOS="0" VPOS="0" />
            <String ID="P225_S00333" HPOS="514" VPOS="2644" WIDTH="123" HEIGHT="45" STYLEREFS="StyleId-1" CONTENT="fronl" WC="0.434" CC="47277" />
            <SP ID="P225_SP00298" WIDTH="0" HPOS="0" VPOS="0" />
            <String ID="P225_S00334" HPOS="655" VPOS="2641" WIDTH="74" HEIGHT="48" STYLEREFS="StyleId-1" CONTENT="six" WC="0.626666665" CC="730" />
            <SP ID="P225_SP00299" WIDTH="0" HPOS="0" VPOS="0" />
            <String ID="P225_S00335" HPOS="755" VPOS="2638" WIDTH="179" HEIGHT="51" STYLEREFS="StyleId-1" CONTENT="o'clock" WC="0.938571453" CC="0200010" />
            <SP ID="P225_SP00300" WIDTH="0" HPOS="0" VPOS="0" />
            <String ID="P225_S00336" HPOS="957" VPOS="2636" WIDTH="76" HEIGHT="53" STYLEREFS="StyleId-1" CONTENT="till" WC="0.9975" CC="0000" />
            <SP ID="P225_SP00301" WIDTH="0" HPOS="0" VPOS="0" />
            <String ID="P225_S00337" HPOS="1057" VPOS="2632" WIDTH="230" HEIGHT="57" STYLEREFS="StyleId-1" CONTENT="noonday" WC="0.8914286" CC="0007000" />
            <SP ID="P225_SP00302" WIDTH="0" HPOS="0" VPOS="0" />
            <String ID="P225_S00338" HPOS="1312" VPOS="2629" WIDTH="80" HEIGHT="60" STYLEREFS="StyleId-1" CONTENT="did" WC="0.92" CC="020" />
            <SP ID="P225_SP00303" WIDTH="0" HPOS="0" VPOS="0" />
            <String ID="P225_S00339" HPOS="1409" VPOS="2629" WIDTH="84" HEIGHT="60" STYLEREFS="StyleId-1" CONTENT="the" WC="0.8066667" CC="500" />
            <SP ID="P225_SP00304" WIDTH="0" HPOS="0" VPOS="0" />
            <String ID="P225_S00340" HPOS="1510" VPOS="2642" WIDTH="157" HEIGHT="47" STYLEREFS="StyleId-1" CONTENT="weary" WC="0.698" CC="00860" />
            <SP ID="P225_SP00305" WIDTH="0" HPOS="0" VPOS="0" />
            <String ID="P225_S00341" HPOS="1685" VPOS="2629" WIDTH="200" HEIGHT="60" STYLEREFS="StyleId-1" CONTENT="soldiers" WC="0.505" CC="80074468" />
          </TextLine>
          <TextLine ID="P225_TL00037" HPOS="365" VPOS="2713" WIDTH="1520" HEIGHT="22">
            <String ID="P225_S00342" HPOS="365" VPOS="2711" WIDTH="118" HEIGHT="44" STYLEREFS="StyleId-1" CONTENT="hold" WC="0.8125" CC="7000" />
            <SP ID="P225_SP00306" WIDTH="0" HPOS="0" VPOS="0" />
            <String ID="P225_S00343" HPOS="507" VPOS="2708" WIDTH="124" HEIGHT="47" STYLEREFS="StyleId-1" CONTENT="their" WC="0.97" CC="00010" />
            <SP ID="P225_SP00307" WIDTH="0" HPOS="0" VPOS="0" />
            <String ID="P225_S00344" HPOS="655" VPOS="2708" WIDTH="98" HEIGHT="47" STYLEREFS="StyleId-1" CONTENT="foes" WC="0.7725" CC="0305" />
            <SP ID="P225_SP00308" WIDTH="0" HPOS="0" VPOS="0" />
            <String ID="P225_S00345" HPOS="779" VPOS="2704" WIDTH="135" HEIGHT="51" STYLEREFS="StyleId-1" CONTENT="back." WC="0.894" CC="50000" />
            <SP ID="P225_SP00309" WIDTH="0" HPOS="0" VPOS="0" />
            <String ID="P225_S00346" HPOS="976" VPOS="2701" WIDTH="98" HEIGHT="54" STYLEREFS="StyleId-1" CONTENT="The" WC="0.6433333" CC="901" />
            <SP ID="P225_SP00310" WIDTH="0" HPOS="0" VPOS="0" />
            <String ID="P225_S00347" HPOS="1099" VPOS="2695" WIDTH="237" HEIGHT="60" STYLEREFS="StyleId-1" CONTENT="situation" WC="0.543333352" CC="8006710115" />
            <SP ID="P225_SP00311" WIDTH="0" HPOS="0" VPOS="0" />
            <String ID="P225_S00348" HPOS="1361" VPOS="2694" WIDTH="191" HEIGHT="61" STYLEREFS="StyleId-1" CONTENT="became" WC="0.686666667" CC="000990" />
            <SP ID="P225_SP00312" WIDTH="0" HPOS="0" VPOS="0" />
            <String ID="P225_S00349" HPOS="1568" VPOS="2694" WIDTH="183" HEIGHT="61" STYLEREFS="StyleId-1" CONTENT="critical" WC="0.72" CC="26500006" />
            <SP ID="P225_SP00313" WIDTH="0" HPOS="0" VPOS="0" />
            <String ID="P225_S00350" HPOS="1769" VPOS="2694" WIDTH="116" HEIGHT="61" STYLEREFS="StyleId-1" CONTENT="with" WC="0.6725" CC="9300" />
          </TextLine>
          <TextLine ID="P225_TL00038" HPOS="367" VPOS="2778" WIDTH="1521" HEIGHT="33">
            <String ID="P225_S00351" HPOS="367" VPOS="2779" WIDTH="87" HEIGHT="42" STYLEREFS="StyleId-1" CONTENT="the" WC="0.74333334" CC="204" />
            <SP ID="P225_SP00314" WIDTH="0" HPOS="0" VPOS="0" />
            <String ID="P225_S00352" HPOS="469" VPOS="2774" WIDTH="234" HEIGHT="47" STYLEREFS="StyleId-1" CONTENT="Phalanx." WC="0.7375" CC="100000703" />
            <SP ID="P225_SP00315" WIDTH="0" HPOS="0" VPOS="0" />
            <String ID="P225_S00353" HPOS="756" VPOS="2767" WIDTH="139" HEIGHT="54" STYLEREFS="StyleId-1" CONTENT="Their" WC="0.772" CC="00047" />
            <SP ID="P225_SP00316" WIDTH="0" HPOS="0" VPOS="0" />
            <String ID="P225_S00354" HPOS="914" VPOS="2762" WIDTH="317" HEIGHT="59" STYLEREFS="StyleId-1" CONTENT="ammunition" WC="0.692" CC="9007100056" />
            <SP ID="P225_SP00317" WIDTH="0" HPOS="0" VPOS="0" />
            <String ID="P225_S00355" HPOS="1247" VPOS="2772" WIDTH="98" HEIGHT="49" STYLEREFS="StyleId-1" CONTENT="was" WC="0.46" CC="907" />
            <SP ID="P225_SP00318" WIDTH="0" HPOS="0" VPOS="0" />
            <String ID="P225_S00356" HPOS="1363" VPOS="2758" WIDTH="166" HEIGHT="63" STYLEREFS="StyleId-1" CONTENT="nearly" WC="0.9216667" CC="000400" />
            <SP ID="P225_SP00319" WIDTH="0" HPOS="0" VPOS="0" />
            <String ID="P225_S00357" HPOS="1546" VPOS="2760" WIDTH="289" HEIGHT="61" STYLEREFS="StyleId-1" CONTENT="exhausted;" WC="0.774" CC="0070760001" />
            <SP ID="P225_SP00320" WIDTH="0" HPOS="0" VPOS="0" />
            <String ID="P225_S00358" HPOS="1856" VPOS="2773" WIDTH="32" HEIGHT="48" STYLEREFS="StyleId-1" CONTENT="a" WC="0" CC="10" />
          </TextLine>
          <TextLine ID="P225_TL00039" HPOS="369" VPOS="2844" WIDTH="1520" HEIGHT="34">
            <String ID="P225_S00359" HPOS="369" VPOS="2845" WIDTH="86" HEIGHT="41" STYLEREFS="StyleId-1" CONTENT="few" WC="0.61" CC="128" />
            <SP ID="P225_SP00321" WIDTH="0" HPOS="0" VPOS="0" />
            <String ID="P225_S00360" HPOS="478" VPOS="2851" WIDTH="131" HEIGHT="35" STYLEREFS="StyleId-1" CONTENT="more" WC="0.5875" CC="0654" />
            <SP ID="P225_SP00322" WIDTH="0" HPOS="0" VPOS="0" />
            <String ID="P225_S00361" HPOS="633" VPOS="2835" WIDTH="181" HEIGHT="51" STYLEREFS="StyleId-1" CONTENT="rounds" WC="0.483333319" CC="637707" />
            <SP ID="P225_SP00323" WIDTH="0" HPOS="0" VPOS="0" />
            <String ID="P225_S00362" HPOS="840" VPOS="2832" WIDTH="95" HEIGHT="54" STYLEREFS="StyleId-1" CONTENT="and" WC="0.43" CC="1070" />
            <SP ID="P225_SP00324" WIDTH="0" HPOS="0" VPOS="0" />
            <String ID="P225_S00363" HPOS="962" VPOS="2829" WIDTH="124" HEIGHT="57" STYLEREFS="StyleId-1" CONTENT="their" WC="0.772" CC="00056" />
            <SP ID="P225_SP00325" WIDTH="0" HPOS="0" VPOS="0" />
            <String ID="P225_S00364" HPOS="1109" VPOS="2826" WIDTH="238" HEIGHT="60" STYLEREFS="StyleId-1" CONTENT="bayonets" WC="0.56125" CC="08066058" />
            <SP ID="P225_SP00326" WIDTH="0" HPOS="0" VPOS="0" />
            <String ID="P225_S00365" HPOS="1371" VPOS="2823" WIDTH="157" HEIGHT="63" STYLEREFS="StyleId-1" CONTENT="would" WC="0.676" CC="80700" />
            <SP ID="P225_SP00327" WIDTH="0" HPOS="0" VPOS="0" />
            <String ID="P225_S00366" HPOS="1554" VPOS="2823" WIDTH="59" HEIGHT="63" STYLEREFS="StyleId-1" CONTENT="be" WC="1" CC="00" />
            <SP ID="P225_SP00328" WIDTH="0" HPOS="0" VPOS="0" />
            <String ID="P225_S00367" HPOS="1628" VPOS="2823" WIDTH="127" HEIGHT="63" STYLEREFS="StyleId-1" CONTENT="their" WC="0.6" CC="07506" />
            <SP ID="P225_SP00329" WIDTH="0" HPOS="0" VPOS="0" />
            <String ID="P225_S00368" HPOS="1772" VPOS="2826" WIDTH="117" HEIGHT="60" STYLEREFS="StyleId-1" CONTENT="only" WC="0.5075" CC="5670" />
          </TextLine>
          <TextLine ID="P225_TL00040" HPOS="370" VPOS="2908" WIDTH="1522" HEIGHT="27">
            <String ID="P225_S00369" HPOS="370" VPOS="2905" WIDTH="274" HEIGHT="59" STYLEREFS="StyleId-1" CONTENT="protection" WC="0.796" CC="6700000006" />
            <SP ID="P225_SP00330" WIDTH="0" HPOS="0" VPOS="0" />
            <String ID="P225_S00370" HPOS="663" VPOS="2899" WIDTH="194" HEIGHT="65" STYLEREFS="StyleId-1" CONTENT="against" WC="0.7385714" CC="0006660" />
            <SP ID="P225_SP00331" WIDTH="0" HPOS="0" VPOS="0" />
            <String ID="P225_S00371" HPOS="876" VPOS="2910" WIDTH="31" HEIGHT="54" STYLEREFS="StyleId-1" CONTENT="a" WC="0" CC="10" />
            <SP ID="P225_SP00332" WIDTH="0" HPOS="0" VPOS="0" />
            <String ID="P225_S00372" HPOS="923" VPOS="2905" WIDTH="260" HEIGHT="59" STYLEREFS="StyleId-1" CONTENT="massacre;" WC="0.69" CC="007600707" />
            <SP ID="P225_SP00333" WIDTH="0" HPOS="0" VPOS="0" />
            <String ID="P225_S00373" HPOS="1199" VPOS="2890" WIDTH="100" HEIGHT="74" STYLEREFS="StyleId-1" CONTENT="this" WC="0.71" CC="0046" />
            <SP ID="P225_SP00334" WIDTH="0" HPOS="0" VPOS="0" />
            <String ID="P225_S00374" HPOS="1322" VPOS="2889" WIDTH="101" HEIGHT="75" STYLEREFS="StyleId-1" CONTENT="fact" WC="0.93" CC="0020" />
            <SP ID="P225_SP00335" WIDTH="0" HPOS="0" VPOS="0" />
            <String ID="P225_S00375" HPOS="1446" VPOS="2887" WIDTH="232" HEIGHT="77" STYLEREFS="StyleId-1" CONTENT="however," WC="0.745" CC="000010072" />
            <SP ID="P225_SP00336" WIDTH="0" HPOS="0" VPOS="0" />
            <String ID="P225_S00376" HPOS="1696" VPOS="2889" WIDTH="83" HEIGHT="75" STYLEREFS="StyleId-1" CONTENT="did" WC="0.5466667" CC="940" />
            <SP ID="P225_SP00337" WIDTH="0" HPOS="0" VPOS="0" />
            <String ID="P225_S00377" HPOS="1797" VPOS="2893" WIDTH="94" HEIGHT="71" STYLEREFS="StyleId-1" CONTENT="not" WC="0.456666678" CC="1006" />
          </TextLine>
          <TextLine ID="P225_TL00041" HPOS="370" VPOS="2973" WIDTH="650" HEIGHT="33">
            <String ID="P225_S00378" HPOS="370" VPOS="2974" WIDTH="113" HEIGHT="45" STYLEREFS="StyleId-1" CONTENT="cool" WC="0.49" CC="6525" />
            <SP ID="P225_SP00338" WIDTH="0" HPOS="0" VPOS="0" />
            <String ID="P225_S00379" HPOS="497" VPOS="2971" WIDTH="125" HEIGHT="48" STYLEREFS="StyleId-1" CONTENT="their" WC="0.884" CC="00005" />
            <SP ID="P225_SP00339" WIDTH="0" HPOS="0" VPOS="0" />
            <String ID="P225_S00380" HPOS="637" VPOS="2961" WIDTH="383" HEIGHT="58" STYLEREFS="StyleId-1" CONTENT="determination." WC="0.755" CC="40007007000590" />
          </TextLine>
        </TextBlock>
      </PrintSpace>
    </Page>
  </Layout>
</alto>