2200 3300
743 281 149 43 Army
920 294 64 31 of
1011 296 96 30 the
1135 285 349 46 Cumberland.

1779 290 95 43 289

343 406 213 45 manded
592 409 65 57 by
693 411 190 55 Colonel
909 416 53 50 T.
991 416 46 50 J.
1057 417 219 57 Morgan,
1314 420 277 54 afterwards
1626 424 156 50 raised
1817 428 56 46 to

340 468 487 60 Brigadier-General.
884 482 98 46 The
1006 484 190 56 gallant
1224 486 121 54 14th
1364 487 221 58 Infantry
1602 504 98 41 was
1719 506 90 39 one
1827 494 51 51 of

336 538 68 44 its
441 541 278 57 regiments,
757 547 85 51 the
875 549 107 49 field
1026 551 179 47 officers
1249 553 54 45 of
1338 555 148 43 which
1519 569 115 31 were
1669 557 202 55 Colonel,

337 606 220 46 Thomas
579 609 47 44 J.
638 610 221 58 Morgan,
873 616 107 52 who
998 617 98 51 had
1116 619 114 49 been
1248 622 253 53 promoted
1519 624 213 56 through
1750 626 124 54 vari¬

337 689 91 30 ous
455 679 191 55 grades,
677 681 125 53 from
829 697 32 37 a
888 684 81 50 1st
1000 684 320 59 Lieutenancy
1345 688 49 55 in
1420 689 82 54 the
1529 691 120 52 70th
1668 691 207 52 Indiana

341 740 257 50 Volunteer
618 748 225 57 Infantry
861 766 10 39 ;
892 752 508 56 Lieutenant-Colonel,
1420 755 119 53 H.C.
1561 756 185 56 Corbin,
1767 760 105 52 who

337 809 96 47 had
453 816 125 44 risen
599 819 124 44 from
743 834 32 29 a
794 820 80 43 1st
893 820 322 60 Lieutenancy
1235 825 52 55 of
1307 825 83 55 the
1410 824 120 56 79th
1550 823 52 57 0.
1622 823 55 57 V.
1698 825 54 55 1.,
1774 827 97 53 and

333 880 160 58 Major
521 883 54 55 N.
608 886 45 52 J.
683 886 121 57 Yail,
837 892 106 51 who
971 893 97 50 had
1098 896 162 47 served
1289 908 55 35 as
1373 907 62 36 an
1461 891 196 52 enlisted
1683 906 114 37 man
1823 893 49 50 in

332 950 85 43 the
453 951 124 44 19th
616 953 181 46 Illinois
835 958 294 48 Volunteers.
1193 963 74 43 All
1301 962 83 44 the
1421 960 178 46 officers
1633 960 171 54 passed
1841 972 32 42 a

333 1017 123 57 rigid
496 1021 334 53 examination
877 1027 159 47 before
1078 1031 83 43 the
1204 1030 154 44 board
1405 1029 54 45 of
1493 1026 263 48 examiners
1791 1040 82 41 ap¬

334 1088 197 54 pointed
555 1091 67 56 by
638 1096 84 51 the
742 1092 117 55 War
880 1097 315 53 Department
1212 1098 74 52 for
1303 1098 115 52 that
1436 1109 217 43 purpose.

439 1158 198 46 General
675 1162 221 51 Morgan,
927 1165 66 48 bv
1027 1167 192 50 request-
1253 1164 230 53 furnishes
1516 1163 84 54 the
1633 1160 237 57 following

335 1225 167 47 highly
520 1228 287 54 interesting
828 1231 94 51 and
950 1231 249 51 historical
1228 1233 262 49 statement
1510 1230 54 52 of
1582 1230 73 52 his
1674 1228 195 54 services

333 1292 117 43 with
470 1293 84 43 the
573 1294 225 44 Phalanx
818 1296 230 57 Brigade:

415 1365 110 35 "The
538 1366 199 36 American
753 1367 91 35 Civil
861 1369 93 35 "War
976 1372 44 33 of
1036 1372 142 35 1861-5
1200 1374 131 34 marks
1352 1385 50 24 an
1417 1376 117 42 epoch
1549 1378 70 40 not
1636 1376 89 42 only
1740 1377 37 41 in
1791 1377 66 41 the

332 1419 151 44 history
506 1421 44 42 of
564 1422 67 41 the
651 1421 139 42 United
813 1423 143 45 States,
972 1426 73 42 but
1066 1427 39 41 in
1126 1428 92 40 that
1239 1429 44 39 of
1299 1429 232 43 democracy,
1549 1430 77 42 and
1641 1431 43 41 of
1699 1431 158 41 civiliza¬

332 1476 96 34 tion.
471 1476 59 34 Its
551 1477 100 34 issue
671 1478 72 34 has
764 1478 139 44 vitally
928 1480 157 42 affected
1106 1483 66 39 the
1192 1492 131 30 course
1344 1484 44 38 of
1402 1484 142 38 human
1567 1495 187 33 progress.
1798 1486 57 42 To

331 1531 68 33 the
412 1531 159 35 student
591 1533 45 33 of
650 1533 153 43 history
823 1534 33 42 it
880 1537 119 39 ranks
1021 1538 114 43 along
1159 1539 89 42 with
1270 1539 66 42 the
1349 1542 203 40 conquests
1568 1540 43 42 of
1626 1541 227 43 Alexander;

332 1586 66 34 the
411 1586 212 36 incursions
637 1588 44 34 of
690 1589 67 35 the
773 1589 255 46 Barbarians;
1046 1593 66 42 the
1126 1592 200 44 Crusades;
1343 1594 65 42 the
1423 1594 195 43 discovery
1634 1596 43 41 of
1685 1596 171 41 America

332 1641 77 34 and
430 1643 66 33 the
516 1643 198 36 American
738 1645 244 37 Revolution.
1025 1647 40 36 It
1086 1648 136 35 settled
1244 1649 65 34 the
1323 1649 175 42 question
1521 1650 43 41 of
1581 1660 70 31 our
1671 1650 184 41 National

331 1697 112 42 unity
458 1698 88 41 with
563 1699 52 40 all
628 1700 67 39 the
708 1711 273 34 consequences
998 1703 204 43 attaching
1216 1704 161 42 thereto.
1413 1704 40 42 It
1466 1705 190 41 exhibited
1672 1705 37 41 in
1725 1716 25 30 a
1764 1716 90 32 very

332 1752 164 45 striking
509 1765 159 32 manner
681 1758 67 39 the
762 1769 127 33 power
904 1760 44 42 of
964 1770 26 32 a
1003 1760 73 42 free
1090 1760 132 42 people
1235 1762 45 40 to
1294 1769 172 33 preserve
1480 1760 98 42 their
1592 1760 97 42 form
1705 1760 43 42 of
1763 1771 93 32 gov¬

330 1813 172 32 ernment
523 1812 159 42 against
702 1813 53 41 its
776 1818 105 36 most
897 1815 217 43 dangerous
1128 1815 70 43 foe,
1215 1814 91 44 Civil
1320 1814 103 44 War.
1465 1815 39 43 It
1519 1817 70 41 not
1605 1815 89 43 only
1710 1816 145 42 enfran¬

329 1866 126 36 chised
481 1869 87 34 four
594 1871 165 35 millions
789 1871 45 35 of
847 1870 199 36 American
1075 1870 124 36 slaves
1227 1870 44 36 of
1286 1870 152 36 African
1465 1870 161 42 descent,
1649 1870 73 42 but
1742 1871 112 41 made

330 1923 151 43 slavery
494 1924 146 42 forever
654 1926 221 44 impossible
888 1926 39 44 in
941 1926 67 44 the
1021 1928 113 42 great
1148 1925 189 45 Republic,
1353 1925 78 45 and
1444 1935 100 35 gave
1559 1936 26 34 a
1597 1936 79 34 new
1696 1925 158 45 impulse

330 1985 46 32 to
390 1983 66 34 the
469 1993 112 24 cause
595 1983 44 34 of
654 1983 146 34 human
816 1982 175 35 freedom.
1034 1981 59 36 Its
1107 1981 179 36 influence
1306 1991 104 32 upon
1425 1980 197 43 American
1637 1981 123 42 slaves
1778 1991 75 32 was

329 2040 218 36 immediate
561 2040 77 36 and
654 2039 224 44 startlingly
894 2037 301 46 revolutionary,
1206 2036 126 47 lifting
1345 2036 105 47 them
1463 2036 99 47 from
1576 2036 66 47 the
1655 2036 198 47 condition

330 2098 45 34 of
390 2097 169 45 despised
580 2097 177 45 chattels,
781 2094 155 48 bought
956 2093 77 49 and
1056 2092 85 50 sold
1161 2092 72 50 like
1254 2088 110 54 sheep
1384 2091 39 51 ill
1436 2091 67 51 the
1517 2092 160 50 market,
1695 2091 90 51 with
1800 2101 51 41 no

329 2153 125 44 rights
467 2153 117 44 which
599 2153 67 44 the
680 2151 114 46 white
807 2160 93 37 man
914 2159 78 38 was
1005 2147 133 50 bound
1152 2149 45 48 to
1217 2148 244 49 respect,—to
1482 2146 67 51 the
1568 2146 152 51 exalted
1740 2146 112 51 plane

329 2209 45 34 of
387 2209 198 37 American
598 2208 239 46 citizenship;
854 2208 112 46 made
978 2205 106 49 them
1099 2203 74 51 free
1186 2212 95 42 men,
1298 2201 66 53 the
1377 2211 104 43 peers
1496 2201 37 53 in
1548 2211 112 43 every
1673 2201 87 53 civil
1775 2201 77 53 and

329 2266 169 43 political
520 2267 116 43 right,
659 2267 45 43 of
718 2266 100 44 their
838 2266 81 44 late
939 2260 177 50 masters.
1158 2257 146 53 Within
1325 2256 124 54 about
1464 2265 24 45 a
1510 2256 137 54 decade
1669 2256 98 54 after
1786 2256 68 54 the

328 2321 99 34 close
442 2322 43 34 of
499 2321 66 36 the
585 2332 90 31 war,
698 2332 169 33 negroes,
892 2321 119 44 lately
1033 2319 135 46 slaves,
1192 2323 93 42 were
1310 2310 229 55 legislators,
1563 2313 105 52 state
1695 2311 154 54 officers,

328 2376 183 35 members
527 2377 43 34 of
585 2376 195 43 Congress,
799 2375 77 44 and
897 2376 60 43 for
978 2385 26 34 a
1023 2374 101 45 brief
1137 2372 94 47 time
1252 2379 72 40 one
1343 2366 171 53 presided
1530 2376 91 43 over
1634 2366 66 53 the
1715 2365 138 54 Senate

329 2430 45 35 of
381 2431 65 35 the
460 2430 135 37 United
611 2431 143 41 States,
770 2431 120 41 where
904 2429 92 43 only
1010 2440 26 32 a
1050 2429 67 43 few
1130 2436 113 36 years
1256 2423 137 49 before,
1410 2420 170 52 Toombs
1594 2420 78 52 had
1686 2420 165 52 boasted

327 2485 91 37 that
433 2486 46 36 he
492 2486 123 36 would
630 2489 67 39 yet
710 2486 73 42 call
797 2485 67 43 the
878 2485 72 43 roll
965 2484 44 44 of
1023 2483 60 45 his
1098 2482 125 46 slaves
1237 2480 39 48 in
1291 2478 67 50 the
1371 2476 118 52 shade
1503 2476 43 52 of
1562 2475 151 53 Bunker
1726 2475 89 53 Hill.

408 2541 181 43 "To-day
611 2542 151 42 slavery
784 2540 99 44 finds
904 2549 52 35 no
973 2538 201 46 advocate,
1192 2536 77 48 and
1283 2534 67 50 the
1363 2531 149 53 colored
1528 2540 85 44 race
1626 2530 39 54 in
1679 2530 172 54 America

325 2595 33 36 is
379 2596 157 43 making
556 2596 139 43 steady
715 2604 180 35 progress
915 2593 40 46 in
977 2592 51 47 all
1049 2592 67 47 the
1136 2591 177 48 elements
1330 2589 42 50 of
1388 2585 241 54 civilization.
1672 2585 79 54 The
1764 2595 87 44 con¬

325 2651 91 36 duct
438 2652 44 35 of
496 2652 67 35 the
582 2650 200 37 American
804 2649 106 38 slave
931 2647 148 41 during,
1104 2645 77 43 and
1203 2645 98 43 since
1321 2644 68 44 the
1408 2654 90 34 war,
1513 2642 73 46 has
1606 2640 178 48 wrought
1798 2651 52 37 an

322 2707 300 42 extraordinary
642 2706 148 43 change
809 2704 39 45 in
869 2702 126 47 public
1004 2701 228 56 ^sentiment,
1254 2699 206 58 regarding
1479 2698 67 59 the
1558 2695 238 62 capabilities
1812 2694 41 63 of

322 2762 68 34 the
403 2772 98 25 race.

404 2817 111 34 "The
529 2815 133 42 manly
677 2813 177 44 qualities
870 2811 44 46 of
928 2810 67 47 the
1014 2818 118 39 negro
1155 2808 168 49 soldiers,
1346 2808 151 49 evinced
1517 2808 40 49 in
1577 2818 124 39 camp,
1718 2817 48 40 on
1783 2806 67 51 the

320 2872 133 34 march
470 2871 76 35 and
561 2871 38 35 in
614 2869 138 41 battle,
775 2876 85 34 won
874 2865 61 45 for
948 2865 105 45 them
1074 2862 138 48 golden
1234 2863 188 47 opinions,
1438 2863 112 47 made
1569 2863 101 47 their
1682 2862 166 48 freedom

321 2936 28 26 a
361 2926 186 41 necessity
570 2923 78 44 and
669 2922 101 45 their
789 2918 219 49 citizenship
1030 2928 25 39 a
1075 2917 203 50 certainty.

401 2980 160 36 "Those
582 2978 44 38 of
642 2987 46 29 us
708 2976 86 40 who
816 2972 164 44 assisted
1001 2972 39 44 in
1062 2971 234 45 organizing,
1326 2971 238 45 disciplining
1590 2973 78 43 and
1693 2973 155 47 leading
