2213 3309
348 294 63 43 26

649 299 222 46 History
898 315 64 31 of
989 315 96 31 the
1111 303 166 43 Black
1303 302 251 44 Phalanx.

342 429 107 44 into
486 445 63 30 an
583 436 279 55 unrequited
897 436 234 55 bondage,
1168 435 84 56 the
1285 434 83 57 fire
1403 432 53 59 of
1492 432 74 59 his
1593 445 274 46 courage,—

344 495 92 44 like
452 499 115 42 that
593 501 53 42 of
667 502 138 42 other
838 515 131 30 races
1004 501 231 54 similarly
1270 499 226 56 situated,
1516 498 210 57 without
1744 500 127 55 hope

346 563 54 42 of
418 564 193 57 liberty;
633 568 204 53 doomed
862 571 57 50 to
945 566 406 55 toil,—slackened
1385 565 105 56 into
1527 577 65 44 an
1620 564 250 57 apathetic

344 632 143 52 $tate,
526 633 96 51 and
665 634 206 56 seeming
895 635 175 55 willing
1103 632 252 58 servitude,
1384 630 149 60 which
1566 630 243 60 produced
1838 642 33 48 a

342 697 296 56 resignation
663 702 56 51 to
746 701 99 52 fate
870 701 122 52 from
1021 698 128 55 1619
1184 700 56 53 to
1262 697 143 56 17T0,
1426 708 132 45 more
1575 695 126 60 thajn
1721 708 32 47 a
1771 708 101 47 cen¬

340 764 117 54 tury
483 766 95 52 and
607 778 31 40 a
662 766 111 52 half.
827 765 66 53 At
917 767 83 51 the
1025 766 149 52 latter
1201 764 127 54 date,
1349 762 75 56 for
1440 763 85 55 the
1541 762 109 56 first
1677 761 118 57 time
1821 761 51 57 in

340 829 83 42 the
444 830 192 56 .history
664 832 53 54 of
736 833 132 53 what
894 832 39 54 is
960 843 107 43 now
1091 831 84 55 the
1201 828 172 58 United
1401 828 179 58 States,
1601 828 85 58 the
1704 841 164 45 negro,

340 895 204 55 inspired
572 898 121 52 wtith
726 898 83 52 the
827 916 8 34 •
850 898 107 52 love
992 897 54 53 of
1073 897 187 53 liberty,
1291 895 155 55 aimed
1483 908 32 42 a
1551 895 125 55 blow
1704 897 58 53 at
1786 895 86 55 the

341 962 253 56 authority
619 964 115 54 that
767 963 106 55 held
908 963 99 55 him
1040 963 50 55 in
1124 962 236 56 bondage.
1416 960 58 58 In
1509 973 260 45 numerous
1804 961 67 57 in¬

340 1030 201 51 stances,
570 1029 131 52 when
726 1029 82 52 the
841 1028 197 53 Indians
1075 1028 229 53 attacked
1348 1028 83 53 the
1474 1027 143 54 white
1663 1028 205 56 settlers,

339 1094 311 54 particularly
683 1095 50 53 in
757 1095 83 53 the
866 1094 238 54 Northern
1122 1094 218 54 colonies,
1373 1106 200 43 negroes
1601 1106 118 43 were
1744 1107 127 42 sum¬

339 1160 172 41 moned
539 1161 95 41 and
668 1161 123 41 took
817 1162 115 53 part
965 1159 49 56 in
1031 1160 83 55 the
1149 1159 181 56 defense
1359 1160 53 55 of
1432 1160 84 55 the
1554 1161 313 54 settlements.

444 1225 59 37 As
537 1226 131 53 early
702 1238 55 41 as
793 1225 142 54 1652,
972 1226 83 53 the
1089 1225 174 54 militia
1289 1226 92 53 law
1410 1226 54 53 of
1485 1225 384 54 Massachusetts

338 1291 213 54 required
569 1304 210 42 negroes,
800 1290 280 56 Scotchmen
1098 1292 97 54 and
1214 1291 354 55 Indians,—the
1585 1293 284 53 indentured

339 1356 154 48 slaves
513 1356 52 48 of
586 1355 249 54 Cromwell,
855 1357 105 52 who
989 1358 313 51 encountered
1332 1359 73 50 his
1427 1372 139 42 army
1587 1361 55 53 at
1659 1359 84 55 the
1761 1360 109 54 bat¬

337 1422 67 41 tle
439 1422 53 42 of
519 1422 318 53 Dunbar,—to
871 1423 133 52 train
1037 1424 50 51 in
1120 1424 84 51 the
1248 1425 188 50 militia.
1493 1424 100 51 Nor
1618 1438 99 37 was
1744 1426 41 49 it
1804 1439 65 36 an

337 1500 288 34 uncommon
660 1501 270 33 occurrence
963 1489 74 45 for
1070 1489 132 45 them
1238 1493 57 41 to
1332 1492 58 42 be
1425 1492 325 42 manumitted
1794 1492 75 43 for

337 1554 303 43 meritorious
676 1555 95 42 and
815 1568 296 43 courageous
1149 1557 164 54 action
1356 1558 50 53 in
1452 1557 251 57 defending
1743 1558 126 56 their

337 1621 219 42 masters'
575 1620 209 54 families,
807 1621 130 53 often
954 1623 49 51 in
1020 1624 83 50 the
1125 1624 196 50 absence
1341 1624 53 50 of
1414 1624 84 50 the
1517 1627 197 50 master,
1734 1625 135 52 when

338 1687 227 42 attacked
583 1687 65 55 by
671 1688 84 54 the
780 1688 81 54 red
886 1702 108 40 men
1022 1689 54 53 of
1095 1690 83 52 the
1204 1690 179 52 woods.
1440 1690 50 52 It
1507 1703 101 39 was
1627 1693 92 49 not
1735 1691 134 51 infre¬

337 1755 147 52 quent
500 1756 56 51 to
575 1753 98 54 find
690 1751 82 56 the
789 1767 147 42 negro
956 1767 55 42 as
1039 1768 31 41 a
1096 1756 198 53 sentinel
1315 1758 56 51 at
1388 1756 84 53 the
1491 1757 378 56 meeting-house

337 1818 144 53 door;
511 1832 55 39 or
600 1819 189 55 serving
815 1833 54 41 as
897 1833 32 41 a
954 1821 247 53 barricade
1244 1822 75 52 for
1353 1822 84 52 the
1481 1825 226 49 master's
1734 1838 135 36 man¬

337 1884 118 42 sion.
510 1884 97 42 The
649 1884 172 43 Indian
863 1899 97 29 was
987 1899 132 30 more
1156 1887 52 42 of
1248 1900 30 29 a
1311 1890 158 41 terror
1513 1891 56 41 to
1615 1890 100 42 him
1742 1892 126 43 than

335 1950 83 41 the
460 1950 423 53 boa-constrictor;
920 1952 189 55 though
1144 1953 170 54 slaves,
1352 1955 117 54 they
1503 1955 134 54 knew
1673 1957 119 52 that
1834 1956 36 53 if

334 2016 231 53 captured
591 2016 65 54 by
688 2016 84 54 the
797 2016 195 54 Indians
1018 2018 125 52 their
1168 2019 100 51 fate
1292 2020 159 50 would
1478 2021 58 49 be
1553 2022 85 48 the
1657 2036 134 34 same
1810 2037 56 33 as

335 2081 115 41 that
469 2081 54 41 of
541 2081 83 42 the
640 2081 140 42 white
796 2095 137 40 man;
962 2085 339 53 consequently
1334 2086 117 54 they
1486 2087 178 55 fought
1698 2089 117 53 with
1834 2104 33 38 a

338 2146 301 54 desperation
657 2147 139 54 equal
813 2149 55 52 to
895 2148 114 53 that
1037 2148 53 53 of
1110 2149 82 52 the
1217 2150 179 53 whites,
1420 2152 198 55 against
1638 2154 84 53 the
1740 2168 126 39 com¬

335 2225 116 30 mon
492 2224 175 42 enemy.
723 2211 62 55 So
814 2214 302 52 accustomed
1144 2215 78 51 did
1250 2216 116 55 they
1393 2217 191 54 become
1602 2220 57 51 to
1679 2221 85 50 the
1781 2235 85 36 use

337 2278 53 41 of
411 2290 143 39 arms,
573 2278 115 51 that
707 2290 89 39 one
814 2278 53 51 of
886 2278 82 51 the
994 2279 106 50 first
1127 2282 104 47 acts
1251 2281 54 48 of
1324 2281 83 48 the
1427 2284 189 45 settlers
1639 2286 123 43 after
1781 2289 83 44 the

335 2343 196 42 Indians
548 2356 115 29 were
689 2343 162 42 driven
877 2344 122 42 from
1025 2345 82 42 the
1141 2345 162 54 forest,
1332 2360 98 39 was
1466 2351 57 48 to
1553 2351 182 48 disarm
1764 2357 99 43 and

334 2408 155 45 forbid
516 2421 195 43 negroes
745 2409 198 55 keeping
970 2423 55 41 or
1059 2410 232 57 handling
1324 2413 231 54 fire-arms
1586 2419 97 48 and
1711 2432 152 45 weap¬

334 2488 90 29 ons
452 2475 53 42 of
532 2487 139 41 every
705 2477 118 51 sort.
878 2475 113 53 This
1024 2489 98 39 was
1158 2477 123 51 done
1314 2478 124 50 from
1467 2493 31 35 a
1525 2495 133 33 sense
1678 2486 55 42 of
1762 2489 101 42 self-

333 2540 329 57 preservation
713 2540 95 57 and
859 2540 98 57 fear
1007 2542 115 55 that
1163 2544 83 53 the
1289 2558 198 42 negroes
1532 2550 159 56 might
1740 2554 120 54 (and

333 2619 150 42 many
508 2606 99 55 did)
649 2606 210 55 attempt
883 2608 56 53 to
959 2620 197 44 revenge
1189 2610 280 54 themselves
1505 2616 133 48 when
1684 2622 177 56 cruelly-

332 2673 203 52 treated,
558 2685 54 40 or
629 2671 90 54 rise
736 2671 49 54 in
802 2672 189 55 mutiny
1010 2675 95 52 and
1124 2689 238 38 massacre
1379 2680 83 47 the
1480 2682 180 45 whites.

433 2738 97 42 But
547 2738 41 42 it
604 2750 98 30 was
720 2740 90 40 not
827 2739 122 42 until
966 2739 144 55 1770,
1131 2743 130 51 when
1279 2746 83 48 the
1380 2747 158 47 fervor
1558 2751 54 43 of
1632 2753 226 46 rebellion

332 2805 99 43 had
456 2804 253 44 influenced
735 2804 83 44 the
843 2806 164 54 people
1034 2807 53 53 of
1106 2809 83 51 the
1206 2810 218 56 colonies,
1448 2816 96 50 and
1565 2816 136 57 Capt.
1725 2819 134 54 Pres¬

331 2873 104 51 ton,
465 2871 114 53 with
612 2870 83 54 the
728 2870 171 57 King's
935 2872 207 55 soldiers,
1174 2880 235 52 appeared
1437 2880 49 52 in
1513 2882 133 59 King
1683 2886 172 55 Street,

327 2937 208 53 Boston,
563 2939 55 51 to
647 2936 179 54 enforce
851 2937 82 53 the
959 2938 155 52 decree
1140 2941 55 49 of
1211 2945 83 45 the
1328 2944 181 46 British
1538 2950 315 54 Parliament,
