2200 3300
966 302 272 41 Appendix.

1756 297 98 43 523

341 437 82 26 was
445 429 161 38 ordered
624 434 47 33 to
692 432 138 36 Texas.
870 433 69 35 "We
960 432 205 36 embarked
1184 432 62 36 for
1265 430 125 38 Texas
1418 439 51 29 on
1495 429 67 39 the
1589 427 99 41 10th
1716 428 80 42 day
1817 429 44 41 of

341 481 103 37 June
463 484 119 45 1865,
612 487 174 44 arriving
813 490 46 41 at
886 488 145 43 Brazos
1059 488 45 43 de
1132 487 190 44 Santiago
1351 485 92 46 July
1464 483 83 48 3rd,
1577 483 117 48 1865.
1737 483 119 48 From

341 536 148 38 Brazos
503 551 54 24 we
569 542 181 35 marched
763 545 46 33 to
824 543 256 42 Brownsville,
1103 552 52 33 on
1167 542 67 43 the
1247 541 72 44 Eio
1334 539 162 46 Grande,
1512 538 119 47 where
1645 548 53 37 we
1710 539 148 46 contin¬

341 594 75 34 ued
430 596 100 34 until
546 597 159 35 ordered
719 600 45 33 to
780 598 203 43 Hartford,
999 598 129 43 Conn.,
1145 599 45 42 to
1211 597 48 44 be
1272 595 191 46 mustered
1479 595 82 46 out.
1606 593 57 48 On
1677 593 66 48 the
1757 594 99 47 26th

341 648 82 43 day
436 650 47 41 of
498 650 178 45 October,
693 653 116 44 1865,
827 664 52 33 we
898 654 67 43 left
985 651 246 46 Brownsville
1250 651 61 46 for
1330 649 204 48 Hartford,
1552 649 118 48 where
1683 648 66 49 the
1762 649 94 48 regi¬

340 707 109 33 ment
464 715 78 26 was
558 707 226 44 discharged
799 709 79 42 and
892 708 92 43 paid
999 718 51 33 on
1064 707 66 44 the
1144 706 98 45 25th
1258 706 77 45 day
1351 704 43 47 of
1410 703 225 48 November,
1651 703 116 48 1865.

423 760 114 36 "The
556 762 197 43 following
771 764 34 41 is
826 774 26 31 a
872 765 133 41 report
1025 762 46 44 of
1084 762 166 44 changes
1271 761 79 45 and
1376 759 207 47 casualties
1609 759 41 47 in
1670 758 68 48 the
1755 757 100 49 29th

340 815 203 44 Regiment
563 817 249 42 Connecticut
832 818 236 43 Volunteers,
1089 816 199 45 (colored),
1303 816 100 45 from
1419 815 92 46 date
1526 815 43 46 of
1585 813 271 48 organization

339 874 48 33 to
402 872 94 35 date
510 873 46 34 of
571 874 220 42 discharge:

422 950 100 35 Gain
536 951 52 42 by
603 952 160 41 recruits
1198 949 24 44 8
1239 948 155 45 officers,
1411 946 79 47 210
1505 945 160 48 enlisted
1678 954 97 39 men.

418 995 104 35 Loss
552 997 22 33 "
604 996 202 42 discharge
1198 993 25 45 5

463 1040 23 17 "
551 1040 23 17 "
605 1040 193 34 dismissal
1199 1036 24 38 1

462 1084 24 17 "
551 1084 24 17 "
604 1085 193 33 desertion
1195 1099 29 19 —

461 1127 26 18 "
528 1128 87 34 died
631 1129 44 34 of
690 1129 149 34 disease
1197 1124 25 39 1

463 1172 22 17 "
590 1173 23 17 "
690 1172 159 34 wounds
1198 1168 25 38 1

463 1211 23 22 u
527 1216 55 42 by
602 1217 114 41 killed
730 1217 40 41 in
785 1215 127 43 battle
1194 1231 29 27 —

402 1261 233 34 Promotion
649 1261 86 34 into
751 1260 112 35 other
878 1258 292 42 organizations
1199 1257 23 43 5

783 1303 119 34 Total
915 1302 93 43 gain
1197 1300 24 45 8

824 1347 23 17 "
928 1347 80 33 loss
1170 1344 50 36 13

421 1393 211 42 "Wounded,
650 1393 156 42 officers,
824 1391 42 44 6;
884 1401 96 34 men,
998 1389 89 46 102.
1131 1387 203 48 Captured,
1352 1387 135 48 officer,
1504 1385 44 50 1;
1564 1384 169 51 missing,
1743 1393 112 42 none.

423 1471 72 34 "It
508 1470 72 35 will
595 1470 47 35 be
655 1477 201 33 necessary
868 1470 47 40 to
929 1467 155 43 remark
1097 1467 87 43 here
1197 1465 94 45 that
1303 1464 95 46 fully
1411 1474 73 36 one
1497 1462 173 48 hundred
1689 1471 68 39 per
1769 1462 88 48 cent

343 1526 44 35 of
397 1537 71 24 our
483 1525 212 36 desertions
711 1524 179 37 occurred
898 1522 106 39 while
1019 1524 45 37 at
1078 1521 85 40 New
1172 1520 149 41 Haven,
1332 1519 78 42 and
1425 1518 139 43 during
1577 1518 67 43 the
1659 1516 199 45 organiza¬

341 1582 87 34 tion
442 1581 46 35 of
501 1581 68 35 the
582 1580 187 42 regiment
783 1589 94 33 very
889 1578 69 44 few
971 1577 212 45 desertions
1198 1574 179 48 occurred
1391 1573 100 49 after
1505 1583 52 39 we
1569 1573 69 49 left
1651 1573 66 49 the
1730 1571 125 51 State.

342 1637 80 35 Our
444 1636 106 36 total
578 1635 44 37 of
645 1634 112 38 killed
785 1633 79 39 and
886 1617 185 55 wtmnded
1092 1629 280 43 was—enlisted
1392 1639 96 33 men,
1513 1628 95 44 123;
1639 1628 156 44 officers,
1819 1627 36 45 6.

343 1692 80 34 The
436 1692 127 34 officer
576 1690 85 36 who
676 1699 79 27 was
775 1686 188 46 captured
982 1686 222 46 eventually
1217 1684 179 48 re-joined
1416 1694 58 38 us.
1517 1683 81 49 The
1611 1683 145 49 officers
1776 1682 83 50 lost

342 1748 53 42 by
415 1746 226 45 promotion
662 1745 85 46 into
764 1743 112 48 other
891 1742 292 49 organizations
1198 1737 530 54 were—Lieutenant-Colonel
1751 1736 50 55 H.
1817 1735 38 56 C.

341 1803 131 42 "Ward,
488 1800 207 45 promoted
709 1802 46 43 to
769 1799 48 46 be
825 1798 146 47 colonel
986 1797 44 48 of
1038 1797 68 48 the
1112 1796 93 49 31st
1218 1795 139 50 United
1371 1794 133 51 States
1511 1792 160 53 Colored
1685 1792 170 53 Troops;

342 1858 127 43 Major
483 1858 43 43 F.
542 1856 184 45 E.Camp,
743 1853 207 48 promoted
963 1855 46 46 to
1024 1852 47 49 be
1084 1850 374 51 lieutenant-colonel
1473 1849 44 52 of
1525 1849 67 52 the
1606 1848 98 53 29th
1717 1846 140 55 United

342 1913 134 36 States
490 1912 159 37 Colored
670 1911 172 42 Troops;
865 1908 166 45 Captain
1045 1907 44 46 E.
1104 1906 59 47 "W.
1179 1906 143 47 Bacon,
1338 1904 207 49 promoted
1558 1907 46 46 to
1618 1903 48 50 be
1678 1902 127 51 major
1818 1901 45 52 of

341 1970 68 34 the
430 1968 125 36 117th
575 1966 141 38 United
737 1965 133 39 States
884 1963 160 41 Colored
1065 1962 169 42 Troops;
1257 1961 201 43 Assistant
1479 1959 171 45 Surgeon
1665 1955 189 49 Crandall,

342 2023 207 46 promoted
569 2025 45 44 to
629 2022 47 47 be
691 2030 167 39 surgeon
874 2019 43 50 of
932 2019 66 50 the
1013 2018 78 51 33d
1112 2016 140 53 United
1273 2015 132 54 States
1420 2014 158 55 Colored
1600 2013 168 56 Troops;
1791 2012 66 57 1st

342 2080 235 34 Lieutenant
598 2077 49 37 H.
672 2077 50 37 H.
745 2076 150 39 Brown,
918 2073 206 44 promoted
1151 2074 45 43 to
1219 2072 46 45 be
1286 2070 160 47 captain
1467 2069 44 48 of
1532 2069 67 48 the
1626 2067 65 50 1st
1717 2067 140 50 United

343 2135 132 35 States
490 2133 160 37 Colored
664 2132 172 42 Troops;
860 2130 51 44 2d
926 2129 232 45 Lieutenant
1172 2126 166 48 Edward
1353 2125 82 49 Coe,
1453 2123 204 51 promoted
1671 2124 45 50 to
1730 2122 47 52 be
1791 2122 67 52 1st

342 2191 214 35 lieutenant
570 2188 79 38 and
664 2187 187 43 adjutant
866 2185 44 45 of
925 2186 66 44 the
1006 2184 97 46 27th
1118 2182 140 48 United
1273 2181 132 49 States
1420 2178 157 52 Colored
1592 2177 163 53 Troops.

426 2245 136 34 "Thus
583 2244 100 35 have
704 2242 19 37 I
744 2240 219 44 attempted
984 2243 45 41 to
1050 2241 108 43 trace
1178 2238 67 46 the
1265 2236 151 48 history
1439 2233 43 51 of
1497 2233 79 51 this
1596 2232 198 52 regiment.
1836 2230 21 54 I

343 2302 101 35 have
458 2301 99 36 done
570 2300 80 37 this
665 2298 92 39 with
773 2307 105 30 some
894 2296 131 42 degree
1040 2294 43 44 of
1100 2293 243 45 minuteness,
1361 2289 125 49 owing
1505 2290 45 48 to
1565 2288 67 50 the
1651 2287 80 51 fact
1751 2286 103 52 that,

343 2367 47 25 as
405 2367 52 25 we
471 2366 93 26 were
578 2353 221 39 considered
815 2363 25 29 a
860 2350 139 42 United
1021 2349 131 43 States
1168 2345 270 47 organization
1460 2344 72 48 less
1546 2353 72 39 can
1640 2342 46 50 be
1705 2340 152 52 learned

342 2412 231 43 concerning
585 2421 47 34 us
646 2410 100 45 from
760 2408 67 47 the
841 2408 151 47 reports
1001 2404 43 51 of
1053 2404 66 51 the
1134 2398 353 57 adjutant-general
1501 2397 45 58 of
1553 2397 67 58 the
1633 2396 112 59 State
1758 2395 99 60 than

344 2467 229 43 concerning
581 2476 78 34 any
668 2465 112 45 other
789 2460 245 50 Connecticut
1049 2456 282 54 organization,
1375 2454 86 56 And
1476 2463 44 47 as
1527 2452 66 58 the
1601 2451 257 59 employment

343 2524 47 35 of
405 2522 154 37 colored
573 2524 140 39 troops
728 2527 80 36 was
823 2518 46 45 at
881 2516 86 47 first
980 2513 99 50 tried
1096 2522 44 41 as
1155 2522 25 41 a
1194 2510 127 53 grand
1335 2508 242 55 experiment,
1592 2506 68 57 the
1672 2504 133 59 people
1818 2503 46 60 of

343 2578 251 40 Connecticut
608 2585 93 33 may
714 2574 47 44 be
770 2571 170 47 desirous
954 2571 45 47 to
1014 2568 112 50 know
1141 2567 85 51 how
1240 2565 71 53 far,
1327 2564 39 54 in
1381 2563 66 55 the
1454 2571 87 47 case
1549 2560 43 58 of
1601 2559 98 59 their
1706 2557 152 61 colored

345 2634 200 43 regiment,
566 2631 96 46 that
682 2626 234 51 experiment
936 2623 72 54 has
1029 2622 92 55 been
1142 2619 209 58 successful.
1394 2617 157 60 Justice,
1574 2617 83 60 too,
1673 2612 185 65 demands

344 2691 97 35 that
461 2689 114 37 those
589 2685 86 41 who
698 2692 65 34 are
783 2681 67 45 the
871 2679 107 47 most
997 2676 219 50 competent
1232 2672 289 54 judges—those
1541 2669 86 57 who
1647 2668 99 58 have
1765 2667 93 59 been

346 2745 94 36 with
460 2744 68 37 the
548 2738 155 43 colored
730 2738 140 43 troops
890 2742 53 39 on
964 2731 66 50 the
1050 2729 130 52 march
1202 2728 79 53 and
1302 2728 39 53 in
1362 2727 67 54 the
1447 2722 304 59 battle—should
1771 2722 89 59 give

346 2800 102 37 their
468 2796 215 41 testimony
703 2794 46 43 to
770 2790 67 47 the
857 2786 154 51 loyalty
1031 2784 78 53 and
1130 2783 112 54 valor
1264 2781 43 56 of
1321 2781 80 56 this
1423 2778 171 59 despised
1613 2787 97 50 race.
1753 2775 106 62 They

345 2856 103 35 went
461 2851 108 40 forth
590 2852 45 39 to
651 2846 101 45 fight
771 2844 67 47 the
849 2840 148 51 battles
1011 2839 45 52 of
1070 2838 68 53 the
1151 2837 124 54 Union
1290 2836 105 55 when
1409 2835 107 56 there
1529 2842 79 49 was
1621 2840 112 51 every
1746 2830 115 61 thing

344 2914 50 32 to
404 2910 227 37 discourage
638 2911 93 36 even
738 2899 67 48 the
818 2896 170 51 bravest.
1032 2892 104 55 Both
1152 2892 143 55 officers
1304 2889 78 58 and
1396 2899 84 48 men
1494 2888 117 59 knew,
1620 2886 93 61 that
1720 2883 139 64 should

347 2966 97 41 they
455 2969 137 38 escape
605 2955 119 52 death
747 2963 53 44 on
819 2951 68 56 the
906 2946 225 61 battle-field
1152 2955 26 52 a
1197 2945 79 62 fate
1291 2943 164 64 awaited
1474 2942 118 65 them,
1613 2940 32 67 if
1660 2937 198 70 captured,

1412 990 78 35 121

1410 1079 77 33 103

1410 1123 78 34 153

1438 1166 51 34 21

1437 1210 54 34 24

1410 1299 78 33 210

1408 1342 79 34 422
