2200 3300
366 309 99 43 342

674 311 221 43 History
922 323 63 31 of
1012 322 96 32 the
1134 310 165 44 Black
1324 308 255 46 Phalanx.

365 442 104 43 high.
514 442 118 43 When
653 454 51 31 we
724 444 86 41 first
823 443 151 42 entered
987 442 66 43 the
1066 441 131 44 prison
1212 440 66 45 the
1291 438 131 47 ration
1436 446 79 39 was
1536 434 74 51 fair
1629 433 40 52 in
1692 429 198 56 quantity.

366 497 67 34 We
453 498 78 33 had
554 498 98 33 from
673 498 133 34 twelve
825 499 45 33 to
892 497 144 35 sixteen
1057 504 137 28 ounces
1216 494 43 38 of
1274 491 235 41 corn-bread,
1527 488 78 44 and
1625 487 99 45 from
1744 487 79 45 two
1844 486 48 46 to

365 553 88 33 four
473 562 136 25 ounces
632 552 43 35 of
691 552 83 35 beef
791 562 45 25 or
857 561 26 26 a
902 561 71 32 cup
996 550 43 43 of
1054 558 196 35 pea-soup,
1272 547 74 46 but
1366 555 111 38 never
1498 543 83 50 beef
1599 541 79 52 and
1699 549 97 44 soup
1824 539 68 54 th®

365 618 107 23 same
487 608 88 41 day.
619 606 107 43 True,
745 606 65 43 the
832 615 97 34 soup
950 603 125 46 would
1096 603 99 46 have
1209 612 52 37 an
1275 600 224 49 abundance
1513 598 45 51 of
1573 605 139 44 worms
1726 594 166 55 floating

365 663 127 33 about
512 663 40 33 in
571 662 43 41 it,
637 662 72 41 but
731 660 106 43 these
859 669 51 34 we
931 658 124 45 would
1077 657 97 46 skim
1196 655 62 48 off,
1282 655 77 48 and
1379 654 133 49 trying
1532 654 45 49 to
1598 651 127 52 forget
1745 659 53 44 we
1811 648 79 55 had

365 728 87 23 seen
464 718 116 41 them,
597 719 65 40 eat
676 716 91 43 with
791 725 25 34 a
836 713 123 46 relish.
1003 712 158 47 Hunger
1180 710 74 49 will
1275 709 103 50 drive
1400 718 71 41 one
1492 710 45 49 to
1560 708 66 51 eat
1640 706 145 53 almost
1799 714 92 45 any¬

364 772 125 42 thing,
506 782 44 32 as
565 782 52 32 we
630 770 151 44 learned
797 769 99 45 from
911 768 119 46 bitter
1043 765 222 49 experience.
1307 763 134 51 About
1460 762 67 52 the
1540 761 66 53 1st
1621 761 44 53 of
1678 760 213 54 November

365 827 68 33 the
452 829 99 39 fcoup
572 826 78 42 and
671 825 82 43 beef
770 823 132 45 ration
924 822 124 46 began
1068 823 45 45 to
1136 820 182 48 decrease,
1335 818 78 50 and
1427 818 99 50 from
1540 817 66 51 the
1620 816 138 52 middle
1773 816 43 52 of
1824 816 66 52 the

365 881 139 33 month
532 883 44 31 to
603 880 67 34 the
697 879 97 35 20th
817 878 41 36 of
877 877 209 40 February,
1102 875 106 42 when
1229 873 19 44 I
1269 884 78 33 was
1367 873 169 44 paroled,
1560 874 73 43 not
1654 882 25 35 a
1699 872 131 45 ration
1852 871 42 46 of

366 935 107 34 meat
487 945 45 24 or
547 945 96 31 soup
659 944 76 32 was
750 932 136 44 issued.
931 930 172 46 Nothing
1123 930 73 46 but
1209 928 236 48 corn-bread,
1461 928 112 48 made
1593 928 98 48 from
1706 927 183 49 unbolted

365 990 111 41 meal,
501 989 77 42 and
600 991 126 40 water,
745 987 77 44 and
843 987 93 44 that
956 985 175 46 growing
1150 985 73 46 less
1245 984 76 47 and
1342 984 85 47 less.
1470 983 222 48 Sometimes
1718 982 20 49 I
1766 982 122 49 would

364 1044 128 33 divide
506 1054 65 31 my
584 1043 132 42 ration
730 1042 84 43 into
830 1042 106 43 three
950 1043 112 42 parts
1078 1040 77 45 and
1170 1040 146 45 resolve
1329 1041 44 44 to
1389 1038 112 47 make
1514 1039 33 46 it
1560 1039 79 46 last
1653 1038 52 47 all
1720 1038 87 47 day,
1817 1038 72 47 but

364 1098 220 41 invariably
611 1098 33 41 it
672 1094 124 45 would
823 1096 47 43 be
897 1106 100 33 gone
1025 1095 126 44 before
1177 1105 117 34 noon,
1338 1093 196 46 Generally
1553 1093 20 46 I
1594 1093 124 46 would
1738 1096 66 43 eat
1823 1094 66 45 the

364 1153 122 33 whole
499 1152 132 34 ration
645 1154 45 32 at
705 1161 101 32 once,
829 1151 74 42 but
922 1151 94 42 that
1038 1150 64 43 did
1123 1152 74 41 not
1217 1150 138 43 satisfy
1375 1160 66 33 my
1454 1149 156 44 hunger,
1627 1149 77 44 and
1718 1148 19 45 I
1751 1148 78 45 had
1842 1151 46 42 to

363 1217 56 32 go
441 1207 164 42 without
626 1216 25 33 a
672 1207 130 42 crumb
823 1206 60 43 for
904 1206 66 43 the
991 1208 92 41 nfext
1097 1205 245 44 twenty-four
1355 1205 130 44 hours.
1527 1205 57 44 To
1598 1204 192 45 illustrate
1802 1204 86 45 how

363 1262 236 42 inadequate
619 1262 66 42 the
705 1261 132 43 ration
858 1271 89 33 was,
970 1261 20 43 I
1011 1271 72 33 can
1105 1271 72 33 say
1197 1261 94 43 that
1310 1260 19 44 I
1349 1260 99 44 have
1469 1270 84 34 seen
1575 1260 142 44 officers
1737 1259 151 46 picking

366 1316 324 43 potato-peelings
705 1316 98 43 from
818 1316 66 43 the
897 1316 107 43 large
1020 1316 207 43 spittoons,
1245 1316 117 43 where
1375 1315 92 44 they
1482 1325 91 34 were
1587 1315 164 44 soaking
1770 1314 39 45 in
1829 1316 59 43 to¬

365 1372 119 33 bacco
501 1371 141 43 spittle,
659 1372 104 42 wash
778 1371 105 43 them
899 1371 55 43 off
972 1370 77 44 and
1064 1373 66 41 eat
1144 1371 116 43 them.

449 1426 117 34 "'We
593 1426 79 34 had
700 1437 51 23 an
780 1426 223 34 abundance
1033 1426 43 34 of
1092 1426 116 43 good,
1231 1436 93 33 pure
1343 1427 129 42 water,
1494 1424 118 45 which
1632 1435 78 34 was
1732 1435 25 34 a
1777 1426 111 43 great

365 1481 178 43 blessing.
587 1481 104 43 Pails
706 1491 91 33 were
818 1481 202 43 furnished,
1040 1482 78 42 and
1140 1481 104 43 when
1258 1481 73 43 five
1345 1491 45 33 or
1403 1480 58 44 six
1475 1490 84 34 men
1574 1490 92 34 were
1678 1479 129 45 ready,
1822 1480 66 44 the

366 1539 134 39 sentry
514 1536 124 42 would
658 1536 73 42 call
751 1537 67 41 the
838 1537 178 42 corporal
1040 1537 43 42 of
1098 1537 66 42 the
1177 1536 136 43 guard,
1330 1536 84 43 who
1429 1535 124 44 would
1568 1534 90 45 send
1674 1545 24 34 a
1711 1534 124 45 guard
1850 1534 43 45 of

365 1592 102 34 from
481 1592 86 34 four
580 1593 44 33 to
640 1592 58 34 six
714 1592 90 34 with
826 1602 45 24 us
892 1595 45 31 to
959 1592 66 34 the
1045 1592 110 42 river,
1173 1592 124 42 about
1316 1593 78 41 two
1409 1589 171 45 hundred
1593 1590 117 44 yards
1725 1589 162 45 distant.

367 1647 120 34 Twice
501 1657 26 24 a
540 1646 79 42 day
634 1657 51 31 an
707 1647 125 41 officer
853 1647 125 41 would
999 1657 106 31 come
1123 1648 40 40 in
1186 1647 78 41 and
1283 1646 73 42 call
1375 1646 66 42 the
1461 1646 90 42 roll;
1572 1645 94 43 that
1684 1644 33 44 is
1730 1645 97 43 form
1842 1654 46 34 us

365 1702 88 34 into
467 1702 86 34 four
566 1702 118 34 ranks
701 1702 78 34 and
793 1704 119 32 count
926 1702 66 34 the
1006 1703 90 34 files.
1137 1701 39 36 If
1193 1712 77 31 any
1290 1701 79 42 had
1389 1701 169 43 escaped,
1573 1700 34 44 it
1620 1710 79 34 was
1712 1699 176 45 essential

366 1757 96 34 that
474 1757 65 34 the
554 1756 158 35 number
727 1757 136 34 should
886 1756 46 35 be
952 1757 93 43 kept
1065 1757 105 43 good
1191 1757 60 43 for
1271 1766 105 34 some
1397 1756 107 44 days,
1519 1757 46 43 to
1580 1755 132 45 enable
1725 1754 103 46 them
1842 1757 44 43 to

365 1814 69 40 get
448 1822 26 32 a
487 1812 105 42 good
607 1814 115 40 start,
740 1812 78 42 and
832 1812 60 42 for
905 1812 79 42 this
1004 1822 166 32 purpose
1190 1811 158 43 various
1369 1821 130 33 means
1514 1820 91 34 were
1619 1810 102 44 used.
1765 1809 123 45 Some,

366 1867 114 34 times
495 1877 71 24 one
580 1867 44 34 of
633 1867 66 34 the
712 1877 86 24 rear
812 1867 109 42 rank,
939 1866 98 43 after
1050 1867 113 42 being
1176 1866 175 43 counted,
1368 1865 124 44 would
1506 1865 99 44 glide
1620 1865 118 44 along
1750 1874 137 35 unseen

367 1924 46 32 to
433 1922 67 35 the
519 1922 67 35 left
607 1922 44 35 of
666 1922 66 35 the
751 1922 74 35 line
846 1922 77 35 and
943 1922 48 35 be
1010 1921 216 36 recounted.
1268 1921 33 36 A
1321 1921 86 36 hole
1433 1929 79 28 was
1539 1922 66 35 cut
1625 1920 40 37 in
1685 1920 66 37 the
1770 1929 118 32 upper

366 1977 111 42 floor,
489 1976 77 43 and
580 1977 106 42 while
699 1977 67 42 the
781 1977 124 42 officer
919 1987 78 32 was
1011 1976 119 43 going
1144 1987 51 32 up
1204 1976 128 43 stairs,
1342 1986 105 33 some
1460 1975 125 44 would
1593 1975 110 44 climb
1717 1973 168 46 through

365 2032 68 33 the
447 2031 86 34 hole
547 2032 77 33 and
638 2032 47 33 be
699 2032 164 34 counted
877 2031 91 39 with
982 2032 113 38 those
1110 2042 49 28 on
1175 2032 66 38 the
1254 2030 104 40 third
1373 2030 109 40 floor.
1511 2029 92 41 This
1617 2028 152 42 created
1783 2038 104 32 some

365 2086 211 42 confusion,
595 2096 44 32 as
652 2086 67 42 the
733 2087 158 41 number
905 2087 125 41 would
1045 2086 257 42 occasionally
1316 2095 174 33 overrun.

449 2141 83 33 "As
546 2141 66 34 the
633 2151 138 24 season
793 2142 196 33 advanced
1010 2152 53 23 we
1084 2141 156 34 suffered
1261 2150 106 25 more
1388 2139 76 36 and
1480 2149 105 26 more
1598 2138 98 37 from
1710 2138 66 37 the
1789 2137 96 43 cold,

365 2194 62 34 for
433 2195 127 42 "being
580 2196 184 41 captured
784 2196 39 41 in
845 2195 218 43 September
1084 2206 71 32 our
1175 2195 173 43 clothing
1366 2205 79 33 was
1466 2196 73 42 not
1553 2193 184 45 sufficient
1749 2193 59 45 for
1821 2192 65 46 De¬

364 2249 148 34 cember
527 2250 77 33 and
619 2249 188 42 January.
850 2250 98 41 Yery
969 2251 66 40 few
1055 2250 79 41 had
1154 2250 189 41 blankets,
1361 2249 77 42 and
1458 2249 67 42 the
1544 2248 100 43 rebel
1658 2248 228 43 authorities

366 2314 114 23 never
499 2304 126 33 issued
644 2304 119 35 either
782 2305 178 34 blankets
983 2315 44 24 or
1047 2305 172 41 clothing
1240 2305 43 41 of
1306 2314 78 32 any
1403 2303 104 43 kind.
1552 2303 78 43 The
1649 2303 177 43 windows
1848 2302 42 44 of

364 2358 69 33 the
452 2358 113 33 lower
585 2368 131 24 rooms
737 2369 92 23 were
849 2359 165 34 without
1040 2360 116 41 glass,
1180 2358 78 43 and
1286 2359 91 42 only
1403 2358 67 43 the
1496 2358 113 43 lower
1635 2358 86 43 half
1736 2358 44 43 of
1794 2358 90 43 each

364 2412 175 35 boarded
559 2423 69 32 up;
651 2413 66 42 the
738 2413 97 42 wind
856 2414 124 41 would
1000 2414 146 41 whistle
1165 2413 171 42 through
1364 2413 65 42 the
1456 2413 106 42 large
1591 2413 194 42 openings,
1808 2413 77 42 and

365 2467 175 42 drawing
552 2477 51 32 up
617 2467 171 42 through
802 2468 66 41 the
883 2478 97 32 open
993 2468 109 42 floor,
1125 2478 105 32 upon
1250 2467 118 43 which
1389 2476 53 34 we
1462 2466 79 44 had
1561 2469 45 41 to
1628 2467 47 43 lie
1695 2470 46 40 at
1761 2468 123 42 night,

365 2521 127 34 would
511 2521 145 34 almost
675 2521 113 34 freeze
808 2532 56 23 us.
906 2522 21 33 I
945 2523 134 41 finally
1098 2521 197 43 succeeded
1314 2521 41 43 in
1375 2521 162 43 trading
1555 2532 67 32 my
1641 2523 126 41 watch
1794 2523 90 41 with

366 2586 74 24 one
461 2574 43 36 of
518 2575 67 35 the
604 2576 125 41 guard
749 2576 59 41 for
829 2587 51 30 an
902 2577 64 40 old
988 2577 183 42 bed-quilt
1192 2576 78 43 and
1296 2577 145 42 twenty
1469 2575 145 44 dollars
1642 2576 246 43 Confederate

363 2640 153 31 money.
559 2629 78 42 The
657 2640 137 31 money
814 2640 106 31 came
939 2631 39 40 in
998 2641 92 31 very
1111 2630 105 42 good
1235 2630 103 42 time,
1355 2630 59 42 for
1434 2629 19 43 I
1466 2630 93 42 then
1573 2631 80 41 had
1666 2632 67 40 the
1747 2642 138 32 scurvy

365 2695 46 24 so
425 2684 118 41 badly
558 2684 93 41 that
664 2694 65 31 my
742 2686 155 41 tongue,
913 2685 72 42 lips
1000 2685 78 42 and
1091 2695 111 32 gums
1223 2694 92 33 were
1329 2694 43 33 so
1388 2685 151 42 swollen
1553 2685 93 42 that
1659 2686 53 41 by
1726 2687 162 43 evening

364 2739 22 34 I
398 2738 113 35 could
526 2738 163 41 scarcely
704 2738 128 41 speak.
873 2738 46 41 In
932 2739 66 40 the
1012 2739 177 42 morning
1208 2739 67 42 the
1295 2738 165 43 swelling
1479 2739 126 42 would
1626 2743 73 38 not
1719 2741 47 40 be
1780 2743 107 41 quite

365 2804 46 24 so
425 2793 91 42 bad,
533 2791 78 44 and
623 2792 54 43 by
691 2792 164 43 soaking
874 2793 66 42 the
959 2793 223 42 corn-bread
1202 2793 39 42 in
1261 2795 129 40 water,
1406 2792 112 43 could
1539 2804 166 33 manage
1717 2798 46 39 to
1779 2797 106 40 swal¬

362 2849 78 33 low
453 2858 26 24 a
492 2847 110 35 little.
644 2845 79 37 The
743 2856 173 32 surgeon,
932 2847 84 41 who
1037 2847 137 41 visited
1194 2844 66 44 the
1280 2847 131 43 prison
1431 2856 114 34 every
1565 2848 90 42 day,
1671 2851 213 39 cauterized

364 2913 69 31 my
446 2901 148 43 mouth,
610 2900 73 44 but
695 2900 34 44 it
742 2900 203 44 continued
965 2903 45 41 to
1031 2911 105 33 grow
1149 2911 128 33 worse,
1293 2901 99 43 until
1413 2901 45 43 at
1478 2901 81 43 last
1570 2902 20 42 I
1603 2904 113 40 could
1730 2908 74 36 not
1817 2908 67 36 eat

364 2957 71 34 the
445 2966 134 25 coarse
590 2954 130 37 bread.
761 2953 223 38 Sometimes
1003 2955 21 36 I
1037 2955 124 36 would
1180 2956 101 35 have
1299 2965 27 26 a
1343 2955 142 36 chance
1502 2958 47 33 to
1569 2957 67 34 sell
1654 2957 36 35 it
1708 2958 63 35 for
1781 2959 103 36 from
