2200 3300
349 309 97 43 508
644 309 221 44 History
891 322 64 32 of
981 323 96 32 the
1102 312 164 44 Black
1291 312 251 44 Phalanx.

915 1003 287 45 CHAPTER
1243 1003 65 46 II.

714 1126 354 37 BENEVOLENCE
1089 1126 98 37 AND
1208 1125 295 38 FRUGALITY.

455 1236 98 43 The
586 1248 147 44 negro
767 1239 172 53 troops
981 1246 123 46 gave
1146 1235 206 57 striking
1392 1234 212 58 evidence
1646 1233 53 59 of
1727 1234 120 58 both

354 1303 306 43 benevolence
684 1303 99 43 and
808 1303 231 54 frugality
1063 1302 115 55 with
1202 1302 83 55 the
1311 1314 170 43 money
1497 1301 115 56 they
1628 1299 217 58 received.

355 1370 132 54 They
504 1370 172 54 needed
694 1370 90 54 but
808 1371 56 53 to
891 1369 57 55 be
973 1369 164 55 shown
1155 1381 63 43 an
1237 1367 317 57 opportunity
1570 1369 56 55 to
1645 1366 205 58 contrib¬

355 1439 83 40 ute
462 1439 56 40 to
546 1448 131 31 some
704 1435 166 55 object,
891 1435 131 55 when
1046 1435 115 55 they
1196 1434 188 56 quickly
1416 1432 274 58 responded.
1743 1432 106 58 Fre¬

357 1502 210 56 quently,
594 1504 105 54 too,
727 1502 115 56 they
866 1501 70 57 fell
965 1514 115 44 easy
1105 1501 187 57 victims
1317 1503 56 55 to
1407 1497 82 61 the
1522 1499 155 59 crafty
1711 1512 137 46 camp

356 1569 238 43 bummers
613 1568 96 44 and
727 1568 308 56 speculators,
1047 1568 104 56 who
1170 1580 114 44 were
1301 1580 106 44 ever
1424 1566 247 58 collecting
1686 1578 162 46 means

355 1637 76 41 for
463 1648 133 32 some
628 1635 263 45 charitable
925 1633 155 56 object
1112 1634 74 55 for
1209 1634 84 55 the
1318 1633 171 56 benefit
1514 1632 56 57 of
1596 1632 83 57 the
1703 1644 145 45 negro

356 1715 121 30 race.
530 1702 243 51 However,
800 1701 107 52 here
932 1701 41 52 it
997 1699 90 54 will
1112 1700 58 53 be
1196 1712 31 41 a
1251 1699 214 55 pleasing
1491 1699 121 55 duty
1637 1700 56 54 to
1712 1710 138 44 name

357 1782 132 29 some
507 1769 54 42 of
579 1769 83 42 the
678 1780 131 31 more
834 1766 311 55 conspicuous
1162 1766 236 55 instances
1415 1765 149 56 where
1580 1763 123 58 their
1721 1762 129 59 char¬

356 1835 74 55 ity
448 1848 97 42 was
563 1835 100 55 well
680 1834 95 56 and
794 1833 147 57 nobly
967 1831 249 59 bestowed.
1268 1832 65 58 At
1358 1831 82 59 the
1458 1843 130 47 same
1604 1829 116 61 time
1735 1828 115 62 they

356 1899 246 57 deposited
630 1913 32 43 a
686 1901 115 55 vast
827 1900 260 56 aggregate
1121 1910 104 46 sum
1253 1897 53 59 of
1326 1896 195 60 sayings
1555 1896 49 60 in
1638 1895 212 61 different

356 1968 155 42 banks
530 1965 285 45 established
833 1965 73 45 for
924 1964 97 46 this
1039 1976 217 42 purpose.

456 2032 98 42 The
581 2032 128 42 62nd
734 2030 247 55 Regiment
1007 2028 301 57 contributed
1341 2028 57 57 to
1433 2040 32 45 a
1499 2025 352 60 commendable

356 2098 181 55 project
570 2100 172 53 gotten
767 2109 65 44 up
857 2096 66 57 by
948 2095 64 58 its
1040 2094 191 59 officers,
1260 2094 104 59 who
1390 2103 136 50 gave,
1554 2092 292 61 themselves,

356 2163 276 53 $1,034.60,
668 2163 83 53 the
783 2161 229 55 regiment
1045 2160 165 56 giving
1252 2158 273 58 $3,966.50.
1579 2157 131 59 With
1751 2157 98 59 this

356 2242 173 41 money
552 2229 84 54 the
660 2227 230 56 founding
915 2227 54 56 of
990 2239 31 44 a
1046 2226 163 57 school
1238 2238 93 45 was
1358 2223 308 60 commenced,
1702 2223 147 60 which

355 2295 273 54 eventually
653 2294 188 55 became
858 2305 41 44 n
924 2292 171 57 college
1120 2292 172 57 known
1318 2298 54 51 as
1397 2290 83 59 the
1498 2289 195 60 Lincoln
1711 2288 139 61 Insti¬

354 2363 122 50 tute,
513 2359 212 54 situated
760 2361 56 52 at
849 2356 229 57 Jefferson
1112 2356 118 57 City,
1267 2356 94 57 Mo.
1415 2355 71 58 To
1520 2355 99 58 this
1661 2367 106 46 sum
1802 2353 51 60 of

356 2426 276 53 $5,001.10,
677 2425 82 54 the
803 2424 119 55 65th
956 2422 245 57 Regiment
1235 2421 300 58 contributed
1572 2419 274 60 $1,379.50,

354 2491 215 55 through
594 2491 84 55 the
701 2490 163 56 efforts
891 2488 55 58 of
963 2488 124 58 their
1112 2488 192 58 officers.
1357 2486 99 60 The
1481 2500 104 46 sum
1614 2498 96 48 was
1728 2498 123 48 soon

355 2556 238 43 increased
618 2558 57 41 to
702 2554 224 52 $20,000,
949 2554 95 52 and
1070 2553 82 53 the
1178 2553 228 53 Institute
1431 2552 171 54 stands
1627 2551 173 55 to-day
1819 2564 31 42 a

355 2623 280 42 monument
651 2624 56 41 to
724 2620 83 45 the
826 2619 127 46 62nd
972 2619 97 46 and
1088 2619 119 46 65th
1226 2618 220 47 Phalanx
1462 2617 286 55 Regiments.

456 2687 245 43 Professor
734 2684 184 53 Foster,
955 2685 49 52 in
1045 2684 73 53 his
1160 2683 188 54 history
1382 2683 54 54 of
1470 2683 99 54 this
1603 2682 243 55 Institute,

356 2754 130 55 gives
504 2754 131 55 these
651 2750 280 59 interesting
948 2749 192 60 details:

437 2841 94 34 "Dr.
546 2840 116 41 Allen,
679 2849 25 32 a
718 2849 92 32 man
825 2838 43 43 of
883 2837 90 44 high
994 2837 197 44 character
1212 2835 76 46 and
1308 2835 188 46 influence,
1513 2845 98 36 gave
1624 2835 67 46 the
1705 2836 145 45 scheme

356 2896 185 42 standing
553 2894 152 44 ground
717 2893 53 45 by
785 2892 190 46 declaring
988 2892 91 46 that
1092 2891 46 47 he
1153 2890 121 48 would
1295 2890 85 48 give
1401 2888 114 50 $100.
1558 2889 104 49 Both
1678 2900 72 38 our
1764 2890 84 48 field

357 2951 155 42 officers,
548 2948 151 45 Colonel
731 2947 158 46 Barrett
923 2945 77 48 and
1039 2943 393 50 Lieutenant-Colonel
1472 2943 188 50 Branson,
1695 2945 153 48 though
