2200 3300
771 307 105 42 The
904 307 237 43 Phalanx
1167 319 47 31 in
1241 306 235 44 Yikginia.

1777 306 97 44 387

366 414 87 44 the
471 414 238 57 Phalanx,
730 419 93 52 and
851 419 83 52 the
959 431 164 42 enemy
1147 430 98 43 was
1265 417 162 56 driven
1445 416 122 57 back
1585 415 155 58 before
1759 416 115 57 day¬

370 480 140 58 light,
539 484 132 54 while
695 485 83 53 the
803 485 155 53 trains
984 498 115 40 were
1125 484 204 54 securely
1355 483 170 55 m,oved
1552 496 64 42 up
1643 483 147 55 closer
1815 486 56 52 to

369 548 86 43 the
482 549 226 44 advance.
764 550 195 43 General
986 549 167 54 Grant,
1181 549 182 55 finding
1386 549 116 55 that
1527 549 83 55 the
1644 549 231 55 confeder¬

372 617 107 41 ates
497 630 116 29 were
638 619 89 40 not
754 617 219 55 disposed
1000 619 56 53 to
1083 616 221 56 continue
1329 616 82 56 the
1429 616 169 56 battle,
1618 616 156 56 began
1791 616 83 56 the

371 685 274 40 movement
686 683 189 46 toward
911 682 369 56 Spottsylvania
1314 681 147 57 Court
1496 681 164 57 House
1695 695 63 43 on
1791 682 84 56 the

371 747 142 56 night
539 747 54 56 of
612 749 83 54 the
722 749 100 54 7th.
877 749 97 54 The
1002 749 88 54 9th
1116 748 147 55 Corps
1289 748 214 55 brought
1536 761 65 42 up
1635 748 82 55 the
1750 761 120 42 rear,

371 813 117 43 with
521 814 83 42 the
638 814 221 43 Phalanx
902 815 204 42 division
1149 815 96 42 and
1289 814 198 54 cavalry
1529 814 221 55 covering
1790 814 86 55 the

368 879 174 43 trains.

472 945 164 43 Butler
662 946 96 42 and
785 946 72 42 his
884 946 221 42 Phalanx
1130 949 186 51 troops,
1339 958 55 42 as
1412 958 66 42 we
1495 945 123 55 have
1635 959 119 41 seen,
1775 959 99 41 was

374 1011 163 42 within
555 1012 73 42 six
646 1012 130 42 miles
804 1012 53 43 of
877 1012 299 55 Petersburg,
1199 1012 94 55 and
1323 1025 63 42 on
1412 1011 83 56 the
1522 1012 102 55 7th,
1654 1010 220 57 Generals

370 1072 158 47 Smith
547 1078 96 41 and
663 1077 220 42 Gillmore
900 1078 196 42 reached
1114 1078 83 42 the
1214 1077 213 43 railroad
1454 1090 115 30 near
1587 1077 122 43 Port
1726 1077 149 43 Walt¬

370 1138 99 46 hall
495 1142 243 53 Junction,
759 1144 97 51 and
883 1144 293 51 commenced
1205 1143 280 55 destroying
1511 1143 62 55 it;
1593 1143 83 55 the
1694 1144 181 54 confed¬

368 1210 158 41 erates
554 1209 227 42 attacked
807 1209 144 52 them,
980 1210 89 51 but
1095 1222 116 39 were
1237 1209 228 54 repulsed.
1520 1208 93 55 Col.
1635 1207 144 56 West,
1810 1222 64 41 on

367 1274 85 45 the
470 1274 146 45 north
634 1274 98 45 side
751 1274 53 45 of
823 1275 83 44 the
931 1274 163 45 James
1112 1274 153 53 River,
1286 1275 165 52 forded
1470 1275 81 52 the
1570 1274 306 53 Chickahom-

366 1340 85 54 iny
468 1340 115 54 with
608 1339 82 55 the
717 1340 221 54 Phalanx
964 1340 210 55 cavalry,
1197 1341 96 54 and
1321 1341 187 54 arrived
1528 1342 221 54 opposite
1767 1341 107 63 City

369 1404 160 54 Point,
550 1406 182 55 having
757 1406 253 55 destroyed
1036 1407 83 54 the
1144 1406 215 55 railroad
1386 1407 74 54 for
1494 1420 131 41 some
1660 1408 215 53 distance

367 1484 66 29 on
450 1472 116 42 that
584 1472 111 42 side.

469 1537 213 56 Leaving
700 1537 194 56 General
912 1538 155 55 Hinks
1093 1538 115 55 with
1234 1538 73 55 his
1335 1538 222 55 Phalanx
1583 1539 206 54 division
1813 1542 58 51 to

368 1603 115 43 hold
501 1603 106 55 City
625 1604 159 54 Point,
805 1617 65 41 on
895 1605 81 53 the
1003 1604 89 54 9th
1118 1604 165 54 Butler
1311 1605 145 54 again
1475 1605 171 54 moved
1665 1606 206 53 forward

367 1672 57 40 to
452 1670 147 42 break
624 1683 64 42 up
713 1670 83 55 the
821 1671 211 54 railroad
1059 1671 148 54 which
1234 1671 83 54 the
1350 1671 148 54 forces
1533 1671 148 54 under
1716 1671 156 54 Smith

369 1736 98 43 and
487 1735 220 44 Gillmore
724 1737 243 42 succeeded
985 1737 49 42 in
1053 1737 161 55 doing,
1234 1737 115 55 thus
1377 1737 281 55 separating
1675 1736 199 56 Beaure-

368 1802 198 55 guard's
583 1802 124 55 force
723 1802 122 55 from
864 1802 142 55 Lee's.
1061 1802 73 55 He
1162 1803 277 54 announced
1466 1803 83 54 the
1567 1804 147 53 result
1733 1804 53 53 of
1797 1804 75 53 his

369 1868 295 55 operation's
682 1868 49 55 in
746 1868 82 55 the
846 1868 238 56 following
1102 1881 215 43 message
1333 1871 57 53 to
1409 1868 344 56 Washington:

1437 1967 123 42 "May
1576 1968 81 42 9th,
1675 1967 116 43 1864.

451 2023 20 17 "
483 2022 76 35 Our
586 2023 222 42 operations
836 2033 90 32 may
952 2022 47 43 be
1026 2022 167 43 summed
1224 2032 52 33 up
1303 2022 39 43 in
1364 2033 26 32 a
1409 2023 66 42 few
1496 2023 135 42 words.
1673 2022 105 43 With
1800 2033 73 32 one

366 2078 198 34 thousand
579 2078 76 34 and
671 2088 111 24 seven
802 2078 167 34 hundred
991 2078 158 41 cavalry
1172 2087 51 32 we
1244 2078 98 41 have
1363 2077 197 42 advanced
1581 2088 51 32 up
1653 2078 67 42 the
1740 2078 133 42 Penin¬

366 2134 98 42 sula,
487 2134 123 42 forced
631 2133 66 43 the
718 2132 296 44 Chickahominy
1036 2133 77 43 and
1136 2133 99 43 have
1256 2132 119 44 safely
1403 2133 172 43 brought
1594 2133 105 43 them
1726 2135 44 41 to
1799 2143 74 33 our

368 2191 151 41 present
532 2188 181 44 position.
756 2188 118 44 These
889 2198 91 34 were
995 2188 154 44 colored
1163 2188 168 44 cavalry,
1349 2187 78 45 and
1449 2197 65 35 are
1527 2197 86 35 now
1627 2187 163 45 holding,
1799 2198 73 34 our

367 2244 197 34 advanced
584 2244 144 43 pickets
748 2243 152 44 toward
922 2243 223 44 Richmond.
1190 2242 158 45 General
1369 2242 142 45 Kautz,
1528 2242 91 45 with
1640 2243 106 44 three
1758 2243 114 44 thou¬

366 2299 99 34 sand
486 2299 156 42 cavalry
663 2299 97 42 from
790 2298 153 43 Suffolk,
962 2308 51 33 on
1040 2298 67 43 the
1135 2307 105 34 same
1270 2297 77 44 day
1375 2297 91 44 with
1489 2307 71 34 our
1580 2300 218 41 movement
1818 2308 53 33 up

365 2353 132 36 James
511 2354 108 43 river,
636 2344 123 53 forced
775 2354 66 43 the
856 2354 246 43 Blackwater,
1113 2351 145 46 burned
1273 2352 67 45 the
1353 2351 171 46 railroad
1544 2352 128 45 bridge
1687 2354 45 43 at
1746 2351 125 46 Stony

365 2408 123 44 Creek,
518 2409 117 43 below
662 2409 242 43 Petersburg,
934 2408 153 44 cutting
1114 2407 38 45 in
1180 2409 80 43 two
1289 2406 278 46 Beauregard's
1594 2406 98 46 force
1713 2409 45 43 at
1777 2407 94 45 that

365 2464 123 43 point.
530 2464 65 43 We
622 2465 99 42 have
747 2464 139 43 landed
916 2464 93 43 here,
1039 2461 217 46 intrenched
1288 2461 201 46 ourselves,
1521 2461 201 46 destroyed
1751 2472 119 35 many

365 2519 104 35 miles
491 2520 43 34 of
549 2520 181 41 railroad,
755 2520 78 41 and
855 2521 72 40 got
947 2517 229 44 possession,
1200 2516 131 45 which,
1356 2515 90 46 with
1467 2525 139 36 proper
1627 2516 174 45 supplies,
1817 2526 54 35 we

362 2584 73 25 can
450 2575 91 35 hold
556 2578 72 32 out
643 2575 158 42 against
814 2574 67 43 the
902 2573 119 44 whole
1042 2572 43 45 of
1101 2571 106 46 Lee's
1229 2581 121 36 army.
1396 2570 16 47 I
1434 2570 99 47 have
1554 2570 156 47 ordered
1732 2581 51 36 up
1803 2572 68 45 the

361 2630 177 43 supplies.
582 2629 256 44 Beauregard,
854 2628 91 45 with
968 2637 25 36 a
1006 2627 105 46 large
1131 2625 157 48 portion
1310 2625 43 48 of
1368 2625 59 48 his
1442 2625 109 48 force,
1568 2635 77 38 was
1659 2626 66 47 left
1739 2626 128 47 south,

362 2685 52 42 by
428 2685 67 42 the
507 2686 154 42 cutting
676 2684 44 44 of
734 2685 67 43 the
822 2681 172 47 railroad
1015 2682 52 46 by
1090 2680 140 48 Kautz.
1274 2680 105 48 That
1400 2680 156 48 portion
1579 2680 117 48 which
1711 2681 159 47 reached

362 2739 233 44 Petersburg
615 2739 120 44 under
756 2738 89 45 Hill,
868 2737 20 46 I
909 2737 99 46 have
1029 2734 171 49 whipped
1221 2734 148 49 to-day,
1399 2735 133 48 killing
1560 2735 75 48 and
1664 2735 207 48 wounding

360 2806 132 33 many,
510 2795 78 44 and
603 2794 140 45 taking
757 2802 119 37 many
889 2791 204 48 prisoners,
1110 2790 99 49 after
1223 2799 25 40 a
1262 2789 78 50 well
1354 2789 197 50 contested
1566 2790 109 49 fight.
1712 2789 160 50 General

361 2850 128 36 Grant
502 2850 73 36 will
589 2851 73 35 not
675 2849 47 37 be
735 2845 180 41 troubled
934 2845 92 41 with
1048 2854 77 32 any
1138 2843 146 43 further
1296 2843 315 43 re-inforcements
1624 2847 45 39 to
1684 2844 73 42 Lee
1770 2845 98 41 from

362 2903 306 46 Beaureguard's
682 2903 111 46 force.
1206 2898 10 51 '
1238 2897 135 52 BENJ.
1395 2898 44 51 F.
1461 2898 207 51 BUTLER,

1522 2952 346 45 Major-General."
