<?xml version="1.0" encoding="utf-8"?>
<alto xmlns:xlink="http://www.w3.org/1999/xlink" xmlns:xsi="http://www.w3.org/2001/XMLSchema-instance" xsi:schemaLocation="http://www.loc.gov/standards/alto/ns-v2# http://www.loc.gov/standards/alto/alto-v2.0.xsd" xmlns="http://www.loc.gov/standards/alto/ns-v2#">
  <Description>
    <MeasurementUnit>pixel</MeasurementUnit>
    <sourceImageInformation>
      <fileName>0488.tif</fileName>
    </sourceImageInformation>
    <OCRProcessing ID="Processing">
      <ocrProcessingStep>
        <processingStepSettings>Image Resolution:400</processingStepSettings>
        <processingSoftware>
          <softwareCreator>I2S Kirtas</softwareCreator>
          <softwareName>Limb</softwareName>
          <softwareVersion>1.0</softwareVersion>
          <applicationDescription>Abbyy10 OCR Engine</applicationDescription>
        </processingSoftware>
      </ocrProcessingStep>
    </OCRProcessing>
  </Description>
  <Styles>
    <TextStyle ID="StyleId-0" FONTSIZE="10" FONTFAMILY="Times New Roman" />
    <TextStyle ID="StyleId-1" FONTSIZE="9" FONTFAMILY="Times New Roman" />
    <TextStyle ID="StyleId-2" FONTSIZE="8" FONTFAMILY="Times New Roman" />
    <TextStyle ID="StyleId-3" FONTSIZE="7" FONTFAMILY="Times New Roman" />
  </Styles>
  <Layout>
    <Page ID="P491" PHYSICAL_IMG_NR="491" HEIGHT="3306" WIDTH="2209" ACCURACY="0.709380448" QUALITY_DETAIL="505 words, 2395 chars, 1596 with recognition greater than 50% (66.64%)">
      <TopMargin ID="P491_TM00001" HPOS="0" VPOS="0" WIDTH="2209" HEIGHT="289" />
      <LeftMargin ID="P491_LM00001" HPOS="0" VPOS="289" WIDTH="342" HEIGHT="2725" />
      <RightMargin ID="P491_RM00001" HPOS="1859" VPOS="289" WIDTH="350" HEIGHT="2725" />
      <BottomMargin ID="P491_BM00001" HPOS="0" VPOS="3014" WIDTH="2209" HEIGHT="292" />
      <PrintSpace ID="P491_PS00001" HPOS="342" VPOS="289" WIDTH="1517" HEIGHT="2725">
        <TextBlock ID="P491_TB00001" HPOS="342" VPOS="289" WIDTH="116" HEIGHT="58">
          <TextLine ID="P491_TL00001" HPOS="350" VPOS="297" WIDTH="100" HEIGHT="42">
            <String ID="P491_S00001" HPOS="350" VPOS="297" WIDTH="100" HEIGHT="42" STYLEREFS="StyleId-0" CONTENT="490" WC="0.42" CC="763" />
          </TextLine>
        </TextBlock>
        <TextBlock ID="P491_TB00002" HPOS="642" VPOS="290" WIDTH="916" HEIGHT="63">
          <TextLine ID="P491_TL00002" HPOS="650" VPOS="298" WIDTH="900" HEIGHT="47">
            <String ID="P491_S00002" HPOS="650" VPOS="298" WIDTH="220" HEIGHT="43" STYLEREFS="StyleId-1" CONTENT="History" WC="0.7" CC="7050070" />
            <SP ID="P491_SP00001" WIDTH="0" HPOS="0" VPOS="0" />
            <String ID="P491_S00003" HPOS="897" VPOS="311" WIDTH="63" HEIGHT="31" STYLEREFS="StyleId-1" CONTENT="of" WC="0.47" CC="46" />
            <SP ID="P491_SP00002" WIDTH="0" HPOS="0" VPOS="0" />
            <String ID="P491_S00004" HPOS="987" VPOS="312" WIDTH="95" HEIGHT="31" STYLEREFS="StyleId-1" CONTENT="the" WC="0.793333352" CC="060" />
            <SP ID="P491_SP00003" WIDTH="0" HPOS="0" VPOS="0" />
            <String ID="P491_S00005" HPOS="1109" VPOS="301" WIDTH="164" HEIGHT="43" STYLEREFS="StyleId-1" CONTENT="Black" WC="0.502" CC="37770" />
            <SP ID="P491_SP00004" WIDTH="0" HPOS="0" VPOS="0" />
            <String ID="P491_S00006" HPOS="1298" VPOS="301" WIDTH="252" HEIGHT="43" STYLEREFS="StyleId-1" CONTENT="Phalanx." WC="0.42375" CC="67667640" />
          </TextLine>
        </TextBlock>
        <TextBlock ID="P491_TB00003" HPOS="342" VPOS="418" WIDTH="1517" HEIGHT="2596">
          <TextLine ID="P491_TL00003" HPOS="350" VPOS="426" WIDTH="1504" HEIGHT="51">
            <String ID="P491_S00007" HPOS="350" VPOS="429" WIDTH="68" HEIGHT="34" STYLEREFS="StyleId-2" CONTENT="the" WC="0.533333361" CC="670" />
            <SP ID="P491_SP00005" WIDTH="0" HPOS="0" VPOS="0" />
            <String ID="P491_S00008" HPOS="438" VPOS="429" WIDTH="87" HEIGHT="35" STYLEREFS="StyleId-2" CONTENT="best" WC="0.6" CC="5027" />
            <SP ID="P491_SP00006" WIDTH="0" HPOS="0" VPOS="0" />
            <String ID="P491_S00009" HPOS="544" VPOS="429" WIDTH="230" HEIGHT="35" STYLEREFS="StyleId-2" CONTENT="foundation" WC="0.727" CC="0037440007" />
            <SP ID="P491_SP00007" WIDTH="0" HPOS="0" VPOS="0" />
            <String ID="P491_S00010" HPOS="795" VPOS="441" WIDTH="104" HEIGHT="33" STYLEREFS="StyleId-2" CONTENT="upon" WC="0.485" CC="6508" />
            <SP ID="P491_SP00008" WIDTH="0" HPOS="0" VPOS="0" />
            <String ID="P491_S00011" HPOS="913" VPOS="432" WIDTH="118" HEIGHT="42" STYLEREFS="StyleId-2" CONTENT="which," WC="0.425" CC="1072670" />
            <SP ID="P491_SP00009" WIDTH="0" HPOS="0" VPOS="0" />
            <String ID="P491_S00012" HPOS="1051" VPOS="433" WIDTH="66" HEIGHT="41" STYLEREFS="StyleId-2" CONTENT="the" WC="1" CC="000" />
            <SP ID="P491_SP00010" WIDTH="0" HPOS="0" VPOS="0" />
            <String ID="P491_S00013" HPOS="1137" VPOS="433" WIDTH="144" HEIGHT="42" STYLEREFS="StyleId-2" CONTENT="fidelity" WC="0.64625" CC="00572407" />
            <SP ID="P491_SP00011" WIDTH="0" HPOS="0" VPOS="0" />
            <String ID="P491_S00014" HPOS="1296" VPOS="431" WIDTH="43" HEIGHT="44" STYLEREFS="StyleId-2" CONTENT="of" WC="1" CC="00" />
            <SP ID="P491_SP00012" WIDTH="0" HPOS="0" VPOS="0" />
            <String ID="P491_S00015" HPOS="1356" VPOS="442" WIDTH="50" HEIGHT="33" STYLEREFS="StyleId-2" CONTENT="an" WC="0.52" CC="09" />
            <SP ID="P491_SP00013" WIDTH="0" HPOS="0" VPOS="0" />
            <String ID="P491_S00016" HPOS="1428" VPOS="440" WIDTH="112" HEIGHT="35" STYLEREFS="StyleId-2" CONTENT="army" WC="0.515" CC="7405" />
            <SP ID="P491_SP00014" WIDTH="0" HPOS="0" VPOS="0" />
            <String ID="P491_S00017" HPOS="1554" VPOS="439" WIDTH="73" HEIGHT="36" STYLEREFS="StyleId-2" CONTENT="can" WC="0.776666641" CC="006" />
            <SP ID="P491_SP00015" WIDTH="0" HPOS="0" VPOS="0" />
            <String ID="P491_S00018" HPOS="1647" VPOS="430" WIDTH="90" HEIGHT="45" STYLEREFS="StyleId-2" CONTENT="rest," WC="0.538" CC="53634" />
            <SP ID="P491_SP00016" WIDTH="0" HPOS="0" VPOS="0" />
            <String ID="P491_S00019" HPOS="1754" VPOS="438" WIDTH="100" HEIGHT="37" STYLEREFS="StyleId-2" CONTENT="espe¬" WC="0.536" CC="35751" />
          </TextLine>
          <TextLine ID="P491_TL00004" HPOS="352" VPOS="480" WIDTH="1502" HEIGHT="53">
            <String ID="P491_S00020" HPOS="351" VPOS="483" WIDTH="113" HEIGHT="43" STYLEREFS="StyleId-2" CONTENT="cially" WC="0.413333327" CC="0197710" />
            <SP ID="P491_SP00017" WIDTH="0" HPOS="0" VPOS="0" />
            <String ID="P491_S00021" HPOS="485" VPOS="485" WIDTH="38" HEIGHT="41" STYLEREFS="StyleId-2" CONTENT="in" WC="0.465" CC="37" />
            <SP ID="P491_SP00018" WIDTH="0" HPOS="0" VPOS="0" />
            <String ID="P491_S00022" HPOS="539" VPOS="495" WIDTH="24" HEIGHT="31" STYLEREFS="StyleId-2" CONTENT="a" WC="1" CC="0" />
            <SP ID="P491_SP00019" WIDTH="0" HPOS="0" VPOS="0" />
            <String ID="P491_S00023" HPOS="584" VPOS="485" WIDTH="138" HEIGHT="41" STYLEREFS="StyleId-2" CONTENT="service" WC="0.6614286" CC="7066210" />
            <SP ID="P491_SP00020" WIDTH="0" HPOS="0" VPOS="0" />
            <String ID="P491_S00024" HPOS="736" VPOS="486" WIDTH="117" HEIGHT="40" STYLEREFS="StyleId-2" CONTENT="which" WC="0.536" CC="670100" />
            <SP ID="P491_SP00021" WIDTH="0" HPOS="0" VPOS="0" />
            <String ID="P491_S00025" HPOS="875" VPOS="487" WIDTH="163" HEIGHT="44" STYLEREFS="StyleId-2" CONTENT="imposes" WC="0.52" CC="64100706" />
            <SP ID="P491_SP00022" WIDTH="0" HPOS="0" VPOS="0" />
            <String ID="P491_S00026" HPOS="1058" VPOS="488" WIDTH="166" HEIGHT="43" STYLEREFS="StyleId-2" CONTENT="peculiar" WC="0.70625" CC="00755202" />
            <SP ID="P491_SP00023" WIDTH="0" HPOS="0" VPOS="0" />
            <String ID="P491_S00027" HPOS="1244" VPOS="487" WIDTH="203" HEIGHT="44" STYLEREFS="StyleId-2" CONTENT="hardships" WC="0.585555553" CC="095870006" />
            <SP ID="P491_SP00024" WIDTH="0" HPOS="0" VPOS="0" />
            <String ID="P491_S00028" HPOS="1470" VPOS="485" WIDTH="79" HEIGHT="46" STYLEREFS="StyleId-2" CONTENT="and" WC="0.6666667" CC="1000" />
            <SP ID="P491_SP00025" WIDTH="0" HPOS="0" VPOS="0" />
            <String ID="P491_S00029" HPOS="1569" VPOS="484" WIDTH="227" HEIGHT="47" STYLEREFS="StyleId-2" CONTENT="privations," WC="0.3581818" CC="105059579764" />
            <SP ID="P491_SP00026" WIDTH="0" HPOS="0" VPOS="0" />
            <String ID="P491_S00030" HPOS="1820" VPOS="484" WIDTH="34" HEIGHT="47" STYLEREFS="StyleId-2" CONTENT="is" WC="0.415" CC="47" />
          </TextLine>
          <TextLine ID="P491_TL00005" HPOS="351" VPOS="535" WIDTH="1501" HEIGHT="50">
            <String ID="P491_S00031" HPOS="351" VPOS="539" WIDTH="67" HEIGHT="33" STYLEREFS="StyleId-2" CONTENT="the" WC="0.74" CC="700" />
            <SP ID="P491_SP00027" WIDTH="0" HPOS="0" VPOS="0" />
            <String ID="P491_S00032" HPOS="438" VPOS="540" WIDTH="178" HEIGHT="41" STYLEREFS="StyleId-2" CONTENT="personal" WC="0.72" CC="00360605" />
            <SP ID="P491_SP00028" WIDTH="0" HPOS="0" VPOS="0" />
            <String ID="P491_S00033" HPOS="637" VPOS="540" WIDTH="159" HEIGHT="41" STYLEREFS="StyleId-2" CONTENT="interest" WC="0.7175" CC="17006070" />
            <SP ID="P491_SP00029" WIDTH="0" HPOS="0" VPOS="0" />
            <String ID="P491_S00034" HPOS="810" VPOS="541" WIDTH="42" HEIGHT="40" STYLEREFS="StyleId-2" CONTENT="of" WC="0.565" CC="43" />
            <SP ID="P491_SP00030" WIDTH="0" HPOS="0" VPOS="0" />
            <String ID="P491_S00035" HPOS="868" VPOS="541" WIDTH="65" HEIGHT="40" STYLEREFS="StyleId-2" CONTENT="the" WC="0.6766667" CC="801" />
            <SP ID="P491_SP00031" WIDTH="0" HPOS="0" VPOS="0" />
            <String ID="P491_S00036" HPOS="948" VPOS="541" WIDTH="136" HEIGHT="40" STYLEREFS="StyleId-2" CONTENT="soldier" WC="0.82" CC="6000114" />
            <SP ID="P491_SP00032" WIDTH="0" HPOS="0" VPOS="0" />
            <String ID="P491_S00037" HPOS="1098" VPOS="541" WIDTH="38" HEIGHT="40" STYLEREFS="StyleId-2" CONTENT="in" WC="0.555" CC="26" />
            <SP ID="P491_SP00033" WIDTH="0" HPOS="0" VPOS="0" />
            <String ID="P491_S00038" HPOS="1151" VPOS="542" WIDTH="66" HEIGHT="39" STYLEREFS="StyleId-2" CONTENT="the" WC="1" CC="000" />
            <SP ID="P491_SP00034" WIDTH="0" HPOS="0" VPOS="0" />
            <String ID="P491_S00039" HPOS="1230" VPOS="541" WIDTH="98" HEIGHT="40" STYLEREFS="StyleId-2" CONTENT="issue" WC="0.524" CC="67711" />
            <SP ID="P491_SP00035" WIDTH="0" HPOS="0" VPOS="0" />
            <String ID="P491_S00040" HPOS="1343" VPOS="541" WIDTH="42" HEIGHT="40" STYLEREFS="StyleId-2" CONTENT="of" WC="1" CC="00" />
            <SP ID="P491_SP00036" WIDTH="0" HPOS="0" VPOS="0" />
            <String ID="P491_S00041" HPOS="1402" VPOS="541" WIDTH="68" HEIGHT="40" STYLEREFS="StyleId-2" CONTENT="the" WC="0.776666641" CC="006" />
            <SP ID="P491_SP00037" WIDTH="0" HPOS="0" VPOS="0" />
            <String ID="P491_S00042" HPOS="1484" VPOS="541" WIDTH="162" HEIGHT="40" STYLEREFS="StyleId-2" CONTENT="contest." WC="0.81625" CC="00701500" />
            <SP ID="P491_SP00038" WIDTH="0" HPOS="0" VPOS="0" />
            <String ID="P491_S00043" HPOS="1688" VPOS="539" WIDTH="97" HEIGHT="42" STYLEREFS="StyleId-2" CONTENT="Such" WC="0.4275" CC="75100" />
            <SP ID="P491_SP00039" WIDTH="0" HPOS="0" VPOS="0" />
            <String ID="P491_S00044" HPOS="1800" VPOS="549" WIDTH="52" HEIGHT="32" STYLEREFS="StyleId-2" CONTENT="an" WC="0.34" CC="57" />
          </TextLine>
          <TextLine ID="P491_TL00006" HPOS="351" VPOS="590" WIDTH="1500" HEIGHT="50">
            <String ID="P491_S00045" HPOS="351" VPOS="592" WIDTH="161" HEIGHT="36" STYLEREFS="StyleId-2" CONTENT="interest" WC="0.5925" CC="27006069" />
            <SP ID="P491_SP00040" WIDTH="0" HPOS="0" VPOS="0" />
            <String ID="P491_S00046" HPOS="532" VPOS="605" WIDTH="53" HEIGHT="23" STYLEREFS="StyleId-2" CONTENT="we" WC="1" CC="00" />
            <SP ID="P491_SP00041" WIDTH="0" HPOS="0" VPOS="0" />
            <String ID="P491_S00047" HPOS="598" VPOS="605" WIDTH="72" HEIGHT="23" STYLEREFS="StyleId-2" CONTENT="can" WC="0.6533333" CC="307" />
            <SP ID="P491_SP00042" WIDTH="0" HPOS="0" VPOS="0" />
            <String ID="P491_S00048" HPOS="685" VPOS="594" WIDTH="86" HEIGHT="43" STYLEREFS="StyleId-2" CONTENT="give" WC="0.825" CC="7000" />
            <SP ID="P491_SP00043" WIDTH="0" HPOS="0" VPOS="0" />
            <String ID="P491_S00049" HPOS="785" VPOS="605" WIDTH="71" HEIGHT="32" STYLEREFS="StyleId-2" CONTENT="our" WC="0.696666658" CC="053" />
            <SP ID="P491_SP00044" WIDTH="0" HPOS="0" VPOS="0" />
            <String ID="P491_S00050" HPOS="870" VPOS="604" WIDTH="158" HEIGHT="34" STYLEREFS="StyleId-2" CONTENT="negroes" WC="0.541428566" CC="8164056" />
            <SP ID="P491_SP00045" WIDTH="0" HPOS="0" VPOS="0" />
            <String ID="P491_S00051" HPOS="1049" VPOS="596" WIDTH="51" HEIGHT="42" STYLEREFS="StyleId-2" CONTENT="by" WC="1" CC="00" />
            <SP ID="P491_SP00046" WIDTH="0" HPOS="0" VPOS="0" />
            <String ID="P491_S00052" HPOS="1114" VPOS="596" WIDTH="184" HEIGHT="43" STYLEREFS="StyleId-2" CONTENT="granting" WC="0.28625" CC="967573710" />
            <SP ID="P491_SP00047" WIDTH="0" HPOS="0" VPOS="0" />
            <String ID="P491_S00053" HPOS="1317" VPOS="594" WIDTH="220" HEIGHT="45" STYLEREFS="StyleId-2" CONTENT="immediate" WC="0.95" CC="100000200" />
            <SP ID="P491_SP00048" WIDTH="0" HPOS="0" VPOS="0" />
            <String ID="P491_S00054" HPOS="1556" VPOS="593" WIDTH="164" HEIGHT="46" STYLEREFS="StyleId-2" CONTENT="freedom" WC="0.9671429" CC="0200000" />
            <SP ID="P491_SP00049" WIDTH="0" HPOS="0" VPOS="0" />
            <String ID="P491_S00055" HPOS="1740" VPOS="595" WIDTH="45" HEIGHT="44" STYLEREFS="StyleId-2" CONTENT="to" WC="1" CC="00" />
            <SP ID="P491_SP00050" WIDTH="0" HPOS="0" VPOS="0" />
            <String ID="P491_S00056" HPOS="1800" VPOS="595" WIDTH="51" HEIGHT="44" STYLEREFS="StyleId-2" CONTENT="all" WC="0.673333347" CC="036" />
          </TextLine>
          <TextLine ID="P491_TL00007" HPOS="352" VPOS="645" WIDTH="1499" HEIGHT="49">
            <String ID="P491_S00057" HPOS="352" VPOS="649" WIDTH="85" HEIGHT="33" STYLEREFS="StyleId-2" CONTENT="who" WC="0.6666667" CC="1000" />
            <SP ID="P491_SP00051" WIDTH="0" HPOS="0" VPOS="0" />
            <String ID="P491_S00058" HPOS="452" VPOS="649" WIDTH="122" HEIGHT="42" STYLEREFS="StyleId-2" CONTENT="enlist," WC="0.524285734" CC="07081061" />
            <SP ID="P491_SP00052" WIDTH="0" HPOS="0" VPOS="0" />
            <String ID="P491_S00059" HPOS="592" VPOS="650" WIDTH="78" HEIGHT="41" STYLEREFS="StyleId-2" CONTENT="and" WC="0.683333337" CC="062" />
            <SP ID="P491_SP00053" WIDTH="0" HPOS="0" VPOS="0" />
            <String ID="P491_S00060" HPOS="691" VPOS="650" WIDTH="165" HEIGHT="41" STYLEREFS="StyleId-2" CONTENT="freedom" WC="0.791428566" CC="0411032" />
            <SP ID="P491_SP00054" WIDTH="0" HPOS="0" VPOS="0" />
            <String ID="P491_S00061" HPOS="870" VPOS="653" WIDTH="46" HEIGHT="38" STYLEREFS="StyleId-2" CONTENT="at" WC="0.055" CC="810" />
            <SP ID="P491_SP00055" WIDTH="0" HPOS="0" VPOS="0" />
            <String ID="P491_S00062" HPOS="935" VPOS="650" WIDTH="67" HEIGHT="41" STYLEREFS="StyleId-2" CONTENT="the" WC="0.766666651" CC="070" />
            <SP ID="P491_SP00056" WIDTH="0" HPOS="0" VPOS="0" />
            <String ID="P491_S00063" HPOS="1022" VPOS="651" WIDTH="72" HEIGHT="40" STYLEREFS="StyleId-2" CONTENT="end" WC="0.9633333" CC="010" />
            <SP ID="P491_SP00057" WIDTH="0" HPOS="0" VPOS="0" />
            <String ID="P491_S00064" HPOS="1115" VPOS="651" WIDTH="43" HEIGHT="40" STYLEREFS="StyleId-2" CONTENT="of" WC="0.805" CC="30" />
            <SP ID="P491_SP00058" WIDTH="0" HPOS="0" VPOS="0" />
            <String ID="P491_S00065" HPOS="1174" VPOS="651" WIDTH="66" HEIGHT="40" STYLEREFS="StyleId-2" CONTENT="the" WC="0.54" CC="066" />
            <SP ID="P491_SP00059" WIDTH="0" HPOS="0" VPOS="0" />
            <String ID="P491_S00066" HPOS="1255" VPOS="660" WIDTH="76" HEIGHT="31" STYLEREFS="StyleId-2" CONTENT="war" WC="0.18" CC="8105" />
            <SP ID="P491_SP00060" WIDTH="0" HPOS="0" VPOS="0" />
            <String ID="P491_S00067" HPOS="1351" VPOS="652" WIDTH="45" HEIGHT="39" STYLEREFS="StyleId-2" CONTENT="to" WC="1" CC="00" />
            <SP ID="P491_SP00061" WIDTH="0" HPOS="0" VPOS="0" />
            <String ID="P491_S00068" HPOS="1417" VPOS="650" WIDTH="67" HEIGHT="41" STYLEREFS="StyleId-2" CONTENT="the" WC="0.723333359" CC="061" />
            <SP ID="P491_SP00062" WIDTH="0" HPOS="0" VPOS="0" />
            <String ID="P491_S00069" HPOS="1504" VPOS="649" WIDTH="157" HEIGHT="42" STYLEREFS="StyleId-2" CONTENT="families" WC="0.90875" CC="00000006" />
            <SP ID="P491_SP00063" WIDTH="0" HPOS="0" VPOS="0" />
            <String ID="P491_S00070" HPOS="1683" VPOS="649" WIDTH="42" HEIGHT="42" STYLEREFS="StyleId-2" CONTENT="of" WC="1" CC="00" />
            <SP ID="P491_SP00064" WIDTH="0" HPOS="0" VPOS="0" />
            <String ID="P491_S00071" HPOS="1741" VPOS="649" WIDTH="110" HEIGHT="42" STYLEREFS="StyleId-2" CONTENT="those" WC="0.626" CC="06083" />
          </TextLine>
          <TextLine ID="P491_TL00008" HPOS="353" VPOS="701" WIDTH="1494" HEIGHT="49">
            <String ID="P491_S00072" HPOS="353" VPOS="704" WIDTH="85" HEIGHT="33" STYLEREFS="StyleId-2" CONTENT="who" WC="0.423333347" CC="970" />
            <SP ID="P491_SP00065" WIDTH="0" HPOS="0" VPOS="0" />
            <String ID="P491_S00073" HPOS="468" VPOS="704" WIDTH="196" HEIGHT="43" STYLEREFS="StyleId-2" CONTENT="discharge" WC="0.6711111" CC="017500590" />
            <SP ID="P491_SP00066" WIDTH="0" HPOS="0" VPOS="0" />
            <String ID="P491_S00074" HPOS="691" VPOS="705" WIDTH="99" HEIGHT="42" STYLEREFS="StyleId-2" CONTENT="their" WC="0.766" CC="03043" />
            <SP ID="P491_SP00067" WIDTH="0" HPOS="0" VPOS="0" />
            <String ID="P491_S00075" HPOS="818" VPOS="705" WIDTH="123" HEIGHT="42" STYLEREFS="StyleId-2" CONTENT="duties" WC="0.591666639" CC="270905" />
            <SP ID="P491_SP00068" WIDTH="0" HPOS="0" VPOS="0" />
            <String ID="P491_S00076" HPOS="975" VPOS="705" WIDTH="201" HEIGHT="42" STYLEREFS="StyleId-2" CONTENT="faithfully," WC="0.701818168" CC="620000810104" />
            <SP ID="P491_SP00069" WIDTH="0" HPOS="0" VPOS="0" />
            <String ID="P491_S00077" HPOS="1207" VPOS="705" WIDTH="164" HEIGHT="42" STYLEREFS="StyleId-2" CONTENT="whether" WC="0.59" CC="7709004" />
            <SP ID="P491_SP00070" WIDTH="0" HPOS="0" VPOS="0" />
            <String ID="P491_S00078" HPOS="1396" VPOS="704" WIDTH="94" HEIGHT="43" STYLEREFS="StyleId-2" CONTENT="they" WC="0.905" CC="0030" />
            <SP ID="P491_SP00071" WIDTH="0" HPOS="0" VPOS="0" />
            <String ID="P491_S00079" HPOS="1518" VPOS="704" WIDTH="150" HEIGHT="43" STYLEREFS="StyleId-2" CONTENT="survive" WC="0.767142832" CC="7240200" />
            <SP ID="P491_SP00072" WIDTH="0" HPOS="0" VPOS="0" />
            <String ID="P491_S00080" HPOS="1695" VPOS="714" WIDTH="45" HEIGHT="33" STYLEREFS="StyleId-2" CONTENT="or" WC="0.61" CC="07" />
            <SP ID="P491_SP00073" WIDTH="0" HPOS="0" VPOS="0" />
            <String ID="P491_S00081" HPOS="1766" VPOS="706" WIDTH="81" HEIGHT="42" STYLEREFS="StyleId-2" CONTENT="not," WC="0.72" CC="6004" />
          </TextLine>
          <TextLine ID="P491_TL00009" HPOS="353" VPOS="757" WIDTH="1074" HEIGHT="48">
            <String ID="P491_S00082" HPOS="353" VPOS="760" WIDTH="179" HEIGHT="42" STYLEREFS="StyleId-2" CONTENT="together" WC="0.66" CC="60007714" />
            <SP ID="P491_SP00074" WIDTH="0" HPOS="0" VPOS="0" />
            <String ID="P491_S00083" HPOS="546" VPOS="760" WIDTH="92" HEIGHT="42" STYLEREFS="StyleId-2" CONTENT="with" WC="1" CC="0000" />
            <SP ID="P491_SP00075" WIDTH="0" HPOS="0" VPOS="0" />
            <String ID="P491_S00084" HPOS="651" VPOS="759" WIDTH="67" HEIGHT="43" STYLEREFS="StyleId-2" CONTENT="the" WC="0.6666667" CC="1000" />
            <SP ID="P491_SP00076" WIDTH="0" HPOS="0" VPOS="0" />
            <String ID="P491_S00085" HPOS="731" VPOS="759" WIDTH="179" HEIGHT="43" STYLEREFS="StyleId-2" CONTENT="privilege" WC="0.7177778" CC="0430402100" />
            <SP ID="P491_SP00077" WIDTH="0" HPOS="0" VPOS="0" />
            <String ID="P491_S00086" HPOS="925" VPOS="759" WIDTH="43" HEIGHT="43" STYLEREFS="StyleId-2" CONTENT="of" WC="1" CC="00" />
            <SP ID="P491_SP00078" WIDTH="0" HPOS="0" VPOS="0" />
            <String ID="P491_S00087" HPOS="983" VPOS="760" WIDTH="166" HEIGHT="42" STYLEREFS="StyleId-2" CONTENT="residing" WC="0.70375" CC="60800260" />
            <SP ID="P491_SP00079" WIDTH="0" HPOS="0" VPOS="0" />
            <String ID="P491_S00088" HPOS="1163" VPOS="762" WIDTH="45" HEIGHT="40" STYLEREFS="StyleId-2" CONTENT="at" WC="0.5" CC="100" />
            <SP ID="P491_SP00080" WIDTH="0" HPOS="0" VPOS="0" />
            <String ID="P491_S00089" HPOS="1220" VPOS="760" WIDTH="66" HEIGHT="42" STYLEREFS="StyleId-2" CONTENT="the" WC="0.7133333" CC="800" />
            <SP ID="P491_SP00081" WIDTH="0" HPOS="0" VPOS="0" />
            <String ID="P491_S00090" HPOS="1300" VPOS="760" WIDTH="127" HEIGHT="42" STYLEREFS="StyleId-2" CONTENT="south." WC="0.591666639" CC="7070100" />
          </TextLine>
          <TextLine ID="P491_TL00010" HPOS="436" VPOS="811" WIDTH="1413" HEIGHT="49">
            <String ID="P491_S00091" HPOS="436" VPOS="815" WIDTH="22" HEIGHT="15" STYLEREFS="StyleId-2" CONTENT="&quot;" WC="0.99" CC="0" />
            <SP ID="P491_SP00082" WIDTH="0" HPOS="0" VPOS="0" />
            <String ID="P491_S00092" HPOS="468" VPOS="814" WIDTH="56" HEIGHT="35" STYLEREFS="StyleId-2" CONTENT="To" WC="0.765" CC="04" />
            <SP ID="P491_SP00083" WIDTH="0" HPOS="0" VPOS="0" />
            <String ID="P491_S00093" HPOS="539" VPOS="815" WIDTH="78" HEIGHT="34" STYLEREFS="StyleId-2" CONTENT="this" WC="0.4175" CC="01066" />
            <SP ID="P491_SP00084" WIDTH="0" HPOS="0" VPOS="0" />
            <String ID="P491_S00094" HPOS="632" VPOS="814" WIDTH="126" HEIGHT="43" STYLEREFS="StyleId-2" CONTENT="might" WC="0.882" CC="00500" />
            <SP ID="P491_SP00085" WIDTH="0" HPOS="0" VPOS="0" />
            <String ID="P491_S00095" HPOS="777" VPOS="814" WIDTH="46" HEIGHT="43" STYLEREFS="StyleId-2" CONTENT="be" WC="1" CC="00" />
            <SP ID="P491_SP00086" WIDTH="0" HPOS="0" VPOS="0" />
            <String ID="P491_S00096" HPOS="838" VPOS="814" WIDTH="123" HEIGHT="43" STYLEREFS="StyleId-2" CONTENT="added" WC="0.798" CC="00802" />
            <SP ID="P491_SP00087" WIDTH="0" HPOS="0" VPOS="0" />
            <String ID="P491_S00097" HPOS="983" VPOS="825" WIDTH="25" HEIGHT="32" STYLEREFS="StyleId-2" CONTENT="a" WC="0.46" CC="5" />
            <SP ID="P491_SP00088" WIDTH="0" HPOS="0" VPOS="0" />
            <String ID="P491_S00098" HPOS="1028" VPOS="815" WIDTH="152" HEIGHT="42" STYLEREFS="StyleId-2" CONTENT="bounty" WC="0.645" CC="4060010" />
            <SP ID="P491_SP00089" WIDTH="0" HPOS="0" VPOS="0" />
            <String ID="P491_S00099" HPOS="1194" VPOS="815" WIDTH="60" HEIGHT="42" STYLEREFS="StyleId-2" CONTENT="for" WC="0.88" CC="003" />
            <SP ID="P491_SP00090" WIDTH="0" HPOS="0" VPOS="0" />
            <String ID="P491_S00100" HPOS="1273" VPOS="814" WIDTH="152" HEIGHT="43" STYLEREFS="StyleId-2" CONTENT="faithful" WC="0.755" CC="00640170" />
            <SP ID="P491_SP00091" WIDTH="0" HPOS="0" VPOS="0" />
            <String ID="P491_S00101" HPOS="1445" VPOS="814" WIDTH="147" HEIGHT="43" STYLEREFS="StyleId-2" CONTENT="service," WC="0.64625" CC="713100006" />
            <SP ID="P491_SP00092" WIDTH="0" HPOS="0" VPOS="0" />
            <String ID="P491_S00102" HPOS="1634" VPOS="814" WIDTH="66" HEIGHT="43" STYLEREFS="StyleId-2" CONTENT="&quot;We" WC="0.5133333" CC="680" />
            <SP ID="P491_SP00093" WIDTH="0" HPOS="0" VPOS="0" />
            <String ID="P491_S00103" HPOS="1714" VPOS="815" WIDTH="135" HEIGHT="42" STYLEREFS="StyleId-2" CONTENT="should" WC="0.5416667" CC="6100730" />
          </TextLine>
          <TextLine ID="P491_TL00011" HPOS="354" VPOS="867" WIDTH="1498" HEIGHT="48">
            <String ID="P491_S00104" HPOS="353" VPOS="871" WIDTH="74" HEIGHT="32" STYLEREFS="StyleId-2" CONTENT="not" WC="0.6666667" CC="1000" />
            <SP ID="P491_SP00094" WIDTH="0" HPOS="0" VPOS="0" />
            <String ID="P491_S00105" HPOS="441" VPOS="872" WIDTH="131" HEIGHT="39" STYLEREFS="StyleId-2" CONTENT="expect" WC="0.79" CC="040061" />
            <SP ID="P491_SP00095" WIDTH="0" HPOS="0" VPOS="0" />
            <String ID="P491_S00106" HPOS="586" VPOS="869" WIDTH="124" HEIGHT="42" STYLEREFS="StyleId-2" CONTENT="slaves" WC="0.605" CC="6101006" />
            <SP ID="P491_SP00096" WIDTH="0" HPOS="0" VPOS="0" />
            <String ID="P491_S00107" HPOS="725" VPOS="872" WIDTH="44" HEIGHT="39" STYLEREFS="StyleId-2" CONTENT="to" WC="1" CC="00" />
            <SP ID="P491_SP00097" WIDTH="0" HPOS="0" VPOS="0" />
            <String ID="P491_S00108" HPOS="786" VPOS="870" WIDTH="98" HEIGHT="42" STYLEREFS="StyleId-2" CONTENT="fight" WC="0.814" CC="00072" />
            <SP ID="P491_SP00098" WIDTH="0" HPOS="0" VPOS="0" />
            <String ID="P491_S00109" HPOS="904" VPOS="869" WIDTH="59" HEIGHT="43" STYLEREFS="StyleId-2" CONTENT="for" WC="0.7266667" CC="008" />
            <SP ID="P491_SP00099" WIDTH="0" HPOS="0" VPOS="0" />
            <String ID="P491_S00110" HPOS="984" VPOS="870" WIDTH="237" HEIGHT="43" STYLEREFS="StyleId-2" CONTENT="prospective" WC="0.906363666" CC="03060000000" />
            <SP ID="P491_SP00100" WIDTH="0" HPOS="0" VPOS="0" />
            <String ID="P491_S00111" HPOS="1241" VPOS="870" WIDTH="164" HEIGHT="43" STYLEREFS="StyleId-2" CONTENT="freedom" WC="0.808571458" CC="0400720" />
            <SP ID="P491_SP00101" WIDTH="0" HPOS="0" VPOS="0" />
            <String ID="P491_S00112" HPOS="1419" VPOS="870" WIDTH="104" HEIGHT="43" STYLEREFS="StyleId-2" CONTENT="when" WC="0.815" CC="0007" />
            <SP ID="P491_SP00102" WIDTH="0" HPOS="0" VPOS="0" />
            <String ID="P491_S00113" HPOS="1537" VPOS="870" WIDTH="90" HEIGHT="43" STYLEREFS="StyleId-2" CONTENT="they" WC="0.6725" CC="30010" />
            <SP ID="P491_SP00103" WIDTH="0" HPOS="0" VPOS="0" />
            <String ID="P491_S00114" HPOS="1641" VPOS="880" WIDTH="71" HEIGHT="33" STYLEREFS="StyleId-2" CONTENT="can" WC="0.463333338" CC="0106" />
            <SP ID="P491_SP00104" WIDTH="0" HPOS="0" VPOS="0" />
            <String ID="P491_S00115" HPOS="1727" VPOS="880" WIDTH="125" HEIGHT="33" STYLEREFS="StyleId-2" CONTENT="secure" WC="0.5516667" CC="600577" />
          </TextLine>
          <TextLine ID="P491_TL00012" HPOS="352" VPOS="921" WIDTH="1496" HEIGHT="54">
            <String ID="P491_S00116" HPOS="352" VPOS="923" WIDTH="36" HEIGHT="34" STYLEREFS="StyleId-2" CONTENT="it" WC="0.84" CC="30" />
            <SP ID="P491_SP00105" WIDTH="0" HPOS="0" VPOS="0" />
            <String ID="P491_S00117" HPOS="408" VPOS="926" WIDTH="46" HEIGHT="31" STYLEREFS="StyleId-2" CONTENT="at" WC="1" CC="00" />
            <SP ID="P491_SP00106" WIDTH="0" HPOS="0" VPOS="0" />
            <String ID="P491_S00118" HPOS="475" VPOS="934" WIDTH="90" HEIGHT="24" STYLEREFS="StyleId-2" CONTENT="once" WC="0.83" CC="0510" />
            <SP ID="P491_SP00107" WIDTH="0" HPOS="0" VPOS="0" />
            <String ID="P491_S00119" HPOS="584" VPOS="924" WIDTH="54" HEIGHT="41" STYLEREFS="StyleId-2" CONTENT="by" WC="1" CC="00" />
            <SP ID="P491_SP00108" WIDTH="0" HPOS="0" VPOS="0" />
            <String ID="P491_S00120" HPOS="657" VPOS="924" WIDTH="120" HEIGHT="43" STYLEREFS="StyleId-2" CONTENT="going" WC="0.38" CC="913610" />
            <SP ID="P491_SP00109" WIDTH="0" HPOS="0" VPOS="0" />
            <String ID="P491_S00121" HPOS="797" VPOS="926" WIDTH="45" HEIGHT="41" STYLEREFS="StyleId-2" CONTENT="to" WC="0.885" CC="02" />
            <SP ID="P491_SP00110" WIDTH="0" HPOS="0" VPOS="0" />
            <String ID="P491_S00122" HPOS="863" VPOS="925" WIDTH="67" HEIGHT="42" STYLEREFS="StyleId-2" CONTENT="the" WC="1" CC="000" />
            <SP ID="P491_SP00111" WIDTH="0" HPOS="0" VPOS="0" />
            <String ID="P491_S00123" HPOS="950" VPOS="935" WIDTH="142" HEIGHT="38" STYLEREFS="StyleId-2" CONTENT="enemy," WC="0.745" CC="0500100" />
            <SP ID="P491_SP00112" WIDTH="0" HPOS="0" VPOS="0" />
            <String ID="P491_S00124" HPOS="1115" VPOS="925" WIDTH="39" HEIGHT="48" STYLEREFS="StyleId-2" CONTENT="in" WC="0.36" CC="57" />
            <SP ID="P491_SP00113" WIDTH="0" HPOS="0" VPOS="0" />
            <String ID="P491_S00125" HPOS="1175" VPOS="926" WIDTH="124" HEIGHT="47" STYLEREFS="StyleId-2" CONTENT="whose" WC="0.812" CC="00072" />
            <SP ID="P491_SP00114" WIDTH="0" HPOS="0" VPOS="0" />
            <String ID="P491_S00126" HPOS="1319" VPOS="925" WIDTH="138" HEIGHT="48" STYLEREFS="StyleId-2" CONTENT="service" WC="0.648571432" CC="80510000" />
            <SP ID="P491_SP00115" WIDTH="0" HPOS="0" VPOS="0" />
            <String ID="P491_S00127" HPOS="1477" VPOS="925" WIDTH="91" HEIGHT="48" STYLEREFS="StyleId-2" CONTENT="they" WC="0.805" CC="7000" />
            <SP ID="P491_SP00116" WIDTH="0" HPOS="0" VPOS="0" />
            <String ID="P491_S00128" HPOS="1582" VPOS="925" WIDTH="71" HEIGHT="48" STYLEREFS="StyleId-2" CONTENT="will" WC="0.6825" CC="0416" />
            <SP ID="P491_SP00117" WIDTH="0" HPOS="0" VPOS="0" />
            <String ID="P491_S00129" HPOS="1673" VPOS="924" WIDTH="104" HEIGHT="49" STYLEREFS="StyleId-2" CONTENT="incur" WC="0.614" CC="43065" />
            <SP ID="P491_SP00118" WIDTH="0" HPOS="0" VPOS="0" />
            <String ID="P491_S00130" HPOS="1796" VPOS="935" WIDTH="52" HEIGHT="38" STYLEREFS="StyleId-2" CONTENT="no" WC="0.42" CC="65" />
          </TextLine>
          <TextLine ID="P491_TL00013" HPOS="353" VPOS="976" WIDTH="1494" HEIGHT="49">
            <String ID="P491_S00131" HPOS="353" VPOS="981" WIDTH="154" HEIGHT="40" STYLEREFS="StyleId-2" CONTENT="greater" WC="0.561428547" CC="10700706" />
            <SP ID="P491_SP00119" WIDTH="0" HPOS="0" VPOS="0" />
            <String ID="P491_S00132" HPOS="520" VPOS="979" WIDTH="79" HEIGHT="42" STYLEREFS="StyleId-2" CONTENT="risk" WC="0.59" CC="6062" />
            <SP ID="P491_SP00120" WIDTH="0" HPOS="0" VPOS="0" />
            <String ID="P491_S00133" HPOS="619" VPOS="979" WIDTH="98" HEIGHT="42" STYLEREFS="StyleId-2" CONTENT="than" WC="0.655" CC="0706" />
            <SP ID="P491_SP00121" WIDTH="0" HPOS="0" VPOS="0" />
            <String ID="P491_S00134" HPOS="737" VPOS="979" WIDTH="40" HEIGHT="42" STYLEREFS="StyleId-2" CONTENT="in" WC="0.4" CC="47" />
            <SP ID="P491_SP00122" WIDTH="0" HPOS="0" VPOS="0" />
            <String ID="P491_S00135" HPOS="795" VPOS="990" WIDTH="100" HEIGHT="31" STYLEREFS="StyleId-2" CONTENT="ours." WC="0.544" CC="36570" />
            <SP ID="P491_SP00123" WIDTH="0" HPOS="0" VPOS="0" />
            <String ID="P491_S00136" HPOS="939" VPOS="979" WIDTH="79" HEIGHT="42" STYLEREFS="StyleId-2" CONTENT="The" WC="0.966666639" CC="001" />
            <SP ID="P491_SP00124" WIDTH="0" HPOS="0" VPOS="0" />
            <String ID="P491_S00137" HPOS="1032" VPOS="991" WIDTH="156" HEIGHT="30" STYLEREFS="StyleId-2" CONTENT="reasons" WC="0.612857163" CC="6007076" />
            <SP ID="P491_SP00125" WIDTH="0" HPOS="0" VPOS="0" />
            <String ID="P491_S00138" HPOS="1209" VPOS="981" WIDTH="92" HEIGHT="40" STYLEREFS="StyleId-2" CONTENT="that" WC="0.9425" CC="0020" />
            <SP ID="P491_SP00126" WIDTH="0" HPOS="0" VPOS="0" />
            <String ID="P491_S00139" HPOS="1320" VPOS="980" WIDTH="131" HEIGHT="41" STYLEREFS="StyleId-2" CONTENT="induce" WC="0.745" CC="070430" />
            <SP ID="P491_SP00127" WIDTH="0" HPOS="0" VPOS="0" />
            <String ID="P491_S00140" HPOS="1471" VPOS="991" WIDTH="59" HEIGHT="30" STYLEREFS="StyleId-2" CONTENT="me" WC="0.83" CC="03" />
            <SP ID="P491_SP00128" WIDTH="0" HPOS="0" VPOS="0" />
            <String ID="P491_S00141" HPOS="1549" VPOS="982" WIDTH="44" HEIGHT="39" STYLEREFS="StyleId-2" CONTENT="to" WC="1" CC="00" />
            <SP ID="P491_SP00129" WIDTH="0" HPOS="0" VPOS="0" />
            <String ID="P491_S00142" HPOS="1614" VPOS="980" WIDTH="233" HEIGHT="41" STYLEREFS="StyleId-2" CONTENT="recommend" WC="0.79" CC="400000067" />
          </TextLine>
          <TextLine ID="P491_TL00014" HPOS="353" VPOS="1032" WIDTH="1494" HEIGHT="48">
            <String ID="P491_S00143" HPOS="353" VPOS="1034" WIDTH="68" HEIGHT="33" STYLEREFS="StyleId-2" CONTENT="the" WC="0.8566667" CC="201" />
            <SP ID="P491_SP00130" WIDTH="0" HPOS="0" VPOS="0" />
            <String ID="P491_S00144" HPOS="434" VPOS="1032" WIDTH="258" HEIGHT="44" STYLEREFS="StyleId-2" CONTENT="employment" WC="0.766" CC="0805003060" />
            <SP ID="P491_SP00131" WIDTH="0" HPOS="0" VPOS="0" />
            <String ID="P491_S00145" HPOS="706" VPOS="1034" WIDTH="45" HEIGHT="42" STYLEREFS="StyleId-2" CONTENT="of" WC="1" CC="00" />
            <SP ID="P491_SP00132" WIDTH="0" HPOS="0" VPOS="0" />
            <String ID="P491_S00146" HPOS="766" VPOS="1045" WIDTH="116" HEIGHT="32" STYLEREFS="StyleId-2" CONTENT="negro" WC="0.72" CC="52060" />
            <SP ID="P491_SP00133" WIDTH="0" HPOS="0" VPOS="0" />
            <String ID="P491_S00147" HPOS="897" VPOS="1036" WIDTH="139" HEIGHT="42" STYLEREFS="StyleId-2" CONTENT="troops" WC="0.645" CC="1050005" />
            <SP ID="P491_SP00134" WIDTH="0" HPOS="0" VPOS="0" />
            <String ID="P491_S00148" HPOS="1051" VPOS="1037" WIDTH="46" HEIGHT="41" STYLEREFS="StyleId-2" CONTENT="at" WC="0.565" CC="80" />
            <SP ID="P491_SP00135" WIDTH="0" HPOS="0" VPOS="0" />
            <String ID="P491_S00149" HPOS="1110" VPOS="1036" WIDTH="51" HEIGHT="42" STYLEREFS="StyleId-2" CONTENT="all" WC="0.9433333" CC="010" />
            <SP ID="P491_SP00136" WIDTH="0" HPOS="0" VPOS="0" />
            <String ID="P491_S00150" HPOS="1182" VPOS="1036" WIDTH="131" HEIGHT="42" STYLEREFS="StyleId-2" CONTENT="render" WC="0.6166667" CC="606305" />
            <SP ID="P491_SP00137" WIDTH="0" HPOS="0" VPOS="0" />
            <String ID="P491_S00151" HPOS="1326" VPOS="1037" WIDTH="66" HEIGHT="41" STYLEREFS="StyleId-2" CONTENT="the" WC="1" CC="000" />
            <SP ID="P491_SP00138" WIDTH="0" HPOS="0" VPOS="0" />
            <String ID="P491_S00152" HPOS="1405" VPOS="1036" WIDTH="105" HEIGHT="42" STYLEREFS="StyleId-2" CONTENT="effect" WC="0.8" CC="056000" />
            <SP ID="P491_SP00139" WIDTH="0" HPOS="0" VPOS="0" />
            <String ID="P491_S00153" HPOS="1524" VPOS="1036" WIDTH="42" HEIGHT="42" STYLEREFS="StyleId-2" CONTENT="of" WC="1" CC="00" />
            <SP ID="P491_SP00140" WIDTH="0" HPOS="0" VPOS="0" />
            <String ID="P491_S00154" HPOS="1581" VPOS="1036" WIDTH="65" HEIGHT="42" STYLEREFS="StyleId-2" CONTENT="the" WC="1" CC="000" />
            <SP ID="P491_SP00141" WIDTH="0" HPOS="0" VPOS="0" />
            <String ID="P491_S00155" HPOS="1659" VPOS="1046" WIDTH="188" HEIGHT="32" STYLEREFS="StyleId-2" CONTENT="measures" WC="0.59" CC="90460408" />
          </TextLine>
          <TextLine ID="P491_TL00015" HPOS="354" VPOS="1087" WIDTH="1494" HEIGHT="49">
            <String ID="P491_S00156" HPOS="354" VPOS="1088" WIDTH="20" HEIGHT="33" STYLEREFS="StyleId-2" CONTENT="I" WC="0.76" CC="2" />
            <SP ID="P491_SP00142" WIDTH="0" HPOS="0" VPOS="0" />
            <String ID="P491_S00157" HPOS="395" VPOS="1089" WIDTH="100" HEIGHT="33" STYLEREFS="StyleId-2" CONTENT="have" WC="0.8425" CC="0600" />
            <SP ID="P491_SP00143" WIDTH="0" HPOS="0" VPOS="0" />
            <String ID="P491_S00158" HPOS="508" VPOS="1089" WIDTH="204" HEIGHT="42" STYLEREFS="StyleId-2" CONTENT="suggested" WC="0.5188889" CC="790006838" />
            <SP ID="P491_SP00144" WIDTH="0" HPOS="0" VPOS="0" />
            <String ID="P491_S00159" HPOS="733" VPOS="1100" WIDTH="104" HEIGHT="32" STYLEREFS="StyleId-2" CONTENT="upon" WC="0.45" CC="7707" />
            <SP ID="P491_SP00145" WIDTH="0" HPOS="0" VPOS="0" />
            <String ID="P491_S00160" HPOS="853" VPOS="1090" WIDTH="150" HEIGHT="43" STYLEREFS="StyleId-2" CONTENT="slavery" WC="0.6457143" CC="73100040" />
            <SP ID="P491_SP00146" WIDTH="0" HPOS="0" VPOS="0" />
            <String ID="P491_S00161" HPOS="1017" VPOS="1091" WIDTH="240" HEIGHT="43" STYLEREFS="StyleId-2" CONTENT="immaterial," WC="0.765454531" CC="05000141533" />
            <SP ID="P491_SP00147" WIDTH="0" HPOS="0" VPOS="0" />
            <String ID="P491_S00162" HPOS="1274" VPOS="1092" WIDTH="77" HEIGHT="42" STYLEREFS="StyleId-2" CONTENT="and" WC="0.416666657" CC="1070" />
            <SP ID="P491_SP00148" WIDTH="0" HPOS="0" VPOS="0" />
            <String ID="P491_S00163" HPOS="1371" VPOS="1092" WIDTH="39" HEIGHT="42" STYLEREFS="StyleId-2" CONTENT="in" WC="0.625" CC="52" />
            <SP ID="P491_SP00149" WIDTH="0" HPOS="0" VPOS="0" />
            <String ID="P491_S00164" HPOS="1425" VPOS="1102" WIDTH="64" HEIGHT="32" STYLEREFS="StyleId-2" CONTENT="my" WC="1" CC="00" />
            <SP ID="P491_SP00150" WIDTH="0" HPOS="0" VPOS="0" />
            <String ID="P491_S00165" HPOS="1504" VPOS="1091" WIDTH="154" HEIGHT="43" STYLEREFS="StyleId-2" CONTENT="opinion" WC="0.742857158" CC="0007207" />
            <SP ID="P491_SP00151" WIDTH="0" HPOS="0" VPOS="0" />
            <String ID="P491_S00166" HPOS="1677" VPOS="1091" WIDTH="66" HEIGHT="43" STYLEREFS="StyleId-2" CONTENT="the" WC="1" CC="000" />
            <SP ID="P491_SP00152" WIDTH="0" HPOS="0" VPOS="0" />
            <String ID="P491_S00167" HPOS="1762" VPOS="1091" WIDTH="86" HEIGHT="43" STYLEREFS="StyleId-2" CONTENT="best" WC="0.48" CC="7076" />
          </TextLine>
          <TextLine ID="P491_TL00016" HPOS="354" VPOS="1142" WIDTH="1492" HEIGHT="49">
            <String ID="P491_S00168" HPOS="354" VPOS="1154" WIDTH="132" HEIGHT="23" STYLEREFS="StyleId-2" CONTENT="means" WC="0.68" CC="80006" />
            <SP ID="P491_SP00153" WIDTH="0" HPOS="0" VPOS="0" />
            <String ID="P491_S00169" HPOS="502" VPOS="1143" WIDTH="38" HEIGHT="35" STYLEREFS="StyleId-2" CONTENT="of" WC="0.775" CC="04" />
            <SP ID="P491_SP00154" WIDTH="0" HPOS="0" VPOS="0" />
            <String ID="P491_S00170" HPOS="561" VPOS="1145" WIDTH="171" HEIGHT="42" STYLEREFS="StyleId-2" CONTENT="securing" WC="0.50375" CC="600464710" />
            <SP ID="P491_SP00155" WIDTH="0" HPOS="0" VPOS="0" />
            <String ID="P491_S00171" HPOS="746" VPOS="1145" WIDTH="66" HEIGHT="42" STYLEREFS="StyleId-2" CONTENT="the" WC="0.766666651" CC="070" />
            <SP ID="P491_SP00156" WIDTH="0" HPOS="0" VPOS="0" />
            <String ID="P491_S00172" HPOS="825" VPOS="1144" WIDTH="184" HEIGHT="43" STYLEREFS="StyleId-2" CONTENT="efficiency" WC="0.551" CC="07660607010" />
            <SP ID="P491_SP00157" WIDTH="0" HPOS="0" VPOS="0" />
            <String ID="P491_S00173" HPOS="1024" VPOS="1147" WIDTH="77" HEIGHT="40" STYLEREFS="StyleId-2" CONTENT="and" WC="0.67" CC="072" />
            <SP ID="P491_SP00158" WIDTH="0" HPOS="0" VPOS="0" />
            <String ID="P491_S00174" HPOS="1116" VPOS="1147" WIDTH="144" HEIGHT="42" STYLEREFS="StyleId-2" CONTENT="fidelity" WC="0.96" CC="00002000" />
            <SP ID="P491_SP00159" WIDTH="0" HPOS="0" VPOS="0" />
            <String ID="P491_S00175" HPOS="1268" VPOS="1146" WIDTH="43" HEIGHT="43" STYLEREFS="StyleId-2" CONTENT="of" WC="0.655" CC="15" />
            <SP ID="P491_SP00160" WIDTH="0" HPOS="0" VPOS="0" />
            <String ID="P491_S00176" HPOS="1326" VPOS="1147" WIDTH="78" HEIGHT="42" STYLEREFS="StyleId-2" CONTENT="this" WC="0.4625" CC="0777" />
            <SP ID="P491_SP00161" WIDTH="0" HPOS="0" VPOS="0" />
            <String ID="P491_S00177" HPOS="1419" VPOS="1146" WIDTH="187" HEIGHT="43" STYLEREFS="StyleId-2" CONTENT="auxiliary" WC="0.855555534" CC="043000050" />
            <SP ID="P491_SP00162" WIDTH="0" HPOS="0" VPOS="0" />
            <String ID="P491_S00178" HPOS="1619" VPOS="1146" WIDTH="98" HEIGHT="43" STYLEREFS="StyleId-2" CONTENT="force" WC="0.654" CC="46600" />
            <SP ID="P491_SP00163" WIDTH="0" HPOS="0" VPOS="0" />
            <String ID="P491_S00179" HPOS="1724" VPOS="1146" WIDTH="122" HEIGHT="43" STYLEREFS="StyleId-2" CONTENT="would" WC="0.364" CC="106545" />
          </TextLine>
          <TextLine ID="P491_TL00017" HPOS="354" VPOS="1198" WIDTH="1491" HEIGHT="49">
            <String ID="P491_S00180" HPOS="354" VPOS="1198" WIDTH="48" HEIGHT="34" STYLEREFS="StyleId-2" CONTENT="be" WC="0.97" CC="00" />
            <SP ID="P491_SP00164" WIDTH="0" HPOS="0" VPOS="0" />
            <String ID="P491_S00181" HPOS="422" VPOS="1201" WIDTH="45" HEIGHT="31" STYLEREFS="StyleId-2" CONTENT="to" WC="1" CC="00" />
            <SP ID="P491_SP00165" WIDTH="0" HPOS="0" VPOS="0" />
            <String ID="P491_S00182" HPOS="484" VPOS="1209" WIDTH="235" HEIGHT="32" STYLEREFS="StyleId-2" CONTENT="accompany" WC="0.783333361" CC="002063060" />
            <SP ID="P491_SP00166" WIDTH="0" HPOS="0" VPOS="0" />
            <String ID="P491_S00183" HPOS="733" VPOS="1200" WIDTH="67" HEIGHT="41" STYLEREFS="StyleId-2" CONTENT="the" WC="1" CC="000" />
            <SP ID="P491_SP00167" WIDTH="0" HPOS="0" VPOS="0" />
            <String ID="P491_S00184" HPOS="814" VPOS="1209" WIDTH="170" HEIGHT="32" STYLEREFS="StyleId-2" CONTENT="measure" WC="0.7128571" CC="0007750" />
            <SP ID="P491_SP00168" WIDTH="0" HPOS="0" VPOS="0" />
            <String ID="P491_S00185" HPOS="998" VPOS="1201" WIDTH="90" HEIGHT="40" STYLEREFS="StyleId-2" CONTENT="with" WC="0.8525" CC="0500" />
            <SP ID="P491_SP00169" WIDTH="0" HPOS="0" VPOS="0" />
            <String ID="P491_S00186" HPOS="1104" VPOS="1211" WIDTH="25" HEIGHT="30" STYLEREFS="StyleId-2" CONTENT="a" WC="0.42" CC="5" />
            <SP ID="P491_SP00170" WIDTH="0" HPOS="0" VPOS="0" />
            <String ID="P491_S00187" HPOS="1142" VPOS="1202" WIDTH="262" HEIGHT="44" STYLEREFS="StyleId-2" CONTENT="well-digested" WC="0.6707692" CC="00360841008010" />
            <SP ID="P491_SP00171" WIDTH="0" HPOS="0" VPOS="0" />
            <String ID="P491_S00188" HPOS="1424" VPOS="1203" WIDTH="90" HEIGHT="43" STYLEREFS="StyleId-2" CONTENT="plan" WC="0.575" CC="0376" />
            <SP ID="P491_SP00172" WIDTH="0" HPOS="0" VPOS="0" />
            <String ID="P491_S00189" HPOS="1530" VPOS="1201" WIDTH="42" HEIGHT="45" STYLEREFS="StyleId-2" CONTENT="of" WC="1" CC="00" />
            <SP ID="P491_SP00173" WIDTH="0" HPOS="0" VPOS="0" />
            <String ID="P491_S00190" HPOS="1586" VPOS="1202" WIDTH="162" HEIGHT="44" STYLEREFS="StyleId-2" CONTENT="gradual" WC="0.63" CC="0590505" />
            <SP ID="P491_SP00174" WIDTH="0" HPOS="0" VPOS="0" />
            <String ID="P491_S00191" HPOS="1769" VPOS="1202" WIDTH="76" HEIGHT="44" STYLEREFS="StyleId-2" CONTENT="and" WC="0.6" CC="038" />
          </TextLine>
          <TextLine ID="P491_TL00018" HPOS="356" VPOS="1252" WIDTH="1494" HEIGHT="48">
            <String ID="P491_S00192" HPOS="355" VPOS="1254" WIDTH="153" HEIGHT="42" STYLEREFS="StyleId-2" CONTENT="general" WC="0.45" CC="90705106" />
            <SP ID="P491_SP00175" WIDTH="0" HPOS="0" VPOS="0" />
            <String ID="P491_S00193" HPOS="529" VPOS="1254" WIDTH="294" HEIGHT="42" STYLEREFS="StyleId-2" CONTENT="emancipation." WC="0.691538453" CC="0076050083072" />
            <SP ID="P491_SP00176" WIDTH="0" HPOS="0" VPOS="0" />
            <String ID="P491_S00194" HPOS="867" VPOS="1256" WIDTH="51" HEIGHT="40" STYLEREFS="StyleId-2" CONTENT="As" WC="0.29" CC="77" />
            <SP ID="P491_SP00177" WIDTH="0" HPOS="0" VPOS="0" />
            <String ID="P491_S00195" HPOS="939" VPOS="1256" WIDTH="92" HEIGHT="40" STYLEREFS="StyleId-2" CONTENT="that" WC="0.75" CC="00010" />
            <SP ID="P491_SP00178" WIDTH="0" HPOS="0" VPOS="0" />
            <String ID="P491_S00196" HPOS="1044" VPOS="1257" WIDTH="71" HEIGHT="39" STYLEREFS="StyleId-2" CONTENT="will" WC="0.4125" CC="9634" />
            <SP ID="P491_SP00179" WIDTH="0" HPOS="0" VPOS="0" />
            <String ID="P491_S00197" HPOS="1135" VPOS="1256" WIDTH="46" HEIGHT="40" STYLEREFS="StyleId-2" CONTENT="be" WC="1" CC="00" />
            <SP ID="P491_SP00180" WIDTH="0" HPOS="0" VPOS="0" />
            <String ID="P491_S00198" HPOS="1195" VPOS="1257" WIDTH="64" HEIGHT="39" STYLEREFS="StyleId-2" CONTENT="the" WC="0.436666667" CC="970" />
            <SP ID="P491_SP00181" WIDTH="0" HPOS="0" VPOS="0" />
            <String ID="P491_S00199" HPOS="1273" VPOS="1257" WIDTH="118" HEIGHT="39" STYLEREFS="StyleId-2" CONTENT="result" WC="0.663333356" CC="308620" />
            <SP ID="P491_SP00182" WIDTH="0" HPOS="0" VPOS="0" />
            <String ID="P491_S00200" HPOS="1412" VPOS="1257" WIDTH="41" HEIGHT="39" STYLEREFS="StyleId-2" CONTENT="of" WC="1" CC="00" />
            <SP ID="P491_SP00183" WIDTH="0" HPOS="0" VPOS="0" />
            <String ID="P491_S00201" HPOS="1470" VPOS="1257" WIDTH="64" HEIGHT="39" STYLEREFS="StyleId-2" CONTENT="the" WC="0.79" CC="600" />
            <SP ID="P491_SP00184" WIDTH="0" HPOS="0" VPOS="0" />
            <String ID="P491_S00202" HPOS="1547" VPOS="1257" WIDTH="246" HEIGHT="39" STYLEREFS="StyleId-2" CONTENT="continuance" WC="0.584545434" CC="00664757700" />
            <SP ID="P491_SP00185" WIDTH="0" HPOS="0" VPOS="0" />
            <String ID="P491_S00203" HPOS="1807" VPOS="1256" WIDTH="43" HEIGHT="40" STYLEREFS="StyleId-2" CONTENT="of" WC="0.87" CC="02" />
          </TextLine>
          <TextLine ID="P491_TL00019" HPOS="355" VPOS="1308" WIDTH="1490" HEIGHT="47">
            <String ID="P491_S00204" HPOS="355" VPOS="1309" WIDTH="67" HEIGHT="33" STYLEREFS="StyleId-2" CONTENT="the" WC="0.6666667" CC="0100" />
            <SP ID="P491_SP00186" WIDTH="0" HPOS="0" VPOS="0" />
            <String ID="P491_S00205" HPOS="436" VPOS="1319" WIDTH="89" HEIGHT="32" STYLEREFS="StyleId-2" CONTENT="war," WC="0.795" CC="0034" />
            <SP ID="P491_SP00187" WIDTH="0" HPOS="0" VPOS="0" />
            <String ID="P491_S00206" HPOS="544" VPOS="1309" WIDTH="77" HEIGHT="42" STYLEREFS="StyleId-2" CONTENT="and" WC="0.7733333" CC="060" />
            <SP ID="P491_SP00188" WIDTH="0" HPOS="0" VPOS="0" />
            <String ID="P491_S00207" HPOS="641" VPOS="1309" WIDTH="72" HEIGHT="42" STYLEREFS="StyleId-2" CONTENT="will" WC="0.75" CC="0405" />
            <SP ID="P491_SP00189" WIDTH="0" HPOS="0" VPOS="0" />
            <String ID="P491_S00208" HPOS="733" VPOS="1310" WIDTH="185" HEIGHT="43" STYLEREFS="StyleId-2" CONTENT="certainly" WC="0.803333342" CC="407000040" />
            <SP ID="P491_SP00190" WIDTH="0" HPOS="0" VPOS="0" />
            <String ID="P491_S00209" HPOS="940" VPOS="1321" WIDTH="111" HEIGHT="32" STYLEREFS="StyleId-2" CONTENT="occur" WC="0.694" CC="00356" />
            <SP ID="P491_SP00191" WIDTH="0" HPOS="0" VPOS="0" />
            <String ID="P491_S00210" HPOS="1070" VPOS="1311" WIDTH="32" HEIGHT="42" STYLEREFS="StyleId-2" CONTENT="if" WC="0.67" CC="60" />
            <SP ID="P491_SP00192" WIDTH="0" HPOS="0" VPOS="0" />
            <String ID="P491_S00211" HPOS="1116" VPOS="1312" WIDTH="66" HEIGHT="41" STYLEREFS="StyleId-2" CONTENT="the" WC="1" CC="000" />
            <SP ID="P491_SP00193" WIDTH="0" HPOS="0" VPOS="0" />
            <String ID="P491_S00212" HPOS="1201" VPOS="1322" WIDTH="131" HEIGHT="32" STYLEREFS="StyleId-2" CONTENT="enemy" WC="0.854" CC="07000" />
            <SP ID="P491_SP00194" WIDTH="0" HPOS="0" VPOS="0" />
            <String ID="P491_S00213" HPOS="1352" VPOS="1312" WIDTH="160" HEIGHT="42" STYLEREFS="StyleId-2" CONTENT="succeed," WC="0.7675" CC="76020002" />
            <SP ID="P491_SP00195" WIDTH="0" HPOS="0" VPOS="0" />
            <String ID="P491_S00214" HPOS="1534" VPOS="1312" WIDTH="33" HEIGHT="42" STYLEREFS="StyleId-2" CONTENT="it" WC="0.35" CC="310" />
            <SP ID="P491_SP00196" WIDTH="0" HPOS="0" VPOS="0" />
            <String ID="P491_S00215" HPOS="1586" VPOS="1322" WIDTH="115" HEIGHT="32" STYLEREFS="StyleId-2" CONTENT="seems" WC="0.706" CC="62006" />
            <SP ID="P491_SP00197" WIDTH="0" HPOS="0" VPOS="0" />
            <String ID="P491_S00216" HPOS="1721" VPOS="1314" WIDTH="44" HEIGHT="40" STYLEREFS="StyleId-2" CONTENT="to" WC="0.105" CC="98" />
            <SP ID="P491_SP00198" WIDTH="0" HPOS="0" VPOS="0" />
            <String ID="P491_S00217" HPOS="1786" VPOS="1322" WIDTH="59" HEIGHT="32" STYLEREFS="StyleId-2" CONTENT="me" WC="1" CC="00" />
          </TextLine>
          <TextLine ID="P491_TL00020" HPOS="356" VPOS="1363" WIDTH="1489" HEIGHT="48">
            <String ID="P491_S00218" HPOS="356" VPOS="1366" WIDTH="106" HEIGHT="31" STYLEREFS="StyleId-2" CONTENT="most" WC="0.6775" CC="7050" />
            <SP ID="P491_SP00199" WIDTH="0" HPOS="0" VPOS="0" />
            <String ID="P491_S00219" HPOS="483" VPOS="1363" WIDTH="197" HEIGHT="35" STYLEREFS="StyleId-2" CONTENT="advisable" WC="0.716666639" CC="000660722" />
            <SP ID="P491_SP00200" WIDTH="0" HPOS="0" VPOS="0" />
            <String ID="P491_S00220" HPOS="694" VPOS="1366" WIDTH="44" HEIGHT="32" STYLEREFS="StyleId-2" CONTENT="to" WC="0.91" CC="01" />
            <SP ID="P491_SP00201" WIDTH="0" HPOS="0" VPOS="0" />
            <String ID="P491_S00221" HPOS="755" VPOS="1365" WIDTH="123" HEIGHT="43" STYLEREFS="StyleId-2" CONTENT="adopt" WC="0.928" CC="30000" />
            <SP ID="P491_SP00202" WIDTH="0" HPOS="0" VPOS="0" />
            <String ID="P491_S00222" HPOS="892" VPOS="1366" WIDTH="34" HEIGHT="42" STYLEREFS="StyleId-2" CONTENT="it" WC="1" CC="00" />
            <SP ID="P491_SP00203" WIDTH="0" HPOS="0" VPOS="0" />
            <String ID="P491_S00223" HPOS="939" VPOS="1368" WIDTH="46" HEIGHT="40" STYLEREFS="StyleId-2" CONTENT="at" WC="1" CC="00" />
            <SP ID="P491_SP00204" WIDTH="0" HPOS="0" VPOS="0" />
            <String ID="P491_S00224" HPOS="999" VPOS="1376" WIDTH="99" HEIGHT="33" STYLEREFS="StyleId-2" CONTENT="once," WC="0.828" CC="05002" />
            <SP ID="P491_SP00205" WIDTH="0" HPOS="0" VPOS="0" />
            <String ID="P491_S00225" HPOS="1117" VPOS="1367" WIDTH="77" HEIGHT="42" STYLEREFS="StyleId-2" CONTENT="and" WC="0.783333361" CC="060" />
            <SP ID="P491_SP00206" WIDTH="0" HPOS="0" VPOS="0" />
            <String ID="P491_S00226" HPOS="1214" VPOS="1367" WIDTH="157" HEIGHT="42" STYLEREFS="StyleId-2" CONTENT="thereby" WC="0.8257143" CC="0004070" />
            <SP ID="P491_SP00207" WIDTH="0" HPOS="0" VPOS="0" />
            <String ID="P491_S00227" HPOS="1386" VPOS="1367" WIDTH="134" HEIGHT="42" STYLEREFS="StyleId-2" CONTENT="obtain" WC="0.678333342" CC="060227" />
            <SP ID="P491_SP00208" WIDTH="0" HPOS="0" VPOS="0" />
            <String ID="P491_S00228" HPOS="1535" VPOS="1367" WIDTH="50" HEIGHT="42" STYLEREFS="StyleId-2" CONTENT="all" WC="0.75666666" CC="043" />
            <SP ID="P491_SP00209" WIDTH="0" HPOS="0" VPOS="0" />
            <String ID="P491_S00229" HPOS="1604" VPOS="1367" WIDTH="65" HEIGHT="42" STYLEREFS="StyleId-2" CONTENT="the" WC="1" CC="000" />
            <SP ID="P491_SP00210" WIDTH="0" HPOS="0" VPOS="0" />
            <String ID="P491_S00230" HPOS="1688" VPOS="1367" WIDTH="157" HEIGHT="42" STYLEREFS="StyleId-2" CONTENT="benefits" WC="0.82375" CC="00600008" />
          </TextLine>
          <TextLine ID="P491_TL00021" HPOS="355" VPOS="1418" WIDTH="608" HEIGHT="37">
            <String ID="P491_S00231" HPOS="355" VPOS="1418" WIDTH="95" HEIGHT="34" STYLEREFS="StyleId-2" CONTENT="that" WC="0.855" CC="5000" />
            <SP ID="P491_SP00211" WIDTH="0" HPOS="0" VPOS="0" />
            <String ID="P491_S00232" HPOS="463" VPOS="1419" WIDTH="71" HEIGHT="33" STYLEREFS="StyleId-2" CONTENT="will" WC="0.945" CC="0020" />
            <SP ID="P491_SP00212" WIDTH="0" HPOS="0" VPOS="0" />
            <String ID="P491_S00233" HPOS="551" VPOS="1429" WIDTH="130" HEIGHT="23" STYLEREFS="StyleId-2" CONTENT="accrue" WC="0.815" CC="000550" />
            <SP ID="P491_SP00213" WIDTH="0" HPOS="0" VPOS="0" />
            <String ID="P491_S00234" HPOS="695" VPOS="1422" WIDTH="45" HEIGHT="31" STYLEREFS="StyleId-2" CONTENT="to" WC="1" CC="00" />
            <SP ID="P491_SP00214" WIDTH="0" HPOS="0" VPOS="0" />
            <String ID="P491_S00235" HPOS="757" VPOS="1430" WIDTH="71" HEIGHT="23" STYLEREFS="StyleId-2" CONTENT="our" WC="0.7" CC="062" />
            <SP ID="P491_SP00215" WIDTH="0" HPOS="0" VPOS="0" />
            <String ID="P491_S00236" HPOS="841" VPOS="1430" WIDTH="122" HEIGHT="25" STYLEREFS="StyleId-2" CONTENT="cause." WC="0.535" CC="584702" />
          </TextLine>
          <TextLine ID="P491_TL00022" HPOS="438" VPOS="1473" WIDTH="1406" HEIGHT="48">
            <String ID="P491_S00237" HPOS="438" VPOS="1473" WIDTH="110" HEIGHT="35" STYLEREFS="StyleId-2" CONTENT="&quot;The" WC="0.89" CC="0004" />
            <SP ID="P491_SP00216" WIDTH="0" HPOS="0" VPOS="0" />
            <String ID="P491_S00238" HPOS="568" VPOS="1474" WIDTH="257" HEIGHT="42" STYLEREFS="StyleId-2" CONTENT="employment" WC="0.804" CC="0604100070" />
            <SP ID="P491_SP00217" WIDTH="0" HPOS="0" VPOS="0" />
            <String ID="P491_S00239" HPOS="853" VPOS="1476" WIDTH="38" HEIGHT="40" STYLEREFS="StyleId-2" CONTENT="of" WC="0.66" CC="06" />
            <SP ID="P491_SP00218" WIDTH="0" HPOS="0" VPOS="0" />
            <String ID="P491_S00240" HPOS="918" VPOS="1486" WIDTH="116" HEIGHT="32" STYLEREFS="StyleId-2" CONTENT="negro" WC="0.682" CC="100050" />
            <SP ID="P491_SP00219" WIDTH="0" HPOS="0" VPOS="0" />
            <String ID="P491_S00241" HPOS="1062" VPOS="1478" WIDTH="137" HEIGHT="41" STYLEREFS="StyleId-2" CONTENT="troops" WC="0.74" CC="061007" />
            <SP ID="P491_SP00220" WIDTH="0" HPOS="0" VPOS="0" />
            <String ID="P491_S00242" HPOS="1225" VPOS="1476" WIDTH="118" HEIGHT="43" STYLEREFS="StyleId-2" CONTENT="under" WC="0.428" CC="77607" />
            <SP ID="P491_SP00221" WIDTH="0" HPOS="0" VPOS="0" />
            <String ID="P491_S00243" HPOS="1369" VPOS="1476" WIDTH="234" HEIGHT="43" STYLEREFS="StyleId-2" CONTENT="regulations" WC="0.6036364" CC="70075703057" />
            <SP ID="P491_SP00222" WIDTH="0" HPOS="0" VPOS="0" />
            <String ID="P491_S00244" HPOS="1631" VPOS="1477" WIDTH="141" HEIGHT="42" STYLEREFS="StyleId-2" CONTENT="similar" WC="0.58" CC="8580070" />
            <SP ID="P491_SP00223" WIDTH="0" HPOS="0" VPOS="0" />
            <String ID="P491_S00245" HPOS="1798" VPOS="1479" WIDTH="46" HEIGHT="40" STYLEREFS="StyleId-2" CONTENT="to" WC="0.15" CC="97" />
          </TextLine>
          <TextLine ID="P491_TL00023" HPOS="355" VPOS="1527" WIDTH="1489" HEIGHT="49">
            <String ID="P491_S00246" HPOS="355" VPOS="1528" WIDTH="113" HEIGHT="34" STYLEREFS="StyleId-2" CONTENT="those" WC="0.858" CC="00070" />
            <SP ID="P491_SP00224" WIDTH="0" HPOS="0" VPOS="0" />
            <String ID="P491_S00247" HPOS="495" VPOS="1528" WIDTH="192" HEIGHT="35" STYLEREFS="StyleId-2" CONTENT="indicated" WC="0.834444463" CC="070700000" />
            <SP ID="P491_SP00225" WIDTH="0" HPOS="0" VPOS="0" />
            <String ID="P491_S00248" HPOS="714" VPOS="1530" WIDTH="134" HEIGHT="41" STYLEREFS="StyleId-2" CONTENT="would," WC="0.498333335" CC="706483" />
            <SP ID="P491_SP00226" WIDTH="0" HPOS="0" VPOS="0" />
            <String ID="P491_S00249" HPOS="879" VPOS="1530" WIDTH="38" HEIGHT="41" STYLEREFS="StyleId-2" CONTENT="in" WC="0.3" CC="67" />
            <SP ID="P491_SP00227" WIDTH="0" HPOS="0" VPOS="0" />
            <String ID="P491_S00250" HPOS="945" VPOS="1541" WIDTH="64" HEIGHT="31" STYLEREFS="StyleId-2" CONTENT="my" WC="1" CC="00" />
            <SP ID="P491_SP00228" WIDTH="0" HPOS="0" VPOS="0" />
            <String ID="P491_S00251" HPOS="1031" VPOS="1530" WIDTH="165" HEIGHT="44" STYLEREFS="StyleId-2" CONTENT="opinion," WC="0.83625" CC="00304031" />
            <SP ID="P491_SP00229" WIDTH="0" HPOS="0" VPOS="0" />
            <String ID="P491_S00252" HPOS="1226" VPOS="1532" WIDTH="149" HEIGHT="42" STYLEREFS="StyleId-2" CONTENT="greatly" WC="0.817142844" CC="0505010" />
            <SP ID="P491_SP00230" WIDTH="0" HPOS="0" VPOS="0" />
            <String ID="P491_S00253" HPOS="1402" VPOS="1532" WIDTH="163" HEIGHT="42" STYLEREFS="StyleId-2" CONTENT="increase" WC="0.61875" CC="37270270" />
            <SP ID="P491_SP00231" WIDTH="0" HPOS="0" VPOS="0" />
            <String ID="P491_S00254" HPOS="1586" VPOS="1542" WIDTH="70" HEIGHT="32" STYLEREFS="StyleId-2" CONTENT="our" WC="0.683333337" CC="044" />
            <SP ID="P491_SP00232" WIDTH="0" HPOS="0" VPOS="0" />
            <String ID="P491_S00255" HPOS="1676" VPOS="1532" WIDTH="168" HEIGHT="42" STYLEREFS="StyleId-2" CONTENT="military" WC="0.9425" CC="00000040" />
          </TextLine>
          <TextLine ID="P491_TL00024" HPOS="355" VPOS="1583" WIDTH="1486" HEIGHT="48">
            <String ID="P491_S00256" HPOS="355" VPOS="1584" WIDTH="189" HEIGHT="42" STYLEREFS="StyleId-2" CONTENT="strength," WC="0.6577778" CC="6510700100" />
            <SP ID="P491_SP00233" WIDTH="0" HPOS="0" VPOS="0" />
            <String ID="P491_S00257" HPOS="562" VPOS="1584" WIDTH="77" HEIGHT="42" STYLEREFS="StyleId-2" CONTENT="and" WC="0.436666667" CC="1060" />
            <SP ID="P491_SP00234" WIDTH="0" HPOS="0" VPOS="0" />
            <String ID="P491_S00258" HPOS="660" VPOS="1584" WIDTH="132" HEIGHT="42" STYLEREFS="StyleId-2" CONTENT="enable" WC="0.91" CC="050000" />
            <SP ID="P491_SP00235" WIDTH="0" HPOS="0" VPOS="0" />
            <String ID="P491_S00259" HPOS="806" VPOS="1595" WIDTH="45" HEIGHT="31" STYLEREFS="StyleId-2" CONTENT="us" WC="0.355" CC="75" />
            <SP ID="P491_SP00236" WIDTH="0" HPOS="0" VPOS="0" />
            <String ID="P491_S00260" HPOS="865" VPOS="1587" WIDTH="44" HEIGHT="39" STYLEREFS="StyleId-2" CONTENT="to" WC="0.905" CC="01" />
            <SP ID="P491_SP00237" WIDTH="0" HPOS="0" VPOS="0" />
            <String ID="P491_S00261" HPOS="925" VPOS="1585" WIDTH="130" HEIGHT="41" STYLEREFS="StyleId-2" CONTENT="relieve" WC="0.871428549" CC="5030000" />
            <SP ID="P491_SP00238" WIDTH="0" HPOS="0" VPOS="0" />
            <String ID="P491_S00262" HPOS="1071" VPOS="1595" WIDTH="70" HEIGHT="31" STYLEREFS="StyleId-2" CONTENT="our" WC="0.563333333" CC="273" />
            <SP ID="P491_SP00239" WIDTH="0" HPOS="0" VPOS="0" />
            <String ID="P491_S00263" HPOS="1155" VPOS="1586" WIDTH="110" HEIGHT="40" STYLEREFS="StyleId-2" CONTENT="white" WC="1" CC="00000" />
            <SP ID="P491_SP00240" WIDTH="0" HPOS="0" VPOS="0" />
            <String ID="P491_S00264" HPOS="1285" VPOS="1587" WIDTH="228" HEIGHT="43" STYLEREFS="StyleId-2" CONTENT="population" WC="0.678" CC="04100600406" />
            <SP ID="P491_SP00241" WIDTH="0" HPOS="0" VPOS="0" />
            <String ID="P491_S00265" HPOS="1527" VPOS="1589" WIDTH="43" HEIGHT="41" STYLEREFS="StyleId-2" CONTENT="to" WC="1" CC="00" />
            <SP ID="P491_SP00242" WIDTH="0" HPOS="0" VPOS="0" />
            <String ID="P491_S00266" HPOS="1586" VPOS="1596" WIDTH="103" HEIGHT="34" STYLEREFS="StyleId-2" CONTENT="some" WC="0.7275" CC="6040" />
            <SP ID="P491_SP00243" WIDTH="0" HPOS="0" VPOS="0" />
            <String ID="P491_S00267" HPOS="1702" VPOS="1589" WIDTH="139" HEIGHT="41" STYLEREFS="StyleId-2" CONTENT="extent." WC="0.8" CC="01000004" />
          </TextLine>
          <TextLine ID="P491_TL00025" HPOS="355" VPOS="1636" WIDTH="1493" HEIGHT="49">
            <String ID="P491_S00268" HPOS="355" VPOS="1637" WIDTH="19" HEIGHT="34" STYLEREFS="StyleId-2" CONTENT="I" WC="0.8" CC="2" />
            <SP ID="P491_SP00244" WIDTH="0" HPOS="0" VPOS="0" />
            <String ID="P491_S00269" HPOS="402" VPOS="1636" WIDTH="112" HEIGHT="36" STYLEREFS="StyleId-2" CONTENT="think" WC="0.478" CC="47373" />
            <SP ID="P491_SP00245" WIDTH="0" HPOS="0" VPOS="0" />
            <String ID="P491_S00270" HPOS="541" VPOS="1649" WIDTH="52" HEIGHT="23" STYLEREFS="StyleId-2" CONTENT="we" WC="1" CC="00" />
            <SP ID="P491_SP00246" WIDTH="0" HPOS="0" VPOS="0" />
            <String ID="P491_S00271" HPOS="613" VPOS="1639" WIDTH="113" HEIGHT="34" STYLEREFS="StyleId-2" CONTENT="could" WC="0.774" CC="10720" />
            <SP ID="P491_SP00247" WIDTH="0" HPOS="0" VPOS="0" />
            <String ID="P491_S00272" HPOS="755" VPOS="1639" WIDTH="169" HEIGHT="43" STYLEREFS="StyleId-2" CONTENT="dispense" WC="0.46625" CC="96590750" />
            <SP ID="P491_SP00248" WIDTH="0" HPOS="0" VPOS="0" />
            <String ID="P491_S00273" HPOS="944" VPOS="1640" WIDTH="91" HEIGHT="42" STYLEREFS="StyleId-2" CONTENT="with" WC="0.785" CC="0440" />
            <SP ID="P491_SP00249" WIDTH="0" HPOS="0" VPOS="0" />
            <String ID="P491_S00274" HPOS="1064" VPOS="1641" WIDTH="64" HEIGHT="41" STYLEREFS="StyleId-2" CONTENT="the" WC="1" CC="000" />
            <SP ID="P491_SP00250" WIDTH="0" HPOS="0" VPOS="0" />
            <String ID="P491_S00275" HPOS="1147" VPOS="1651" WIDTH="145" HEIGHT="31" STYLEREFS="StyleId-2" CONTENT="reserve" WC="0.8057143" CC="3060300" />
            <SP ID="P491_SP00251" WIDTH="0" HPOS="0" VPOS="0" />
            <String ID="P491_S00276" HPOS="1319" VPOS="1641" WIDTH="126" HEIGHT="42" STYLEREFS="StyleId-2" CONTENT="forces," WC="0.737142861" CC="0045053" />
            <SP ID="P491_SP00252" WIDTH="0" HPOS="0" VPOS="0" />
            <String ID="P491_S00277" HPOS="1468" VPOS="1644" WIDTH="131" HEIGHT="40" STYLEREFS="StyleId-2" CONTENT="except" WC="0.92" CC="040000" />
            <SP ID="P491_SP00253" WIDTH="0" HPOS="0" VPOS="0" />
            <String ID="P491_S00278" HPOS="1625" VPOS="1641" WIDTH="38" HEIGHT="43" STYLEREFS="StyleId-2" CONTENT="in" WC="0.285" CC="77" />
            <SP ID="P491_SP00254" WIDTH="0" HPOS="0" VPOS="0" />
            <String ID="P491_S00279" HPOS="1683" VPOS="1652" WIDTH="102" HEIGHT="32" STYLEREFS="StyleId-2" CONTENT="eases" WC="0.68" CC="40605" />
            <SP ID="P491_SP00255" WIDTH="0" HPOS="0" VPOS="0" />
            <String ID="P491_S00280" HPOS="1806" VPOS="1641" WIDTH="42" HEIGHT="43" STYLEREFS="StyleId-2" CONTENT="of" WC="0.97" CC="00" />
          </TextLine>
          <TextLine ID="P491_TL00026" HPOS="355" VPOS="1690" WIDTH="1489" HEIGHT="50">
            <String ID="P491_S00281" HPOS="355" VPOS="1703" WIDTH="231" HEIGHT="33" STYLEREFS="StyleId-2" CONTENT="emergency." WC="0.844" CC="0001006304" />
            <SP ID="P491_SP00256" WIDTH="0" HPOS="0" VPOS="0" />
            <String ID="P491_S00282" HPOS="628" VPOS="1693" WIDTH="41" HEIGHT="43" STYLEREFS="StyleId-2" CONTENT="It" WC="0.5" CC="010" />
            <SP ID="P491_SP00257" WIDTH="0" HPOS="0" VPOS="0" />
            <String ID="P491_S00283" HPOS="676" VPOS="1692" WIDTH="124" HEIGHT="44" STYLEREFS="StyleId-2" CONTENT="would" WC="0.91" CC="00310" />
            <SP ID="P491_SP00258" WIDTH="0" HPOS="0" VPOS="0" />
            <String ID="P491_S00284" HPOS="815" VPOS="1694" WIDTH="222" HEIGHT="44" STYLEREFS="StyleId-2" CONTENT="disappoint" WC="0.693" CC="6064900040" />
            <SP ID="P491_SP00259" WIDTH="0" HPOS="0" VPOS="0" />
            <String ID="P491_S00285" HPOS="1050" VPOS="1695" WIDTH="65" HEIGHT="43" STYLEREFS="StyleId-2" CONTENT="the" WC="1" CC="000" />
            <SP ID="P491_SP00260" WIDTH="0" HPOS="0" VPOS="0" />
            <String ID="P491_S00286" HPOS="1128" VPOS="1695" WIDTH="117" HEIGHT="43" STYLEREFS="StyleId-2" CONTENT="hopes" WC="0.648" CC="100007" />
            <SP ID="P491_SP00261" WIDTH="0" HPOS="0" VPOS="0" />
            <String ID="P491_S00287" HPOS="1253" VPOS="1692" WIDTH="116" HEIGHT="46" STYLEREFS="StyleId-2" CONTENT="which" WC="0.492" CC="010608" />
            <SP ID="P491_SP00262" WIDTH="0" HPOS="0" VPOS="0" />
            <String ID="P491_S00288" HPOS="1385" VPOS="1707" WIDTH="70" HEIGHT="31" STYLEREFS="StyleId-2" CONTENT="our" WC="0.566666663" CC="543" />
            <SP ID="P491_SP00263" WIDTH="0" HPOS="0" VPOS="0" />
            <String ID="P491_S00289" HPOS="1468" VPOS="1696" WIDTH="156" HEIGHT="42" STYLEREFS="StyleId-2" CONTENT="enemies" WC="0.808571458" CC="0600006" />
            <SP ID="P491_SP00264" WIDTH="0" HPOS="0" VPOS="0" />
            <String ID="P491_S00290" HPOS="1638" VPOS="1696" WIDTH="97" HEIGHT="42" STYLEREFS="StyleId-2" CONTENT="have" WC="1" CC="0000" />
            <SP ID="P491_SP00265" WIDTH="0" HPOS="0" VPOS="0" />
            <String ID="P491_S00291" HPOS="1742" VPOS="1706" WIDTH="102" HEIGHT="33" STYLEREFS="StyleId-2" CONTENT="upon" WC="0.32" CC="7757" />
          </TextLine>
          <TextLine ID="P491_TL00027" HPOS="356" VPOS="1747" WIDTH="1488" HEIGHT="47">
            <String ID="P491_S00292" HPOS="356" VPOS="1758" WIDTH="72" HEIGHT="23" STYLEREFS="StyleId-2" CONTENT="our" WC="0.56" CC="075" />
            <SP ID="P491_SP00266" WIDTH="0" HPOS="0" VPOS="0" />
            <String ID="P491_S00293" HPOS="448" VPOS="1747" WIDTH="241" HEIGHT="43" STYLEREFS="StyleId-2" CONTENT="exhaustion," WC="0.7709091" CC="00007710072" />
            <SP ID="P491_SP00267" WIDTH="0" HPOS="0" VPOS="0" />
            <String ID="P491_S00294" HPOS="714" VPOS="1749" WIDTH="151" HEIGHT="42" STYLEREFS="StyleId-2" CONTENT="deprive" WC="0.862857163" CC="0006002" />
            <SP ID="P491_SP00268" WIDTH="0" HPOS="0" VPOS="0" />
            <String ID="P491_S00295" HPOS="885" VPOS="1748" WIDTH="104" HEIGHT="43" STYLEREFS="StyleId-2" CONTENT="them" WC="0.75" CC="01000" />
            <SP ID="P491_SP00269" WIDTH="0" HPOS="0" VPOS="0" />
            <String ID="P491_S00296" HPOS="1009" VPOS="1750" WIDTH="40" HEIGHT="41" STYLEREFS="StyleId-2" CONTENT="in" WC="0.335" CC="75" />
            <SP ID="P491_SP00270" WIDTH="0" HPOS="0" VPOS="0" />
            <String ID="P491_S00297" HPOS="1064" VPOS="1760" WIDTH="24" HEIGHT="31" STYLEREFS="StyleId-2" CONTENT="a" WC="1" CC="0" />
            <SP ID="P491_SP00271" WIDTH="0" HPOS="0" VPOS="0" />
            <String ID="P491_S00298" HPOS="1108" VPOS="1752" WIDTH="112" HEIGHT="40" STYLEREFS="StyleId-2" CONTENT="great" WC="0.658" CC="97000" />
            <SP ID="P491_SP00272" WIDTH="0" HPOS="0" VPOS="0" />
            <String ID="P491_S00299" HPOS="1239" VPOS="1761" WIDTH="170" HEIGHT="31" STYLEREFS="StyleId-2" CONTENT="measure" WC="0.76" CC="0007260" />
            <SP ID="P491_SP00273" WIDTH="0" HPOS="0" VPOS="0" />
            <String ID="P491_S00300" HPOS="1430" VPOS="1750" WIDTH="43" HEIGHT="42" STYLEREFS="StyleId-2" CONTENT="of" WC="1" CC="00" />
            <SP ID="P491_SP00274" WIDTH="0" HPOS="0" VPOS="0" />
            <String ID="P491_S00301" HPOS="1487" VPOS="1751" WIDTH="65" HEIGHT="41" STYLEREFS="StyleId-2" CONTENT="the" WC="1" CC="000" />
            <SP ID="P491_SP00275" WIDTH="0" HPOS="0" VPOS="0" />
            <String ID="P491_S00302" HPOS="1572" VPOS="1751" WIDTH="65" HEIGHT="41" STYLEREFS="StyleId-2" CONTENT="aid" WC="0.886666656" CC="030" />
            <SP ID="P491_SP00276" WIDTH="0" HPOS="0" VPOS="0" />
            <String ID="P491_S00303" HPOS="1656" VPOS="1751" WIDTH="91" HEIGHT="42" STYLEREFS="StyleId-2" CONTENT="they" WC="1" CC="0000" />
            <SP ID="P491_SP00277" WIDTH="0" HPOS="0" VPOS="0" />
            <String ID="P491_S00304" HPOS="1760" VPOS="1761" WIDTH="84" HEIGHT="32" STYLEREFS="StyleId-2" CONTENT="now" WC="0.7733333" CC="600" />
          </TextLine>
          <TextLine ID="P491_TL00028" HPOS="355" VPOS="1802" WIDTH="1489" HEIGHT="47">
            <String ID="P491_S00305" HPOS="355" VPOS="1802" WIDTH="124" HEIGHT="34" STYLEREFS="StyleId-2" CONTENT="derive" WC="0.595" CC="7042100" />
            <SP ID="P491_SP00278" WIDTH="0" HPOS="0" VPOS="0" />
            <String ID="P491_S00306" HPOS="499" VPOS="1802" WIDTH="99" HEIGHT="35" STYLEREFS="StyleId-2" CONTENT="from" WC="0.84" CC="0600" />
            <SP ID="P491_SP00279" WIDTH="0" HPOS="0" VPOS="0" />
            <String ID="P491_S00307" HPOS="618" VPOS="1803" WIDTH="113" HEIGHT="34" STYLEREFS="StyleId-2" CONTENT="black" WC="0.932" CC="00030" />
            <SP ID="P491_SP00280" WIDTH="0" HPOS="0" VPOS="0" />
            <String ID="P491_S00308" HPOS="751" VPOS="1805" WIDTH="149" HEIGHT="41" STYLEREFS="StyleId-2" CONTENT="troops," WC="0.751428545" CC="0600083" />
            <SP ID="P491_SP00281" WIDTH="0" HPOS="0" VPOS="0" />
            <String ID="P491_S00309" HPOS="918" VPOS="1804" WIDTH="77" HEIGHT="42" STYLEREFS="StyleId-2" CONTENT="and" WC="0.75333333" CC="070" />
            <SP ID="P491_SP00282" WIDTH="0" HPOS="0" VPOS="0" />
            <String ID="P491_S00310" HPOS="1016" VPOS="1805" WIDTH="91" HEIGHT="41" STYLEREFS="StyleId-2" CONTENT="thus" WC="0.85" CC="0006" />
            <SP ID="P491_SP00283" WIDTH="0" HPOS="0" VPOS="0" />
            <String ID="P491_S00311" HPOS="1127" VPOS="1805" WIDTH="123" HEIGHT="41" STYLEREFS="StyleId-2" CONTENT="throw" WC="0.826" CC="07100" />
            <SP ID="P491_SP00284" WIDTH="0" HPOS="0" VPOS="0" />
            <String ID="P491_S00312" HPOS="1271" VPOS="1805" WIDTH="66" HEIGHT="41" STYLEREFS="StyleId-2" CONTENT="the" WC="0.75666666" CC="070" />
            <SP ID="P491_SP00285" WIDTH="0" HPOS="0" VPOS="0" />
            <String ID="P491_S00313" HPOS="1356" VPOS="1806" WIDTH="143" HEIGHT="40" STYLEREFS="StyleId-2" CONTENT="burden" WC="0.751666665" CC="063004" />
            <SP ID="P491_SP00286" WIDTH="0" HPOS="0" VPOS="0" />
            <String ID="P491_S00314" HPOS="1514" VPOS="1805" WIDTH="43" HEIGHT="41" STYLEREFS="StyleId-2" CONTENT="of" WC="1" CC="00" />
            <SP ID="P491_SP00287" WIDTH="0" HPOS="0" VPOS="0" />
            <String ID="P491_S00315" HPOS="1571" VPOS="1806" WIDTH="66" HEIGHT="40" STYLEREFS="StyleId-2" CONTENT="the" WC="0.75" CC="070" />
            <SP ID="P491_SP00288" WIDTH="0" HPOS="0" VPOS="0" />
            <String ID="P491_S00316" HPOS="1650" VPOS="1816" WIDTH="78" HEIGHT="30" STYLEREFS="StyleId-2" CONTENT="war" WC="0.50666666" CC="1004" />
            <SP ID="P491_SP00289" WIDTH="0" HPOS="0" VPOS="0" />
            <String ID="P491_S00317" HPOS="1741" VPOS="1816" WIDTH="103" HEIGHT="32" STYLEREFS="StyleId-2" CONTENT="upon" WC="0.635" CC="7007" />
          </TextLine>
          <TextLine ID="P491_TL00029" HPOS="353" VPOS="1857" WIDTH="1492" HEIGHT="47">
            <String ID="P491_S00318" HPOS="353" VPOS="1857" WIDTH="100" HEIGHT="34" STYLEREFS="StyleId-2" CONTENT="their" WC="0.632" CC="80063" />
            <SP ID="P491_SP00290" WIDTH="0" HPOS="0" VPOS="0" />
            <String ID="P491_S00319" HPOS="468" VPOS="1867" WIDTH="83" HEIGHT="25" STYLEREFS="StyleId-2" CONTENT="own" WC="0.46" CC="087" />
            <SP ID="P491_SP00291" WIDTH="0" HPOS="0" VPOS="0" />
            <String ID="P491_S00320" HPOS="572" VPOS="1858" WIDTH="142" HEIGHT="42" STYLEREFS="StyleId-2" CONTENT="people." WC="0.954285741" CC="0000003" />
            <SP ID="P491_SP00292" WIDTH="0" HPOS="0" VPOS="0" />
            <String ID="P491_S00321" HPOS="757" VPOS="1858" WIDTH="45" HEIGHT="42" STYLEREFS="StyleId-2" CONTENT="In" WC="0.68" CC="06" />
            <SP ID="P491_SP00293" WIDTH="0" HPOS="0" VPOS="0" />
            <String ID="P491_S00322" HPOS="824" VPOS="1858" WIDTH="178" HEIGHT="42" STYLEREFS="StyleId-2" CONTENT="addition" WC="0.53375" CC="80088606" />
            <SP ID="P491_SP00294" WIDTH="0" HPOS="0" VPOS="0" />
            <String ID="P491_S00323" HPOS="1022" VPOS="1861" WIDTH="45" HEIGHT="39" STYLEREFS="StyleId-2" CONTENT="to" WC="0.975" CC="00" />
            <SP ID="P491_SP00295" WIDTH="0" HPOS="0" VPOS="0" />
            <String ID="P491_S00324" HPOS="1088" VPOS="1860" WIDTH="65" HEIGHT="40" STYLEREFS="StyleId-2" CONTENT="the" WC="0.82" CC="050" />
            <SP ID="P491_SP00296" WIDTH="0" HPOS="0" VPOS="0" />
            <String ID="P491_S00325" HPOS="1173" VPOS="1862" WIDTH="112" HEIGHT="40" STYLEREFS="StyleId-2" CONTENT="great" WC="0.694" CC="050010" />
            <SP ID="P491_SP00297" WIDTH="0" HPOS="0" VPOS="0" />
            <String ID="P491_S00326" HPOS="1304" VPOS="1861" WIDTH="169" HEIGHT="42" STYLEREFS="StyleId-2" CONTENT="political" WC="0.904444456" CC="021004000" />
            <SP ID="P491_SP00298" WIDTH="0" HPOS="0" VPOS="0" />
            <String ID="P491_S00327" HPOS="1494" VPOS="1860" WIDTH="240" HEIGHT="44" STYLEREFS="StyleId-2" CONTENT="advantages" WC="0.677" CC="90004001008" />
            <SP ID="P491_SP00299" WIDTH="0" HPOS="0" VPOS="0" />
            <String ID="P491_S00328" HPOS="1754" VPOS="1861" WIDTH="91" HEIGHT="43" STYLEREFS="StyleId-2" CONTENT="that" WC="0.9225" CC="0003" />
          </TextLine>
          <TextLine ID="P491_TL00030" HPOS="353" VPOS="1911" WIDTH="1492" HEIGHT="48">
            <String ID="P491_S00329" HPOS="353" VPOS="1912" WIDTH="126" HEIGHT="34" STYLEREFS="StyleId-2" CONTENT="would" WC="0.78" CC="00740" />
            <SP ID="P491_SP00300" WIDTH="0" HPOS="0" VPOS="0" />
            <String ID="P491_S00330" HPOS="499" VPOS="1913" WIDTH="120" HEIGHT="33" STYLEREFS="StyleId-2" CONTENT="result" WC="0.6983333" CC="308600" />
            <SP ID="P491_SP00301" WIDTH="0" HPOS="0" VPOS="0" />
            <String ID="P491_S00331" HPOS="639" VPOS="1912" WIDTH="45" HEIGHT="35" STYLEREFS="StyleId-2" CONTENT="fb" WC="0.255" CC="77" />
            <SP ID="P491_SP00302" WIDTH="0" HPOS="0" VPOS="0" />
            <String ID="P491_S00332" HPOS="700" VPOS="1923" WIDTH="72" HEIGHT="24" STYLEREFS="StyleId-2" CONTENT="our" WC="0.516666651" CC="067" />
            <SP ID="P491_SP00303" WIDTH="0" HPOS="0" VPOS="0" />
            <String ID="P491_S00333" HPOS="785" VPOS="1923" WIDTH="112" HEIGHT="24" STYLEREFS="StyleId-2" CONTENT="cause" WC="0.684" CC="10680" />
            <SP ID="P491_SP00304" WIDTH="0" HPOS="0" VPOS="0" />
            <String ID="P491_S00334" HPOS="917" VPOS="1914" WIDTH="97" HEIGHT="35" STYLEREFS="StyleId-2" CONTENT="from" WC="0.525" CC="7704" />
            <SP ID="P491_SP00305" WIDTH="0" HPOS="0" VPOS="0" />
            <String ID="P491_S00335" HPOS="1036" VPOS="1914" WIDTH="65" HEIGHT="35" STYLEREFS="StyleId-2" CONTENT="the" WC="0.75" CC="070" />
            <SP ID="P491_SP00306" WIDTH="0" HPOS="0" VPOS="0" />
            <String ID="P491_S00336" HPOS="1122" VPOS="1914" WIDTH="188" HEIGHT="43" STYLEREFS="StyleId-2" CONTENT="adoption" WC="0.83" CC="00205302" />
            <SP ID="P491_SP00307" WIDTH="0" HPOS="0" VPOS="0" />
            <String ID="P491_S00337" HPOS="1325" VPOS="1915" WIDTH="43" HEIGHT="42" STYLEREFS="StyleId-2" CONTENT="of" WC="1" CC="00" />
            <SP ID="P491_SP00308" WIDTH="0" HPOS="0" VPOS="0" />
            <String ID="P491_S00338" HPOS="1384" VPOS="1926" WIDTH="25" HEIGHT="31" STYLEREFS="StyleId-2" CONTENT="a" WC="1" CC="0" />
            <SP ID="P491_SP00309" WIDTH="0" HPOS="0" VPOS="0" />
            <String ID="P491_S00339" HPOS="1423" VPOS="1918" WIDTH="141" HEIGHT="39" STYLEREFS="StyleId-2" CONTENT="system" WC="0.476666659" CC="7106070" />
            <SP ID="P491_SP00310" WIDTH="0" HPOS="0" VPOS="0" />
            <String ID="P491_S00340" HPOS="1580" VPOS="1916" WIDTH="43" HEIGHT="41" STYLEREFS="StyleId-2" CONTENT="of" WC="1" CC="00" />
            <SP ID="P491_SP00311" WIDTH="0" HPOS="0" VPOS="0" />
            <String ID="P491_S00341" HPOS="1637" VPOS="1916" WIDTH="208" HEIGHT="42" STYLEREFS="StyleId-2" CONTENT="emancipa¬" WC="0.774444461" CC="000602074" />
          </TextLine>
          <TextLine ID="P491_TL00031" HPOS="353" VPOS="1966" WIDTH="1488" HEIGHT="48">
            <String ID="P491_S00342" HPOS="353" VPOS="1966" WIDTH="97" HEIGHT="42" STYLEREFS="StyleId-2" CONTENT="tion," WC="0.834" CC="00071" />
            <SP ID="P491_SP00312" WIDTH="0" HPOS="0" VPOS="0" />
            <String ID="P491_S00343" HPOS="473" VPOS="1967" WIDTH="34" HEIGHT="41" STYLEREFS="StyleId-2" CONTENT="it" WC="1" CC="00" />
            <SP ID="P491_SP00313" WIDTH="0" HPOS="0" VPOS="0" />
            <String ID="P491_S00344" HPOS="522" VPOS="1968" WIDTH="123" HEIGHT="40" STYLEREFS="StyleId-2" CONTENT="would" WC="0.524" CC="01777" />
            <SP ID="P491_SP00314" WIDTH="0" HPOS="0" VPOS="0" />
            <String ID="P491_S00345" HPOS="666" VPOS="1968" WIDTH="159" HEIGHT="40" STYLEREFS="StyleId-2" CONTENT="exercise" WC="0.75625" CC="00035370" />
            <SP ID="P491_SP00315" WIDTH="0" HPOS="0" VPOS="0" />
            <String ID="P491_S00346" HPOS="839" VPOS="1978" WIDTH="25" HEIGHT="30" STYLEREFS="StyleId-2" CONTENT="a" WC="0" CC="10" />
            <SP ID="P491_SP00316" WIDTH="0" HPOS="0" VPOS="0" />
            <String ID="P491_S00347" HPOS="879" VPOS="1969" WIDTH="175" HEIGHT="41" STYLEREFS="StyleId-2" CONTENT="salutary" WC="0.5325" CC="78620840" />
            <SP ID="P491_SP00317" WIDTH="0" HPOS="0" VPOS="0" />
            <String ID="P491_S00348" HPOS="1074" VPOS="1969" WIDTH="178" HEIGHT="41" STYLEREFS="StyleId-2" CONTENT="influence" WC="0.8466667" CC="350010030" />
            <SP ID="P491_SP00318" WIDTH="0" HPOS="0" VPOS="0" />
            <String ID="P491_S00349" HPOS="1265" VPOS="1980" WIDTH="104" HEIGHT="33" STYLEREFS="StyleId-2" CONTENT="upon" WC="0.6825" CC="7005" />
            <SP ID="P491_SP00319" WIDTH="0" HPOS="0" VPOS="0" />
            <String ID="P491_S00350" HPOS="1384" VPOS="1981" WIDTH="70" HEIGHT="32" STYLEREFS="StyleId-2" CONTENT="our" WC="0.64" CC="073" />
            <SP ID="P491_SP00320" WIDTH="0" HPOS="0" VPOS="0" />
            <String ID="P491_S00351" HPOS="1467" VPOS="1981" WIDTH="116" HEIGHT="32" STYLEREFS="StyleId-2" CONTENT="negro" WC="0.766" CC="72020" />
            <SP ID="P491_SP00321" WIDTH="0" HPOS="0" VPOS="0" />
            <String ID="P491_S00352" HPOS="1604" VPOS="1971" WIDTH="237" HEIGHT="43" STYLEREFS="StyleId-2" CONTENT="population," WC="0.7990909" CC="00070005260" />
          </TextLine>
          <TextLine ID="P491_TL00032" HPOS="353" VPOS="2021" WIDTH="1491" HEIGHT="47">
            <String ID="P491_S00353" HPOS="353" VPOS="2021" WIDTH="53" HEIGHT="42" STYLEREFS="StyleId-2" CONTENT="by" WC="0.5" CC="100" />
            <SP ID="P491_SP00322" WIDTH="0" HPOS="0" VPOS="0" />
            <String ID="P491_S00354" HPOS="420" VPOS="2022" WIDTH="200" HEIGHT="42" STYLEREFS="StyleId-2" CONTENT="rendering" WC="0.4788889" CC="717604179" />
            <SP ID="P491_SP00323" WIDTH="0" HPOS="0" VPOS="0" />
            <String ID="P491_S00355" HPOS="633" VPOS="2033" WIDTH="105" HEIGHT="31" STYLEREFS="StyleId-2" CONTENT="more" WC="0.72" CC="7040" />
            <SP ID="P491_SP00324" WIDTH="0" HPOS="0" VPOS="0" />
            <String ID="P491_S00356" HPOS="754" VPOS="2033" WIDTH="124" HEIGHT="31" STYLEREFS="StyleId-2" CONTENT="secure" WC="0.6116667" CC="703750" />
            <SP ID="P491_SP00325" WIDTH="0" HPOS="0" VPOS="0" />
            <String ID="P491_S00357" HPOS="891" VPOS="2023" WIDTH="65" HEIGHT="41" STYLEREFS="StyleId-2" CONTENT="the" WC="0.453333348" CC="870" />
            <SP ID="P491_SP00326" WIDTH="0" HPOS="0" VPOS="0" />
            <String ID="P491_S00358" HPOS="977" VPOS="2023" WIDTH="144" HEIGHT="43" STYLEREFS="StyleId-2" CONTENT="fidelity" WC="0.77375" CC="00706300" />
            <SP ID="P491_SP00327" WIDTH="0" HPOS="0" VPOS="0" />
            <String ID="P491_S00359" HPOS="1137" VPOS="2024" WIDTH="41" HEIGHT="42" STYLEREFS="StyleId-2" CONTENT="of" WC="0.915" CC="01" />
            <SP ID="P491_SP00328" WIDTH="0" HPOS="0" VPOS="0" />
            <String ID="P491_S00360" HPOS="1193" VPOS="2024" WIDTH="111" HEIGHT="42" STYLEREFS="StyleId-2" CONTENT="those" WC="0.594" CC="70076" />
            <SP ID="P491_SP00329" WIDTH="0" HPOS="0" VPOS="0" />
            <String ID="P491_S00361" HPOS="1318" VPOS="2025" WIDTH="83" HEIGHT="41" STYLEREFS="StyleId-2" CONTENT="who" WC="1" CC="000" />
            <SP ID="P491_SP00330" WIDTH="0" HPOS="0" VPOS="0" />
            <String ID="P491_S00362" HPOS="1421" VPOS="2025" WIDTH="151" HEIGHT="41" STYLEREFS="StyleId-2" CONTENT="become" WC="0.8333333" CC="0000100" />
            <SP ID="P491_SP00331" WIDTH="0" HPOS="0" VPOS="0" />
            <String ID="P491_S00363" HPOS="1587" VPOS="2025" WIDTH="165" HEIGHT="43" STYLEREFS="StyleId-2" CONTENT="soldiers," WC="0.6711111" CC="700050673" />
            <SP ID="P491_SP00332" WIDTH="0" HPOS="0" VPOS="0" />
            <String ID="P491_S00364" HPOS="1769" VPOS="2025" WIDTH="75" HEIGHT="43" STYLEREFS="StyleId-2" CONTENT="and" WC="0.48" CC="078" />
          </TextLine>
          <TextLine ID="P491_TL00033" HPOS="354" VPOS="2076" WIDTH="1078" HEIGHT="45">
            <String ID="P491_S00365" HPOS="354" VPOS="2076" WIDTH="246" HEIGHT="43" STYLEREFS="StyleId-2" CONTENT="diminishing" WC="0.7054545" CC="47006040370" />
            <SP ID="P491_SP00333" WIDTH="0" HPOS="0" VPOS="0" />
            <String ID="P491_S00366" HPOS="613" VPOS="2077" WIDTH="66" HEIGHT="42" STYLEREFS="StyleId-2" CONTENT="the" WC="0.163333327" CC="968" />
            <SP ID="P491_SP00334" WIDTH="0" HPOS="0" VPOS="0" />
            <String ID="P491_S00367" HPOS="692" VPOS="2077" WIDTH="258" HEIGHT="42" STYLEREFS="StyleId-2" CONTENT="inducements" WC="0.7609091" CC="07060000606" />
            <SP ID="P491_SP00335" WIDTH="0" HPOS="0" VPOS="0" />
            <String ID="P491_S00368" HPOS="964" VPOS="2079" WIDTH="44" HEIGHT="40" STYLEREFS="StyleId-2" CONTENT="to" WC="1" CC="00" />
            <SP ID="P491_SP00336" WIDTH="0" HPOS="0" VPOS="0" />
            <String ID="P491_S00369" HPOS="1023" VPOS="2078" WIDTH="66" HEIGHT="41" STYLEREFS="StyleId-2" CONTENT="the" WC="0.933333337" CC="002" />
            <SP ID="P491_SP00337" WIDTH="0" HPOS="0" VPOS="0" />
            <String ID="P491_S00370" HPOS="1102" VPOS="2081" WIDTH="78" HEIGHT="38" STYLEREFS="StyleId-2" CONTENT="rest" WC="0.6625" CC="5080" />
            <SP ID="P491_SP00338" WIDTH="0" HPOS="0" VPOS="0" />
            <String ID="P491_S00371" HPOS="1193" VPOS="2081" WIDTH="44" HEIGHT="38" STYLEREFS="StyleId-2" CONTENT="to" WC="1" CC="00" />
            <SP ID="P491_SP00339" WIDTH="0" HPOS="0" VPOS="0" />
            <String ID="P491_S00372" HPOS="1253" VPOS="2079" WIDTH="179" HEIGHT="40" STYLEREFS="StyleId-2" CONTENT="abscond." WC="0.81" CC="00800700" />
          </TextLine>
          <TextLine ID="P491_TL00034" HPOS="435" VPOS="2130" WIDTH="1410" HEIGHT="47">
            <String ID="P491_S00373" HPOS="435" VPOS="2130" WIDTH="51" HEIGHT="34" STYLEREFS="StyleId-2" CONTENT="&quot;I" WC="0.785" CC="40" />
            <SP ID="P491_SP00340" WIDTH="0" HPOS="0" VPOS="0" />
            <String ID="P491_S00374" HPOS="514" VPOS="2141" WIDTH="72" HEIGHT="24" STYLEREFS="StyleId-2" CONTENT="can" WC="0.8466667" CC="004" />
            <SP ID="P491_SP00341" WIDTH="0" HPOS="0" VPOS="0" />
            <String ID="P491_S00375" HPOS="608" VPOS="2132" WIDTH="90" HEIGHT="41" STYLEREFS="StyleId-2" CONTENT="only" WC="0.7425" CC="0730" />
            <SP ID="P491_SP00342" WIDTH="0" HPOS="0" VPOS="0" />
            <String ID="P491_S00376" HPOS="720" VPOS="2142" WIDTH="71" HEIGHT="32" STYLEREFS="StyleId-2" CONTENT="say" WC="0.7633333" CC="700" />
            <SP ID="P491_SP00343" WIDTH="0" HPOS="0" VPOS="0" />
            <String ID="P491_S00377" HPOS="812" VPOS="2132" WIDTH="38" HEIGHT="42" STYLEREFS="StyleId-2" CONTENT="in" WC="0.63" CC="07" />
            <SP ID="P491_SP00344" WIDTH="0" HPOS="0" VPOS="0" />
            <String ID="P491_S00378" HPOS="871" VPOS="2133" WIDTH="218" HEIGHT="41" STYLEREFS="StyleId-2" CONTENT="conclusion" WC="0.582" CC="4474506007" />
            <SP ID="P491_SP00345" WIDTH="0" HPOS="0" VPOS="0" />
            <String ID="P491_S00379" HPOS="1116" VPOS="2134" WIDTH="92" HEIGHT="40" STYLEREFS="StyleId-2" CONTENT="that" WC="1" CC="0000" />
            <SP ID="P491_SP00346" WIDTH="0" HPOS="0" VPOS="0" />
            <String ID="P491_S00380" HPOS="1228" VPOS="2134" WIDTH="189" HEIGHT="40" STYLEREFS="StyleId-2" CONTENT="whatever" WC="0.8525" CC="05000005" />
            <SP ID="P491_SP00347" WIDTH="0" HPOS="0" VPOS="0" />
            <String ID="P491_S00381" HPOS="1437" VPOS="2145" WIDTH="187" HEIGHT="29" STYLEREFS="StyleId-2" CONTENT="measures" WC="0.615" CC="20776105" />
            <SP ID="P491_SP00348" WIDTH="0" HPOS="0" VPOS="0" />
            <String ID="P491_S00382" HPOS="1645" VPOS="2145" WIDTH="65" HEIGHT="29" STYLEREFS="StyleId-2" CONTENT="are" WC="0.82" CC="050" />
            <SP ID="P491_SP00349" WIDTH="0" HPOS="0" VPOS="0" />
            <String ID="P491_S00383" HPOS="1728" VPOS="2137" WIDTH="44" HEIGHT="37" STYLEREFS="StyleId-2" CONTENT="to" WC="0.79" CC="40" />
            <SP ID="P491_SP00350" WIDTH="0" HPOS="0" VPOS="0" />
            <String ID="P491_S00384" HPOS="1799" VPOS="2135" WIDTH="46" HEIGHT="39" STYLEREFS="StyleId-2" CONTENT="be" WC="0.58" CC="61" />
          </TextLine>
          <TextLine ID="P491_TL00035" HPOS="354" VPOS="2185" WIDTH="1492" HEIGHT="48">
            <String ID="P491_S00385" HPOS="354" VPOS="2185" WIDTH="173" HEIGHT="43" STYLEREFS="StyleId-2" CONTENT="adopted" WC="0.79" CC="41000000" />
            <SP ID="P491_SP00351" WIDTH="0" HPOS="0" VPOS="0" />
            <String ID="P491_S00386" HPOS="547" VPOS="2186" WIDTH="138" HEIGHT="42" STYLEREFS="StyleId-2" CONTENT="should" WC="0.655" CC="700750" />
            <SP ID="P491_SP00352" WIDTH="0" HPOS="0" VPOS="0" />
            <String ID="P491_S00387" HPOS="705" VPOS="2186" WIDTH="46" HEIGHT="42" STYLEREFS="StyleId-2" CONTENT="be" WC="0.64" CC="70" />
            <SP ID="P491_SP00353" WIDTH="0" HPOS="0" VPOS="0" />
            <String ID="P491_S00388" HPOS="773" VPOS="2187" WIDTH="169" HEIGHT="43" STYLEREFS="StyleId-2" CONTENT="adopted" WC="0.75" CC="00001070" />
            <SP ID="P491_SP00354" WIDTH="0" HPOS="0" VPOS="0" />
            <String ID="P491_S00389" HPOS="964" VPOS="2190" WIDTH="45" HEIGHT="40" STYLEREFS="StyleId-2" CONTENT="at" WC="1" CC="00" />
            <SP ID="P491_SP00355" WIDTH="0" HPOS="0" VPOS="0" />
            <String ID="P491_S00390" HPOS="1031" VPOS="2198" WIDTH="100" HEIGHT="32" STYLEREFS="StyleId-2" CONTENT="once." WC="0.838" CC="16000" />
            <SP ID="P491_SP00356" WIDTH="0" HPOS="0" VPOS="0" />
            <String ID="P491_S00391" HPOS="1173" VPOS="2187" WIDTH="125" HEIGHT="44" STYLEREFS="StyleId-2" CONTENT="Every" WC="0.856" CC="20050" />
            <SP ID="P491_SP00357" WIDTH="0" HPOS="0" VPOS="0" />
            <String ID="P491_S00392" HPOS="1319" VPOS="2189" WIDTH="109" HEIGHT="42" STYLEREFS="StyleId-2" CONTENT="day's" WC="0.792" CC="00046" />
            <SP ID="P491_SP00358" WIDTH="0" HPOS="0" VPOS="0" />
            <String ID="P491_S00393" HPOS="1450" VPOS="2189" WIDTH="108" HEIGHT="42" STYLEREFS="StyleId-2" CONTENT="delay" WC="0.894" CC="00220" />
            <SP ID="P491_SP00359" WIDTH="0" HPOS="0" VPOS="0" />
            <String ID="P491_S00394" HPOS="1578" VPOS="2190" WIDTH="183" HEIGHT="41" STYLEREFS="StyleId-2" CONTENT="increases" WC="0.692222238" CC="360300707" />
            <SP ID="P491_SP00360" WIDTH="0" HPOS="0" VPOS="0" />
            <String ID="P491_S00395" HPOS="1780" VPOS="2189" WIDTH="66" HEIGHT="42" STYLEREFS="StyleId-2" CONTENT="the" WC="0.75666666" CC="070" />
          </TextLine>
          <TextLine ID="P491_TL00036" HPOS="355" VPOS="2239" WIDTH="1491" HEIGHT="49">
            <String ID="P491_S00396" HPOS="355" VPOS="2239" WIDTH="195" HEIGHT="43" STYLEREFS="StyleId-2" CONTENT="difficulty." WC="0.765454531" CC="60144070002" />
            <SP ID="P491_SP00361" WIDTH="0" HPOS="0" VPOS="0" />
            <String ID="P491_S00397" HPOS="593" VPOS="2240" WIDTH="111" HEIGHT="42" STYLEREFS="StyleId-2" CONTENT="Much" WC="0.8375" CC="0600" />
            <SP ID="P491_SP00362" WIDTH="0" HPOS="0" VPOS="0" />
            <String ID="P491_S00398" HPOS="731" VPOS="2241" WIDTH="93" HEIGHT="41" STYLEREFS="StyleId-2" CONTENT="time" WC="0.9525" CC="0100" />
            <SP ID="P491_SP00363" WIDTH="0" HPOS="0" VPOS="0" />
            <String ID="P491_S00399" HPOS="843" VPOS="2241" WIDTH="73" HEIGHT="41" STYLEREFS="StyleId-2" CONTENT="will" WC="0.6" CC="9060" />
            <SP ID="P491_SP00364" WIDTH="0" HPOS="0" VPOS="0" />
            <String ID="P491_S00400" HPOS="942" VPOS="2242" WIDTH="47" HEIGHT="40" STYLEREFS="StyleId-2" CONTENT="be" WC="1" CC="00" />
            <SP ID="P491_SP00365" WIDTH="0" HPOS="0" VPOS="0" />
            <String ID="P491_S00401" HPOS="1009" VPOS="2242" WIDTH="170" HEIGHT="42" STYLEREFS="StyleId-2" CONTENT="required" WC="0.72375" CC="50063500" />
            <SP ID="P491_SP00366" WIDTH="0" HPOS="0" VPOS="0" />
            <String ID="P491_S00402" HPOS="1206" VPOS="2245" WIDTH="44" HEIGHT="39" STYLEREFS="StyleId-2" CONTENT="to" WC="0.62" CC="70" />
            <SP ID="P491_SP00367" WIDTH="0" HPOS="0" VPOS="0" />
            <String ID="P491_S00403" HPOS="1272" VPOS="2243" WIDTH="176" HEIGHT="43" STYLEREFS="StyleId-2" CONTENT="organize" WC="0.78625" CC="14000342" />
            <SP ID="P491_SP00368" WIDTH="0" HPOS="0" VPOS="0" />
            <String ID="P491_S00404" HPOS="1469" VPOS="2244" WIDTH="77" HEIGHT="42" STYLEREFS="StyleId-2" CONTENT="and" WC="0.75666666" CC="070" />
            <SP ID="P491_SP00369" WIDTH="0" HPOS="0" VPOS="0" />
            <String ID="P491_S00405" HPOS="1574" VPOS="2244" WIDTH="188" HEIGHT="44" STYLEREFS="StyleId-2" CONTENT="discipline" WC="0.697" CC="5650003250" />
            <SP ID="P491_SP00370" WIDTH="0" HPOS="0" VPOS="0" />
            <String ID="P491_S00406" HPOS="1781" VPOS="2244" WIDTH="65" HEIGHT="44" STYLEREFS="StyleId-2" CONTENT="the" WC="0.553333342" CC="075" />
          </TextLine>
          <TextLine ID="P491_TL00037" HPOS="354" VPOS="2293" WIDTH="1033" HEIGHT="46">
            <String ID="P491_S00407" HPOS="354" VPOS="2304" WIDTH="97" HEIGHT="32" STYLEREFS="StyleId-2" CONTENT="men," WC="0.485" CC="9074" />
            <SP ID="P491_SP00371" WIDTH="0" HPOS="0" VPOS="0" />
            <String ID="P491_S00408" HPOS="470" VPOS="2294" WIDTH="78" HEIGHT="42" STYLEREFS="StyleId-2" CONTENT="and" WC="0.766666651" CC="007" />
            <SP ID="P491_SP00372" WIDTH="0" HPOS="0" VPOS="0" />
            <String ID="P491_S00409" HPOS="563" VPOS="2294" WIDTH="131" HEIGHT="42" STYLEREFS="StyleId-2" CONTENT="action" WC="0.66" CC="703207" />
            <SP ID="P491_SP00373" WIDTH="0" HPOS="0" VPOS="0" />
            <String ID="P491_S00410" HPOS="707" VPOS="2306" WIDTH="92" HEIGHT="31" STYLEREFS="StyleId-2" CONTENT="may" WC="1" CC="000" />
            <SP ID="P491_SP00374" WIDTH="0" HPOS="0" VPOS="0" />
            <String ID="P491_S00411" HPOS="812" VPOS="2295" WIDTH="47" HEIGHT="42" STYLEREFS="StyleId-2" CONTENT="be" WC="1" CC="00" />
            <SP ID="P491_SP00375" WIDTH="0" HPOS="0" VPOS="0" />
            <String ID="P491_S00412" HPOS="873" VPOS="2296" WIDTH="163" HEIGHT="41" STYLEREFS="StyleId-2" CONTENT="deferred" WC="0.8875" CC="03003200" />
            <SP ID="P491_SP00376" WIDTH="0" HPOS="0" VPOS="0" />
            <String ID="P491_S00413" HPOS="1049" VPOS="2296" WIDTH="59" HEIGHT="41" STYLEREFS="StyleId-2" CONTENT="till" WC="0.84" CC="0006" />
            <SP ID="P491_SP00377" WIDTH="0" HPOS="0" VPOS="0" />
            <String ID="P491_S00414" HPOS="1121" VPOS="2297" WIDTH="35" HEIGHT="40" STYLEREFS="StyleId-2" CONTENT="it" WC="0.505" CC="09" />
            <SP ID="P491_SP00378" WIDTH="0" HPOS="0" VPOS="0" />
            <String ID="P491_S00415" HPOS="1167" VPOS="2297" WIDTH="32" HEIGHT="40" STYLEREFS="StyleId-2" CONTENT="is" WC="0.235" CC="87" />
            <SP ID="P491_SP00379" WIDTH="0" HPOS="0" VPOS="0" />
            <String ID="P491_S00416" HPOS="1213" VPOS="2300" WIDTH="71" HEIGHT="37" STYLEREFS="StyleId-2" CONTENT="too" WC="1" CC="000" />
            <SP ID="P491_SP00380" WIDTH="0" HPOS="0" VPOS="0" />
            <String ID="P491_S00417" HPOS="1298" VPOS="2298" WIDTH="89" HEIGHT="39" STYLEREFS="StyleId-2" CONTENT="late." WC="0.776" CC="50014" />
          </TextLine>
          <TextLine ID="P491_TL00038" HPOS="1062" VPOS="2351" WIDTH="389" HEIGHT="44">
            <String ID="P491_S00418" HPOS="1062" VPOS="2351" WIDTH="130" HEIGHT="42" STYLEREFS="StyleId-2" CONTENT="&quot;Very" WC="0.418" CC="770410" />
            <SP ID="P491_SP00381" WIDTH="0" HPOS="0" VPOS="0" />
            <String ID="P491_S00419" HPOS="1205" VPOS="2352" WIDTH="246" HEIGHT="43" STYLEREFS="StyleId-2" CONTENT="respectfully," WC="0.757692337" CC="7070000570003" />
          </TextLine>
          <TextLine ID="P491_TL00039" HPOS="1180" VPOS="2406" WIDTH="508" HEIGHT="44">
            <String ID="P491_S00420" HPOS="1180" VPOS="2406" WIDTH="137" HEIGHT="35" STYLEREFS="StyleId-2" CONTENT="&quot;Your" WC="0.514" CC="36076" />
            <SP ID="P491_SP00382" WIDTH="0" HPOS="0" VPOS="0" />
            <String ID="P491_S00421" HPOS="1332" VPOS="2407" WIDTH="176" HEIGHT="35" STYLEREFS="StyleId-2" CONTENT="obedient" WC="0.6125" CC="000850710" />
            <SP ID="P491_SP00383" WIDTH="0" HPOS="0" VPOS="0" />
            <String ID="P491_S00422" HPOS="1520" VPOS="2410" WIDTH="168" HEIGHT="40" STYLEREFS="StyleId-2" CONTENT="servant," WC="0.7975" CC="70400004" />
          </TextLine>
          <TextLine ID="P491_TL00040" HPOS="435" VPOS="2456" WIDTH="1370" HEIGHT="50">
            <String ID="P491_S00423" HPOS="435" VPOS="2456" WIDTH="63" HEIGHT="34" STYLEREFS="StyleId-2" CONTENT="&quot;A" WC="0.625" CC="07" />
            <SP ID="P491_SP00384" WIDTH="0" HPOS="0" VPOS="0" />
            <String ID="P491_S00424" HPOS="512" VPOS="2458" WIDTH="87" HEIGHT="34" STYLEREFS="StyleId-2" CONTENT="true" WC="0.8025" CC="0241" />
            <SP ID="P491_SP00385" WIDTH="0" HPOS="0" VPOS="0" />
            <String ID="P491_S00425" HPOS="612" VPOS="2468" WIDTH="108" HEIGHT="33" STYLEREFS="StyleId-2" CONTENT="copy." WC="0.826" CC="00053" />
            <SP ID="P491_SP00386" WIDTH="0" HPOS="0" VPOS="0" />
            <String ID="P491_S00426" HPOS="764" VPOS="2458" WIDTH="36" HEIGHT="43" STYLEREFS="StyleId-2" CONTENT="J." WC="0.915" CC="01" />
            <SP ID="P491_SP00387" WIDTH="0" HPOS="0" VPOS="0" />
            <String ID="P491_S00427" HPOS="824" VPOS="2458" WIDTH="42" HEIGHT="43" STYLEREFS="StyleId-2" CONTENT="B." WC="0.61" CC="43" />
            <SP ID="P491_SP00388" WIDTH="0" HPOS="0" VPOS="0" />
            <String ID="P491_S00428" HPOS="889" VPOS="2458" WIDTH="82" HEIGHT="43" STYLEREFS="StyleId-2" CONTENT="W.&quot;" WC="0.576666653" CC="1020" />
            <SP ID="P491_SP00389" WIDTH="0" HPOS="0" VPOS="0" />
            <String ID="P491_S00429" HPOS="1077" VPOS="2460" WIDTH="217" HEIGHT="44" STYLEREFS="StyleId-2" CONTENT="&quot;(Signed,)" WC="0.665" CC="4065051442" />
            <SP ID="P491_SP00390" WIDTH="0" HPOS="0" VPOS="0" />
            <String ID="P491_S00430" HPOS="1377" VPOS="2461" WIDTH="43" HEIGHT="43" STYLEREFS="StyleId-2" CONTENT="E." WC="0.495" CC="72" />
            <SP ID="P491_SP00391" WIDTH="0" HPOS="0" VPOS="0" />
            <String ID="P491_S00431" HPOS="1443" VPOS="2462" WIDTH="42" HEIGHT="42" STYLEREFS="StyleId-2" CONTENT="E." WC="0.995" CC="00" />
            <SP ID="P491_SP00392" WIDTH="0" HPOS="0" VPOS="0" />
            <String ID="P491_S00432" HPOS="1508" VPOS="2462" WIDTH="108" HEIGHT="43" STYLEREFS="StyleId-2" CONTENT="LEE," WC="0.885" CC="0003" />
            <SP ID="P491_SP00393" WIDTH="0" HPOS="0" VPOS="0" />
            <String ID="P491_S00433" HPOS="1640" VPOS="2462" WIDTH="165" HEIGHT="43" STYLEREFS="StyleId-2" CONTENT="General." WC="0.6275" CC="04626243" />
          </TextLine>
          <TextLine ID="P491_TL00041" HPOS="453" VPOS="2522" WIDTH="1394" HEIGHT="63">
            <String ID="P491_S00434" HPOS="453" VPOS="2522" WIDTH="115" HEIGHT="43" STYLEREFS="StyleId-0" CONTENT="This" WC="0.395" CC="5747" />
            <SP ID="P491_SP00394" WIDTH="0" HPOS="0" VPOS="0" />
            <String ID="P491_S00435" HPOS="594" VPOS="2523" WIDTH="140" HEIGHT="42" STYLEREFS="StyleId-0" CONTENT="letter" WC="0.651666641" CC="006536" />
            <SP ID="P491_SP00395" WIDTH="0" HPOS="0" VPOS="0" />
            <String ID="P491_S00436" HPOS="751" VPOS="2537" WIDTH="98" HEIGHT="29" STYLEREFS="StyleId-0" CONTENT="was" WC="0.356666654" CC="666" />
            <SP ID="P491_SP00396" WIDTH="0" HPOS="0" VPOS="0" />
            <String ID="P491_S00437" HPOS="875" VPOS="2524" WIDTH="219" HEIGHT="44" STYLEREFS="StyleId-0" CONTENT="intended" WC="0.6975" CC="16007602" />
            <SP ID="P491_SP00397" WIDTH="0" HPOS="0" VPOS="0" />
            <String ID="P491_S00438" HPOS="1120" VPOS="2526" WIDTH="74" HEIGHT="42" STYLEREFS="StyleId-0" CONTENT="for" WC="0.5466667" CC="246" />
            <SP ID="P491_SP00398" WIDTH="0" HPOS="0" VPOS="0" />
            <String ID="P491_S00439" HPOS="1220" VPOS="2528" WIDTH="227" HEIGHT="43" STYLEREFS="StyleId-0" CONTENT="members" WC="0.667142868" CC="5005057" />
            <SP ID="P491_SP00399" WIDTH="0" HPOS="0" VPOS="0" />
            <String ID="P491_S00440" HPOS="1466" VPOS="2528" WIDTH="54" HEIGHT="43" STYLEREFS="StyleId-0" CONTENT="of" WC="0.755" CC="40" />
            <SP ID="P491_SP00400" WIDTH="0" HPOS="0" VPOS="0" />
            <String ID="P491_S00441" HPOS="1539" VPOS="2527" WIDTH="227" HEIGHT="57" STYLEREFS="StyleId-0" CONTENT="Congress" WC="0.4675" CC="60876067" />
            <SP ID="P491_SP00401" WIDTH="0" HPOS="0" VPOS="0" />
            <String ID="P491_S00442" HPOS="1790" VPOS="2531" WIDTH="57" HEIGHT="53" STYLEREFS="StyleId-0" CONTENT="to" WC="0.59" CC="61" />
          </TextLine>
          <TextLine ID="P491_TL00042" HPOS="353" VPOS="2588" WIDTH="1495" HEIGHT="61">
            <String ID="P491_S00443" HPOS="353" VPOS="2588" WIDTH="129" HEIGHT="53" STYLEREFS="StyleId-0" CONTENT="read," WC="0.598" CC="50707" />
            <SP ID="P491_SP00402" WIDTH="0" HPOS="0" VPOS="0" />
            <String ID="P491_S00444" HPOS="504" VPOS="2589" WIDTH="95" HEIGHT="52" STYLEREFS="StyleId-0" CONTENT="and" WC="0.7633333" CC="700" />
            <SP ID="P491_SP00403" WIDTH="0" HPOS="0" VPOS="0" />
            <String ID="P491_S00445" HPOS="627" VPOS="2589" WIDTH="40" HEIGHT="52" STYLEREFS="StyleId-0" CONTENT="it" WC="1" CC="00" />
            <SP ID="P491_SP00404" WIDTH="0" HPOS="0" VPOS="0" />
            <String ID="P491_S00446" HPOS="684" VPOS="2602" WIDTH="98" HEIGHT="39" STYLEREFS="StyleId-0" CONTENT="was" WC="0.28" CC="686" />
            <SP ID="P491_SP00405" WIDTH="0" HPOS="0" VPOS="0" />
            <String ID="P491_S00447" HPOS="801" VPOS="2589" WIDTH="252" HEIGHT="52" STYLEREFS="StyleId-0" CONTENT="circulated" WC="0.789" CC="1380700000" />
            <SP ID="P491_SP00406" WIDTH="0" HPOS="0" VPOS="0" />
            <String ID="P491_S00448" HPOS="1081" VPOS="2604" WIDTH="180" HEIGHT="43" STYLEREFS="StyleId-0" CONTENT="among" WC="0.646" CC="91007" />
            <SP ID="P491_SP00407" WIDTH="0" HPOS="0" VPOS="0" />
            <String ID="P491_S00449" HPOS="1276" VPOS="2593" WIDTH="144" HEIGHT="54" STYLEREFS="StyleId-0" CONTENT="them," WC="0.664" CC="27006" />
            <SP ID="P491_SP00408" WIDTH="0" HPOS="0" VPOS="0" />
            <String ID="P491_S00450" HPOS="1449" VPOS="2594" WIDTH="89" HEIGHT="53" STYLEREFS="StyleId-0" CONTENT="but" WC="0.5466667" CC="670" />
            <SP ID="P491_SP00409" WIDTH="0" HPOS="0" VPOS="0" />
            <String ID="P491_S00451" HPOS="1557" VPOS="2595" WIDTH="63" HEIGHT="52" STYLEREFS="StyleId-0" CONTENT="all" WC="0.6666667" CC="1000" />
            <SP ID="P491_SP00410" WIDTH="0" HPOS="0" VPOS="0" />
            <String ID="P491_S00452" HPOS="1644" VPOS="2607" WIDTH="98" HEIGHT="40" STYLEREFS="StyleId-0" CONTENT="was" WC="0.13666667" CC="1096" />
            <SP ID="P491_SP00411" WIDTH="0" HPOS="0" VPOS="0" />
            <String ID="P491_S00453" HPOS="1759" VPOS="2596" WIDTH="89" HEIGHT="51" STYLEREFS="StyleId-0" CONTENT="not" WC="0.74666667" CC="106" />
          </TextLine>
          <TextLine ID="P491_TL00043" HPOS="352" VPOS="2653" WIDTH="1496" HEIGHT="62">
            <String ID="P491_S00454" HPOS="352" VPOS="2654" WIDTH="254" HEIGHT="54" STYLEREFS="StyleId-0" CONTENT="harmony." WC="0.69125" CC="07600073" />
            <SP ID="P491_SP00412" WIDTH="0" HPOS="0" VPOS="0" />
            <String ID="P491_S00455" HPOS="660" VPOS="2654" WIDTH="148" HEIGHT="55" STYLEREFS="StyleId-0" CONTENT="Many" WC="0.5975" CC="0807" />
            <SP ID="P491_SP00413" WIDTH="0" HPOS="0" VPOS="0" />
            <String ID="P491_S00456" HPOS="826" VPOS="2657" WIDTH="228" HEIGHT="52" STYLEREFS="StyleId-0" CONTENT="members" WC="0.802857161" CC="0000076" />
            <SP ID="P491_SP00414" WIDTH="0" HPOS="0" VPOS="0" />
            <String ID="P491_S00457" HPOS="1072" VPOS="2670" WIDTH="115" HEIGHT="39" STYLEREFS="StyleId-0" CONTENT="were" WC="0.825" CC="0070" />
            <SP ID="P491_SP00415" WIDTH="0" HPOS="0" VPOS="0" />
            <String ID="P491_S00458" HPOS="1204" VPOS="2658" WIDTH="194" HEIGHT="55" STYLEREFS="StyleId-0" CONTENT="bitterly" WC="0.9175" CC="00000600" />
            <SP ID="P491_SP00416" WIDTH="0" HPOS="0" VPOS="0" />
            <String ID="P491_S00459" HPOS="1418" VPOS="2660" WIDTH="210" HEIGHT="54" STYLEREFS="StyleId-0" CONTENT="opposed" WC="0.7014286" CC="1660700" />
            <SP ID="P491_SP00417" WIDTH="0" HPOS="0" VPOS="0" />
            <String ID="P491_S00460" HPOS="1653" VPOS="2662" WIDTH="56" HEIGHT="52" STYLEREFS="StyleId-0" CONTENT="to" WC="0.935" CC="01" />
            <SP ID="P491_SP00418" WIDTH="0" HPOS="0" VPOS="0" />
            <String ID="P491_S00461" HPOS="1729" VPOS="2673" WIDTH="119" HEIGHT="41" STYLEREFS="StyleId-0" CONTENT="arm¬" WC="0.58" CC="0574" />
          </TextLine>
          <TextLine ID="P491_TL00044" HPOS="351" VPOS="2719" WIDTH="1498" HEIGHT="60">
            <String ID="P491_S00462" HPOS="351" VPOS="2719" WIDTH="85" HEIGHT="56" STYLEREFS="StyleId-0" CONTENT="ing" WC="0.623333335" CC="109" />
            <SP ID="P491_SP00419" WIDTH="0" HPOS="0" VPOS="0" />
            <String ID="P491_S00463" HPOS="461" VPOS="2720" WIDTH="83" HEIGHT="55" STYLEREFS="StyleId-0" CONTENT="the" WC="1" CC="000" />
            <SP ID="P491_SP00420" WIDTH="0" HPOS="0" VPOS="0" />
            <String ID="P491_S00464" HPOS="571" VPOS="2720" WIDTH="168" HEIGHT="55" STYLEREFS="StyleId-0" CONTENT="slaves," WC="0.535714269" CC="5197044" />
            <SP ID="P491_SP00421" WIDTH="0" HPOS="0" VPOS="0" />
            <String ID="P491_S00465" HPOS="762" VPOS="2734" WIDTH="130" HEIGHT="41" STYLEREFS="StyleId-0" CONTENT="some" WC="0.7875" CC="7100" />
            <SP ID="P491_SP00422" WIDTH="0" HPOS="0" VPOS="0" />
            <String ID="P491_S00466" HPOS="919" VPOS="2722" WIDTH="53" HEIGHT="53" STYLEREFS="StyleId-0" CONTENT="of" WC="0.925" CC="10" />
            <SP ID="P491_SP00423" WIDTH="0" HPOS="0" VPOS="0" />
            <String ID="P491_S00467" HPOS="993" VPOS="2722" WIDTH="128" HEIGHT="53" STYLEREFS="StyleId-0" CONTENT="them" WC="0.625" CC="7700" />
            <SP ID="P491_SP00424" WIDTH="0" HPOS="0" VPOS="0" />
            <String ID="P491_S00468" HPOS="1148" VPOS="2723" WIDTH="267" HEIGHT="52" STYLEREFS="StyleId-0" CONTENT="denounced" WC="0.918888867" CC="000070000" />
            <SP ID="P491_SP00425" WIDTH="0" HPOS="0" VPOS="0" />
            <String ID="P491_S00469" HPOS="1443" VPOS="2724" WIDTH="194" HEIGHT="51" STYLEREFS="StyleId-0" CONTENT="General" WC="0.71" CC="6440401" />
            <SP ID="P491_SP00426" WIDTH="0" HPOS="0" VPOS="0" />
            <String ID="P491_S00470" HPOS="1663" VPOS="2724" WIDTH="90" HEIGHT="51" STYLEREFS="StyleId-0" CONTENT="Lee" WC="0.8466667" CC="400" />
            <SP ID="P491_SP00427" WIDTH="0" HPOS="0" VPOS="0" />
            <String ID="P491_S00471" HPOS="1776" VPOS="2726" WIDTH="73" HEIGHT="49" STYLEREFS="StyleId-0" CONTENT="for" WC="0.7" CC="305" />
          </TextLine>
          <TextLine ID="P491_TL00045" HPOS="351" VPOS="2784" WIDTH="1498" HEIGHT="62">
            <String ID="P491_S00472" HPOS="351" VPOS="2784" WIDTH="191" HEIGHT="57" STYLEREFS="StyleId-0" CONTENT="writing" WC="0.437142849" CC="9408078" />
            <SP ID="P491_SP00428" WIDTH="0" HPOS="0" VPOS="0" />
            <String ID="P491_S00473" HPOS="568" VPOS="2786" WIDTH="83" HEIGHT="55" STYLEREFS="StyleId-0" CONTENT="the" WC="0.5" CC="0105" />
            <SP ID="P491_SP00429" WIDTH="0" HPOS="0" VPOS="0" />
            <String ID="P491_S00474" HPOS="676" VPOS="2786" WIDTH="154" HEIGHT="55" STYLEREFS="StyleId-0" CONTENT="letter," WC="0.681428552" CC="2038071" />
            <SP ID="P491_SP00430" WIDTH="0" HPOS="0" VPOS="0" />
            <String ID="P491_S00475" HPOS="862" VPOS="2787" WIDTH="93" HEIGHT="54" STYLEREFS="StyleId-0" CONTENT="and" WC="0.00333333341" CC="91010" />
            <SP ID="P491_SP00431" WIDTH="0" HPOS="0" VPOS="0" />
            <String ID="P491_S00476" HPOS="991" VPOS="2789" WIDTH="228" HEIGHT="53" STYLEREFS="StyleId-0" CONTENT="prepared" WC="0.75" CC="07000750" />
            <SP ID="P491_SP00432" WIDTH="0" HPOS="0" VPOS="0" />
            <String ID="P491_S00477" HPOS="1244" VPOS="2791" WIDTH="56" HEIGHT="51" STYLEREFS="StyleId-0" CONTENT="to" WC="0.345" CC="93" />
            <SP ID="P491_SP00433" WIDTH="0" HPOS="0" VPOS="0" />
            <String ID="P491_S00478" HPOS="1329" VPOS="2800" WIDTH="178" HEIGHT="45" STYLEREFS="StyleId-0" CONTENT="oppose" WC="0.695" CC="009061" />
            <SP ID="P491_SP00434" WIDTH="0" HPOS="0" VPOS="0" />
            <String ID="P491_S00479" HPOS="1531" VPOS="2792" WIDTH="82" HEIGHT="53" STYLEREFS="StyleId-0" CONTENT="the" WC="0.6666667" CC="0100" />
            <SP ID="P491_SP00435" WIDTH="0" HPOS="0" VPOS="0" />
            <String ID="P491_S00480" HPOS="1638" VPOS="2804" WIDTH="211" HEIGHT="41" STYLEREFS="StyleId-0" CONTENT="measure" WC="0.558571458" CC="7006762" />
          </TextLine>
          <TextLine ID="P491_TL00046" HPOS="350" VPOS="2850" WIDTH="1165" HEIGHT="59">
            <String ID="P491_S00481" HPOS="350" VPOS="2851" WIDTH="134" HEIGHT="41" STYLEREFS="StyleId-0" CONTENT="when" WC="1" CC="0000" />
            <SP ID="P491_SP00436" WIDTH="0" HPOS="0" VPOS="0" />
            <String ID="P491_S00482" HPOS="501" VPOS="2851" WIDTH="42" HEIGHT="41" STYLEREFS="StyleId-0" CONTENT="it" WC="1" CC="00" />
            <SP ID="P491_SP00437" WIDTH="0" HPOS="0" VPOS="0" />
            <String ID="P491_S00483" HPOS="562" VPOS="2851" WIDTH="171" HEIGHT="42" STYLEREFS="StyleId-0" CONTENT="should" WC="0.6333333" CC="671600" />
            <SP ID="P491_SP00438" WIDTH="0" HPOS="0" VPOS="0" />
            <String ID="P491_S00484" HPOS="752" VPOS="2852" WIDTH="57" HEIGHT="41" STYLEREFS="StyleId-0" CONTENT="be" WC="1" CC="00" />
            <SP ID="P491_SP00439" WIDTH="0" HPOS="0" VPOS="0" />
            <String ID="P491_S00485" HPOS="825" VPOS="2852" WIDTH="279" HEIGHT="43" STYLEREFS="StyleId-0" CONTENT="introduced" WC="0.724" CC="3605407000" />
            <SP ID="P491_SP00440" WIDTH="0" HPOS="0" VPOS="0" />
            <String ID="P491_S00486" HPOS="1121" VPOS="2854" WIDTH="105" HEIGHT="42" STYLEREFS="StyleId-0" CONTENT="into" WC="0.8475" CC="0600" />
            <SP ID="P491_SP00441" WIDTH="0" HPOS="0" VPOS="0" />
            <String ID="P491_S00487" HPOS="1245" VPOS="2853" WIDTH="270" HEIGHT="56" STYLEREFS="StyleId-0" CONTENT="Congress.*" WC="0.47" CC="67710507540" />
          </TextLine>
          <TextLine ID="P491_TL00047" HPOS="369" VPOS="2937" WIDTH="1482" HEIGHT="41">
            <String ID="P491_S00488" HPOS="369" VPOS="2952" WIDTH="12" HEIGHT="17" STYLEREFS="StyleId-3" CONTENT="»" WC="0.28" CC="7" />
            <SP ID="P491_SP00442" WIDTH="0" HPOS="0" VPOS="0" />
            <String ID="P491_S00489" HPOS="417" VPOS="2938" WIDTH="16" HEIGHT="31" STYLEREFS="StyleId-3" CONTENT="*" WC="0.51" CC="4" />
            <SP ID="P491_SP00443" WIDTH="0" HPOS="0" VPOS="0" />
            <String ID="P491_S00490" HPOS="447" VPOS="2938" WIDTH="130" HEIGHT="31" STYLEREFS="StyleId-3" CONTENT="Gpnpral" WC="0.4757143" CC="6777403" />
            <SP ID="P491_SP00444" WIDTH="0" HPOS="0" VPOS="0" />
            <String ID="P491_S00491" HPOS="595" VPOS="2938" WIDTH="137" HEIGHT="31" STYLEREFS="StyleId-3" CONTENT="William" WC="0.501428545" CC="7647602" />
            <SP ID="P491_SP00445" WIDTH="0" HPOS="0" VPOS="0" />
            <String ID="P491_S00492" HPOS="749" VPOS="2939" WIDTH="30" HEIGHT="30" STYLEREFS="StyleId-3" CONTENT="C." WC="1" CC="00" />
            <SP ID="P491_SP00446" WIDTH="0" HPOS="0" VPOS="0" />
            <String ID="P491_S00493" HPOS="793" VPOS="2939" WIDTH="165" HEIGHT="30" STYLEREFS="StyleId-3" CONTENT="Wickham" WC="0.7057143" CC="8013008" />
            <SP ID="P491_SP00447" WIDTH="0" HPOS="0" VPOS="0" />
            <String ID="P491_S00494" HPOS="974" VPOS="2939" WIDTH="50" HEIGHT="30" STYLEREFS="StyleId-3" CONTENT="led" WC="0.62" CC="407" />
            <SP ID="P491_SP00448" WIDTH="0" HPOS="0" VPOS="0" />
            <String ID="P491_S00495" HPOS="1041" VPOS="2940" WIDTH="55" HEIGHT="29" STYLEREFS="StyleId-3" CONTENT="the" WC="0.5233333" CC="472" />
            <SP ID="P491_SP00449" WIDTH="0" HPOS="0" VPOS="0" />
            <String ID="P491_S00496" HPOS="1114" VPOS="2942" WIDTH="179" HEIGHT="32" STYLEREFS="StyleId-3" CONTENT="opponents" WC="0.575555563" CC="064080764" />
            <SP ID="P491_SP00450" WIDTH="0" HPOS="0" VPOS="0" />
            <String ID="P491_S00497" HPOS="1312" VPOS="2943" WIDTH="36" HEIGHT="31" STYLEREFS="StyleId-3" CONTENT="of" WC="0.865" CC="02" />
            <SP ID="P491_SP00451" WIDTH="0" HPOS="0" VPOS="0" />
            <String ID="P491_S00498" HPOS="1361" VPOS="2943" WIDTH="54" HEIGHT="31" STYLEREFS="StyleId-3" CONTENT="the" WC="0.75333333" CC="070" />
            <SP ID="P491_SP00452" WIDTH="0" HPOS="0" VPOS="0" />
            <String ID="P491_S00499" HPOS="1432" VPOS="2943" WIDTH="121" HEIGHT="33" STYLEREFS="StyleId-3" CONTENT="project" WC="0.735714257" CC="0205036" />
            <SP ID="P491_SP00453" WIDTH="0" HPOS="0" VPOS="0" />
            <String ID="P491_S00500" HPOS="1569" VPOS="2943" WIDTH="33" HEIGHT="33" STYLEREFS="StyleId-3" CONTENT="in" WC="0.535" CC="09" />
            <SP ID="P491_SP00454" WIDTH="0" HPOS="0" VPOS="0" />
            <String ID="P491_S00501" HPOS="1620" VPOS="2951" WIDTH="21" HEIGHT="25" STYLEREFS="StyleId-3" CONTENT="a" WC="0.34" CC="6" />
            <SP ID="P491_SP00455" WIDTH="0" HPOS="0" VPOS="0" />
            <String ID="P491_S00502" HPOS="1657" VPOS="2951" WIDTH="77" HEIGHT="27" STYLEREFS="StyleId-3" CONTENT="very" WC="0.52" CC="7262" />
            <SP ID="P491_SP00456" WIDTH="0" HPOS="0" VPOS="0" />
            <String ID="P491_S00503" HPOS="1753" VPOS="2945" WIDTH="98" HEIGHT="33" STYLEREFS="StyleId-3" CONTENT="bitter" WC="0.396666676" CC="870883" />
          </TextLine>
          <TextLine ID="P491_TL00048" HPOS="349" VPOS="2970" WIDTH="334" HEIGHT="33">
            <String ID="P491_S00504" HPOS="349" VPOS="2970" WIDTH="202" HEIGHT="32" STYLEREFS="StyleId-3" CONTENT="pro-slavery" WC="0.7154545" CC="05005207036" />
            <SP ID="P491_SP00457" WIDTH="0" HPOS="0" VPOS="0" />
            <String ID="P491_S00505" HPOS="564" VPOS="2971" WIDTH="119" HEIGHT="32" STYLEREFS="StyleId-3" CONTENT="speech." WC="0.7128571" CC="6040170" />
          </TextLine>
        </TextBlock>
      </PrintSpace>
    </Page>
  </Layout>
</alto>