2200 3300
333 307 99 43 458

633 308 221 43 History
881 321 63 30 of
971 321 96 30 the
1093 309 165 42 Black
1283 308 254 43 Phalanx.

333 440 115 34 email
467 440 81 43 bag
561 450 78 33 was
654 441 183 42 attached
857 443 45 40 to
916 442 66 41 the
1002 442 243 41 button-hole
1259 440 43 43 of
1317 440 59 43 his
1392 437 143 46 jacket.
1579 431 181 52 Undoing
1773 430 67 53 the

336 495 81 43 bag
437 494 19 44 I
476 495 120 43 found
616 495 34 43 it
670 496 203 42 contained
894 497 104 41 sixty
1013 506 136 32 ounces
1164 495 44 43 of
1222 506 92 32 corn
1335 493 110 45 meal.
1489 490 60 48 He
1562 498 79 40 was
1655 488 74 50 not
1749 495 92 43 over

333 550 224 42 twenty-six
571 560 112 32 years
699 551 44 41 of
758 561 81 32 age,
857 551 78 42 and
955 561 77 32 was
1054 551 43 42 of
1112 550 71 43 fair
1204 548 248 45 complexion.
1496 544 98 49 Who
1616 543 133 50 knows
1769 540 72 53 but

336 604 49 34 he
407 615 78 23 was
512 605 67 33 the
605 605 80 34 last
712 605 137 34 soldier
869 605 84 35 who
980 605 60 35 fell
1065 604 205 44 belonging
1289 605 45 43 to
1356 603 66 45 the
1443 600 120 48 Army
1585 597 44 51 of
1650 596 191 52 Northern

338 658 173 43 Virginia
518 659 43 42 ?"

437 768 50 43 It
505 782 98 29 was
621 769 138 44 Palm
788 768 208 56 Sunday,
1025 769 261 55 celebrated
1312 769 67 55 by
1404 778 149 46 many
1581 764 53 60 of
1653 764 82 60 the
1760 763 81 61 fol¬

337 834 166 42 lowers
523 835 53 41 of
589 833 156 44 Christ
764 847 54 30 as
836 835 82 42 the
936 835 96 54 day
1052 835 52 54 of
1116 836 72 53 his
1205 832 263 57 triumphal
1488 832 222 57 entrance
1735 827 103 62 into

337 898 279 54 Jerusalem,
656 912 32 40 a
713 900 97 53 day
837 900 53 53 of
919 903 139 51 great
1092 900 221 55 rejoicing
1349 910 181 45 among
1564 895 272 60 Christians,

339 966 174 41 known
547 966 49 41 in
632 978 89 29 our
748 966 179 41 annual
954 965 219 43 calendar
1200 978 54 30 as
1280 965 84 43 the
1383 964 89 44 9th
1498 963 98 54 day
1623 962 53 55 of
1694 961 142 56 April,

341 1031 144 42 1865.
540 1031 97 42 Tho
655 1030 224 55 morning
903 1031 147 54 broke
1069 1031 121 54 clear
1209 1031 96 54 and
1331 1029 165 56 bright
1514 1028 50 57 in
1580 1028 82 57 the
1687 1027 152 58 neigh¬

340 1097 222 42 borhood
599 1097 53 42 of
679 1096 339 55 Appomattox
1052 1095 146 56 Court
1232 1096 179 55 House,
1450 1095 95 56 and
1579 1095 132 56 there
1743 1107 95 44 was

340 1176 140 41 every
497 1162 224 55 'evidence
748 1162 52 55 of
822 1162 176 55 spring.
1053 1162 97 55 The
1176 1162 130 55 birds
1334 1162 186 55 chirped
1547 1161 49 56 in
1612 1161 82 56 the
1718 1162 120 55 trees

340 1229 104 41 half
458 1229 104 41 clad
580 1229 116 41 with
713 1229 83 41 the
813 1228 131 54 early
962 1227 185 55 foliage,
1168 1227 148 55 which
1332 1227 230 55 trembled
1579 1227 48 55 in
1644 1227 83 55 the
1744 1227 94 55 soft

341 1296 169 41 breeze.
563 1295 158 54 Along
737 1295 82 54 the
845 1291 223 58 roadside
1085 1296 82 53 yet
1186 1294 178 55 untrod
1383 1292 64 57 by
1464 1293 82 56 the
1563 1293 171 56 hostile
1751 1293 86 56 feet

343 1361 53 42 of
409 1374 113 29 man
542 1374 56 29 or
616 1361 144 52 steed,
780 1360 83 53 the
879 1360 108 55 tiny
1005 1360 206 55 floweret
1231 1359 122 56 buds
1362 1359 98 56 had
1479 1360 155 55 begun
1643 1361 56 54 to
1719 1372 118 43 open

340 1429 56 40 to
415 1427 82 42 the
518 1427 202 42 warmth
740 1426 53 43 of
804 1426 157 55 genial
979 1428 185 53 nature,
1187 1425 95 56 and
1308 1426 82 55 the
1407 1425 155 56 larger
1587 1438 143 43 roses,
1759 1425 77 56 red

341 1493 98 44 and
473 1493 153 51 white,
664 1494 106 50 cast
803 1492 124 52 their
961 1492 247 54 fragrance
1234 1493 55 53 to
1318 1491 80 55 the
1423 1491 229 56 lingering
1677 1491 157 56 winds.

341 1558 123 43 Here
497 1558 82 43 the
613 1559 104 42 half
746 1558 118 52 clad,
894 1570 107 40 sore
1034 1557 163 53 footed
1225 1557 196 53 soldiers
1449 1556 52 54 of
1520 1557 82 53 the
1629 1556 145 56 Army
1792 1557 50 55 of

341 1624 238 43 Northern
596 1623 227 56 Virginia,
845 1636 115 43 were
986 1623 256 56 trembling
1267 1620 114 59 with
1400 1623 145 56 dread
1563 1623 274 56 impatience

340 1691 75 42 for
447 1691 84 42 the
557 1690 287 52 onset,—the
869 1688 454 54 inevitable—which
1349 1688 155 54 would
1540 1689 154 53 decide
1718 1688 120 54 their

340 1757 99 41 fate
475 1757 96 41 and
605 1756 123 42 their
755 1757 221 53 prospect
1003 1754 54 56 of
1085 1754 223 56 reaching
1332 1754 82 56 the
1440 1755 278 55 mountains
1738 1755 99 55 just

341 1822 203 54 beyond.
598 1821 56 55 In
688 1821 132 55 front
855 1821 54 55 of
936 1821 131 55 them
1101 1820 83 56 the
1209 1820 173 56 federal
1408 1820 196 56 cavalry
1639 1820 198 56 awaited

345 1888 119 41 their
482 1887 200 55 coming.

440 1953 48 41 It
506 1966 97 29 was
629 1955 82 52 yet
728 1966 115 41 grey
860 1952 48 55 in
925 1952 83 55 the
1026 1951 223 56 morning
1265 1951 132 56 when
1416 1950 191 57 General
1630 1951 88 56 Lee
1736 1954 102 53 sent

342 2019 129 41 word
489 2021 56 39 to
572 2018 73 42 his
673 2018 286 42 Lieutenant
987 2017 195 43 Gordon
1199 2019 56 41 to
1275 2019 81 41 cut
1374 2017 72 43 his
1468 2019 26 41 "
1510 2030 102 39 way
1633 2018 204 53 through

342 2087 57 39 at
417 2084 69 42 all
499 2083 252 43 hazards"
812 2083 131 43 With
968 2084 82 42 the
1076 2083 313 55 impetuosity
1416 2082 54 56 of
1490 2095 32 43 a
1539 2083 199 55 Cyclone,
1767 2083 70 55 his

341 2150 247 41 shattered
616 2162 137 41 corps
779 2149 172 54 rushed
978 2162 131 41 upon
1134 2149 82 54 the
1242 2148 301 55 dismounted
1573 2150 193 54 cavalry
1791 2149 44 55 in

341 2215 123 41 their
482 2215 143 50 front,
638 2215 82 50 the
730 2214 196 51 Federal
944 2215 89 50 line
1053 2215 233 54 quivered,
1300 2215 96 54 and
1415 2215 114 54 bent
1546 2217 55 52 to
1620 2215 81 54 the
1718 2215 117 56 gale.

342 2279 73 42 On
433 2281 95 41 and
546 2293 65 29 on
636 2281 116 53 they
771 2293 144 41 came,
935 2281 215 55 pressing
1167 2281 148 55 closer
1333 2281 96 55 and
1448 2281 148 55 closer
1612 2294 130 42 upon
1758 2281 80 55 the

338 2346 213 52 cavalry.
605 2346 98 52 The
738 2346 213 55 struggle
986 2360 96 41 was
1117 2347 248 56 becoming
1390 2347 258 56 desperate,
1677 2347 40 56 it
1742 2360 96 43 was

342 2411 81 41 the
440 2411 97 41 last
564 2411 122 54 hope
714 2412 53 53 of
786 2412 82 53 the
895 2412 319 53 confederates
1240 2414 115 53 they
1381 2416 131 51 must
1537 2427 64 42 go
1627 2414 212 55 through

342 2476 81 41 the
439 2476 128 51 lines,
579 2489 58 38 or
654 2477 155 53 perish
827 2478 49 52 in
893 2478 82 52 the
994 2480 224 53 attempt.
1274 2479 155 55 Again
1447 2480 82 54 the
1546 2479 294 55 confederate

341 2541 90 54 yell
449 2554 106 41 rose
574 2542 154 53 above
744 2543 83 52 the
846 2543 80 52 din
945 2543 54 52 of
1009 2543 83 52 the
1118 2544 195 51 battle's
1339 2558 128 37 roar,
1489 2546 96 49 and
1613 2559 122 36 soon
1759 2546 81 49 the

342 2607 196 53 cavalry
555 2607 73 53 fell
646 2607 136 53 back.
837 2607 163 53 Where
1017 2621 97 39 was
1132 2609 123 51 their
1273 2610 156 50 leader
1455 2609 230 51 Sheridan
1695 2613 21 47 ?
1769 2612 71 48 He

342 2685 143 38 came,
497 2672 248 55 galloping
763 2675 55 52 at
836 2673 279 54 break-neck
1133 2674 150 54 speed,
1296 2675 73 53 his
1387 2688 106 40 men
1512 2677 215 57 cheering
1743 2678 97 56 him

343 2751 56 28 as
416 2738 57 41 he
490 2738 115 41 rode
621 2740 57 39 to
696 2737 83 42 the
794 2737 146 43 front.
969 2738 73 42 He
1059 2739 97 41 had
1175 2739 113 41 been
1304 2741 57 40 to
1379 2740 82 41 the
1478 2754 108 29 rear
1603 2756 132 30 some
1752 2745 89 42 five

342 2803 129 42 miles
491 2815 151 41 away.
696 2802 73 54 He
787 2815 96 41 saw
903 2805 55 51 at
977 2816 31 40 a
1025 2803 164 54 glance
1207 2803 80 54 the
1305 2804 173 55 daring
1505 2806 155 55 object
1687 2809 53 52 of
1759 2811 82 50 the

341 2868 87 52 foe,
450 2868 95 52 and
565 2867 195 53 ordered
778 2867 72 53 his
869 2881 104 39 men
991 2870 56 50 to
1065 2868 82 52 fall
1165 2868 120 52 back
1304 2869 176 54 slowly.
1535 2871 100 52 The
1660 2875 181 48 confed¬

338 2935 158 40 erates
531 2932 212 43 followed
779 2945 63 41 up
876 2931 82 55 the
991 2932 238 55 wavering
1270 2932 90 55 line
1401 2934 116 53 with
1560 2937 280 57 brightened
