2200 3300
848 356 106 44 The
980 355 125 45 War
1131 366 64 34 of
1223 354 143 46 1775.

1804 352 62 44 71

337 486 227 54 question
582 488 55 52 of
655 488 85 52 the
756 488 250 52 American
1032 487 213 56 patriots
1271 500 98 43 was
1394 487 83 56 the
1493 486 171 57 theme.
1718 485 106 58 And
1843 485 26 58 I

335 551 101 43 find
462 566 66 30 no
555 554 160 43 better
739 556 174 54 eulogy
938 558 56 52 to
1023 566 273 44 pronounce
1313 566 131 44 upon
1460 553 131 57 them
1610 553 122 57 than
1751 553 120 57 that

336 616 131 46 Hon.
506 619 191 45 Charles
732 621 253 55 Pinckney,
1024 620 52 56 of
1098 619 155 57 South
1279 618 236 58 Carolina,
1553 619 229 57 delivered
1818 618 50 58 in

334 684 88 44 the
436 685 177 44 United
631 687 167 43 States
822 687 167 43 House
1015 687 55 43 of
1088 685 414 56 Representatives
1527 685 50 56 in
1604 684 144 57 1820,
1770 685 97 56 and

334 751 120 43 that
489 752 54 43 of
572 753 116 43 Hon
713 753 121 43 Wm.
864 753 177 53 Eustis,
1072 753 54 53 of
1145 752 394 54 Massachusetts,
1577 751 174 55 during
1783 751 87 55 the

335 830 135 31 same
488 819 187 43 debate.
731 819 88 43 Mr.
840 820 240 54 Pinckney
1098 819 128 55 said:

419 907 72 35 "It
503 908 34 34 is
552 918 26 24 a
590 908 241 34 remarkable
851 908 90 42 fact,
964 908 93 42 that
1077 906 362 44 notwithstanding,
1455 906 39 44 in
1514 908 67 42 t_e
1594 916 133 34 course
1742 906 44 44 of
1800 906 70 44 the

334 960 246 44 Revolution,
590 963 67 41 the
671 962 191 42 Southern
878 962 131 42 States
1023 972 93 32 were
1129 962 238 42 continually
1383 972 164 32 overrun
1560 961 54 43 by
1626 962 67 42 the
1707 960 158 44 British*

336 1017 80 34 and
430 1017 94 34 that
537 1028 113 30 every
662 1028 119 32 negro
796 1018 40 42 in
856 1018 106 42 them
983 1017 79 43 had
1084 1027 51 33 an
1157 1017 256 43 opportunity
1429 1016 44 44 of
1487 1016 154 44 leaving
1654 1016 99 44 their
1768 1026 100 34 own¬

334 1082 72 33 ers,
423 1072 67 43 few
505 1072 82 43 did;
604 1073 167 42 proving
783 1073 159 42 thereby
956 1074 74 41 not
1044 1072 91 43 only
1151 1082 25 33 a
1190 1074 106 41 most
1308 1072 239 43 remarkable
1562 1071 245 44 attachment
1820 1074 48 41 to

334 1127 102 35 their
451 1137 156 33 owners,
623 1128 75 42 but
711 1128 66 42 the
791 1127 178 43 mildness
985 1127 43 43 of
1043 1127 67 43 the
1129 1129 223 41 treatment,
1369 1127 99 43 from
1489 1127 145 43 whence
1647 1126 100 44 their
1762 1126 107 44 affec¬

333 1183 89 34 tion
437 1193 156 33 sprang.
637 1182 107 44 They
756 1182 95 44 then
865 1192 103 34 were,
986 1193 44 33 as
1043 1183 93 43 they
1151 1182 79 44 still
1245 1193 74 33 are,
1337 1193 44 33 as
1395 1182 180 44 valuable
1589 1192 25 34 a
1627 1184 93 42 part
1735 1182 45 44 of
1795 1192 74 34 our

335 1238 235 44 population
596 1239 46 43 to
670 1238 66 44 the
764 1238 120 44 union
912 1248 44 34 as
985 1248 78 34 any
1092 1238 112 44 other
1230 1238 112 44 equal
1369 1238 159 44 number
1550 1237 44 45 of
1607 1237 257 45 inhabitants.

337 1294 108 42 They
459 1304 91 32 were
563 1294 40 42 in
617 1304 205 32 numerous
837 1294 193 42 instances
1044 1293 67 43 the
1124 1293 183 43 pioneers,
1324 1293 78 43 and
1415 1293 39 43 in
1469 1292 52 44 all
1541 1293 66 43 the
1626 1293 184 43 laborers,
1828 1292 43 44 of

336 1360 102 33 your
459 1350 150 43 armies.
652 1349 58 44 To
738 1349 100 44 their
865 1349 125 44 hands
1019 1359 92 34 were
1133 1349 125 44 owing
1277 1348 66 45 the
1363 1348 165 45 erection
1549 1348 43 45 of
1607 1348 67 45 the
1694 1350 173 43 greatest

336 1408 95 42 part
446 1405 44 45 of
504 1405 67 45 the
584 1405 273 45 fortifications
871 1405 126 45 raised
1018 1404 60 46 for
1097 1404 67 46 the
1183 1404 217 46 protection
1416 1404 43 46 of
1476 1414 71 36 our
1561 1405 182 45 country;
1761 1414 108 36 some

339 1461 45 36 of
405 1461 131 43 which,
558 1461 253 43 particularly
833 1460 99 44 Fort
953 1460 188 44 Moultrie,
1164 1470 109 34 gave,
1298 1461 45 43 at
1362 1459 67 45 the
1449 1459 105 45 early
1574 1459 132 45 period
1728 1459 43 45 of
1800 1458 69 46 the

337 1516 255 45 inexperience
607 1516 78 45 and
699 1516 153 45 untried
865 1516 113 45 valor
993 1515 43 46 of
1053 1525 71 36 our
1144 1514 163 47 citizens,
1323 1514 257 47 immortality
1600 1516 45 45 to
1667 1513 199 48 American

340 1583 124 32 arms;
495 1573 88 42 and,
606 1572 40 43 in
667 1572 66 43 the
753 1571 193 44 Northern
967 1570 142 45 States,
1132 1580 204 35 numerous
1356 1569 132 46 bodies
1510 1569 43 46 of
1574 1569 105 46 them
1700 1579 92 36 were
1806 1579 61 36 en¬

339 1628 121 35 rolled
473 1628 97 42 into,
588 1627 78 43 and
679 1627 151 43 fought,
846 1626 54 44 by
913 1626 68 44 the
993 1625 81 45 side
1087 1624 44 46 of
1145 1624 67 46 the
1224 1624 143 46 whites,
1389 1623 67 47 the
1475 1623 146 47 battles
1635 1623 44 47 of
1693 1623 67 47 the
1772 1623 97 47 Kev-

342 1682 380 35 olution."—Annals
736 1681 48 36 of
796 1680 194 44 Congress.

442 1758 107 42 And
568 1758 105 42 said
691 1757 88 43 Mr.
800 1756 187 44 Eustis:

425 1835 77 35 "At
515 1836 66 34 the
595 1836 358 34 commmencement
968 1833 43 37 of
1026 1833 66 40 the
1105 1832 303 42 Revolutionary
1422 1843 89 32 war,
1521 1832 106 43 there
1640 1842 92 33 were
1746 1832 119 43 found

342 1890 40 34 in
402 1891 67 34 the
489 1890 140 35 Middle
650 1889 79 36 and
749 1888 192 37 Northern
962 1887 142 42 States,
1127 1898 117 31 many
1272 1887 141 42 blacks,
1437 1886 77 43 and
1536 1887 110 42 other
1666 1887 133 43 people
1826 1887 45 43 of

342 1946 117 42 color,
489 1945 159 43 capable
670 1944 43 44 of
728 1944 159 44 bearing
908 1953 122 35 arms;
1054 1953 25 35 a
1106 1944 93 44 part
1218 1942 45 46 of
1277 1942 104 46 them
1402 1942 82 46 free,
1507 1942 67 46 the
1593 1944 152 44 greater
1772 1944 93 44 part

343 2001 137 34 slaves.
523 2000 79 35 The
622 2000 159 35 freemen
808 1998 153 37 entered
988 2008 70 27 our
1085 1997 118 38 ranks
1230 1997 92 38 with
1342 1997 66 38 the
1428 1997 143 38 whites.
1614 1997 78 38 The
1712 1997 93 38 time
1826 1997 44 38 of

341 2057 115 34 those
475 2056 85 35 who
582 2060 92 31 Were
695 2056 124 35 slaves
841 2064 79 27 was
940 2053 210 43 purchased
1171 2053 53 43 by
1242 2052 67 44 the
1330 2052 147 44 States;
1501 2053 78 43 and
1598 2052 93 44 they
1706 2062 92 34 were
1811 2052 54 44 in¬

341 2111 121 36 duced
475 2114 45 33 to
535 2113 106 34 enter
654 2111 66 36 the
735 2110 139 37 servioe
886 2109 41 38 in
940 2118 250 33 eonsequence
1205 2108 44 43 of
1263 2117 26 34 a
1301 2108 71 43 law
1388 2107 52 44 by
1454 2107 128 44 which,
1600 2116 50 35 on
1665 2107 199 44 condition

342 2168 45 34 of
401 2167 99 35 their
515 2167 152 43 serving
679 2167 40 43 in
732 2166 67 44 the
812 2165 120 45 ranks
947 2164 136 46 during
1097 2164 65 46 the
1176 2173 89 37 war,
1281 2162 93 48 they
1387 2173 93 37 were
1493 2164 112 46 made
1619 2162 168 48 freemen.

423 2223 104 34 "The
554 2233 80 24 war
661 2232 101 33 over,
793 2220 79 45 and
898 2230 113 35 peace
1036 2218 182 47 restored,
1247 2218 107 47 these
1380 2228 85 37 men
1491 2217 179 48 returned
1691 2220 45 45 to
1764 2218 102 47 their

339 2278 207 44 respective
560 2277 148 45 States;
727 2276 77 46 and
818 2276 85 46 who
918 2275 111 47 could
1044 2274 98 48 have
1163 2274 85 48 said
1268 2276 44 46 to
1332 2273 117 49 them,
1473 2283 52 39 on
1545 2273 100 49 their
1665 2275 131 47 return
1816 2275 47 47 to

340 2334 87 34 civil
440 2333 70 43 life,
528 2333 98 43 after
640 2332 145 44 having
799 2331 92 45 shed
904 2330 99 46 their
1016 2329 119 47 blood
1155 2329 39 47 in
1215 2338 177 38 common
1413 2328 91 48 with
1518 2328 66 48 the
1598 2328 131 48 whites
1743 2328 39 48 in
1796 2328 70 48 the

342 2389 145 35 defence
501 2388 44 36 of
559 2388 67 36 the
645 2387 165 37 liberties
833 2386 43 38 of
890 2385 101 39 their
1008 2386 176 40 country,
1209 2383 96 43 'You
1327 2393 65 33 are
1412 2385 73 41 not
1497 2385 45 41 to
1564 2383 233 46 participate
1823 2382 41 47 in

340 2445 68 35 the
420 2444 140 42 liberty
574 2443 59 43 for
647 2442 118 44 which
778 2451 79 35 you
871 2440 100 46 have
983 2439 92 47 been
1089 2437 201 49 fighting?'
1320 2437 191 49 Certainly
1524 2448 53 38 no
1591 2437 113 49 white
1718 2447 91 39 man
1822 2437 41 49 in

341 2497 342 36 Massachusetts."

442 2575 122 43 Such
581 2575 41 43 is
639 2575 83 43 the
739 2572 200 46 historic
956 2573 139 51 story
1113 2569 54 55 of
1183 2569 87 55 the
1284 2582 147 42 negro
1449 2568 50 56 in
1514 2569 84 55 the
1614 2568 249 56 American

341 2641 302 51 Revolution,
665 2640 96 52 and
779 2639 42 53 it
837 2638 41 54 is
899 2650 31 42 a
947 2636 89 56 sad
1064 2648 89 44 one
1180 2647 54 45 as
1260 2635 198 57 regards
1485 2647 97 45 any
1607 2635 173 57 benefit
1803 2637 59 55 to

340 2708 75 42 his
434 2721 105 29 own
557 2706 247 44 condition
822 2705 66 53 by
904 2702 75 56 his
997 2700 279 58 connection
1293 2700 115 58 with
1433 2700 148 58 either
1599 2700 112 58 side.
1763 2699 100 59 But

340 2773 43 44 it
407 2773 41 44 is
475 2786 89 31 one
591 2773 53 44 of
662 2773 84 44 the
771 2772 132 45 most
929 2766 289 51 memorable
1245 2766 53 51 of
1318 2767 64 50 all
1398 2766 191 55 history
1607 2779 64 42 on
1689 2766 174 55 exhibi¬

339 2840 109 43 tion
466 2839 55 44 of
539 2838 83 45 the
639 2837 182 54 fidelity
839 2835 54 56 of
914 2847 32 44 a
962 2844 107 47 race
1086 2833 56 58 to
1160 2831 83 60 the
1260 2844 139 47 cause
1418 2832 53 59 of
1489 2833 84 58 the
1588 2832 207 59 freedom
1813 2832 55 59 of

340 2906 67 44 all
424 2917 121 33 men.
