2213 3309
345 304 97 44 282

649 310 220 44 History
897 324 63 30 of
987 324 96 30 the
1110 312 165 42 Black
1300 311 252 44 Phalanx.

426 442 70 35 "It
517 453 117 24 seems
654 445 45 32 to
721 454 58 23 me
799 444 92 34 that
911 444 105 34 there
1036 443 32 35 is
1090 452 26 26 a
1135 443 98 35 hard
1253 452 166 26 nervous
1440 442 270 43 organization
1732 445 45 40 at
1796 444 69 41 the

341 496 159 36 bottom
523 498 43 34 of
581 498 66 34 the
668 498 198 34 character
887 498 43 34 of
944 499 66 33 the
1030 498 123 41 white,
1176 497 78 42 and
1275 507 26 32 a
1321 497 79 42 soft
1413 496 226 44 susceptible
1653 507 71 33 one
1739 500 45 40 at
1797 498 69 42 the

341 551 158 37 bottom
515 553 44 35 of
575 552 65 36 the
655 554 198 34 character
868 553 42 35 of
925 553 66 35 the
1005 552 122 36 black.

424 608 74 35 "Y.
542 607 136 36 'What
691 608 33 35 is
739 608 66 35 the
820 607 198 43 difference,
1042 606 239 44 considering
1300 606 67 44 the
1387 607 125 43 above
1532 606 144 44 points,
1698 606 167 44 between

341 663 150 34 colored
511 666 138 40 troops
674 661 183 45 recruited
878 662 99 44 from
997 661 66 45 the
1083 661 73 45 free
1176 660 132 46 States
1329 661 78 45 and
1427 661 112 45 those
1559 661 99 45 from
1678 661 67 45 the
1759 661 107 45 slave

345 716 168 37 States?'

426 773 50 33 "I
491 773 135 34 should
642 783 70 31 say
726 773 93 41 that
832 770 67 44 the
912 771 72 43 free
999 770 112 44 State
1130 780 86 34 men,
1236 780 92 34 were
1342 770 65 44 the
1420 770 104 44 best;
1540 770 92 44 they
1645 770 100 44 have
1758 781 107 33 more

345 827 43 34 of
404 828 64 33 the
489 828 246 41 self-reliance,
754 826 77 43 and
854 826 269 43 approximate
1137 835 132 34 nearer
1281 827 46 42 to
1341 825 67 44 the
1422 824 176 45 qualities
1614 826 43 43 of
1671 826 67 43 the
1752 826 113 43 white

345 892 91 24 man
450 883 39 33 in
503 885 145 39 respect
661 885 45 39 to
723 882 96 42 dash
836 881 76 43 and
927 890 148 34 energy,
1091 880 97 44 than
1204 880 112 44 those
1328 880 99 44 from
1441 880 66 44 the
1522 881 103 43 ^lave
1640 880 140 44 States.

427 936 344 42 "Summary.—To
786 946 59 32 me
865 936 92 42 they
978 944 179 34 compare
1176 934 206 44 favorably
1405 935 87 43 with
1513 935 66 43 the
1599 935 148 44 whites;
1769 937 92 43 they

343 1000 64 25 are
427 992 118 40 easily
568 991 175 42 handled,
766 993 86 40 true
873 990 77 43 and
973 990 194 43 obedient;
1189 990 107 43 there
1315 990 32 43 is
1368 990 72 43 less
1460 990 229 43 viciousness
1717 1001 147 36 among

340 1046 123 42 them;
480 1046 92 42 they
588 1055 64 33 are
669 1055 104 33 more
788 1045 169 43 patient;
972 1045 92 43 they
1079 1044 99 44 have
1191 1046 112 42 great
1316 1047 220 41 constancy.
1566 1045 78 43 The
1663 1047 199 41 character

341 1100 44 34 of
399 1101 67 33 the
480 1101 121 41 white,
619 1111 44 31 as
679 1111 78 31 you
772 1101 122 41 know,
917 1110 93 32 runs
1030 1102 45 40 to
1097 1102 202 41 extremes;
1322 1109 72 34 one
1413 1100 72 43 has
1498 1100 172 50 bull-dog
1682 1112 175 38 courage,

341 1156 164 34 another
524 1156 33 34 is
580 1165 25 25 a
626 1155 125 42 pitiful
774 1165 82 33 cur;
881 1165 71 33 one
978 1154 33 44 is
1038 1155 224 43 excessively
1289 1154 154 44 vicious,
1473 1156 163 42 another
1662 1167 92 33 pure
1780 1157 79 43 and

339 1210 123 34 noble.
507 1209 77 35 The
598 1210 138 42 phases
754 1210 43 42 of
812 1210 67 42 the
899 1210 199 42 character
1118 1209 44 43 of
1176 1210 67 42 the
1263 1210 111 42 white
1393 1211 157 41 touches
1569 1212 66 40 the
1655 1215 103 37 stars
1779 1213 78 39 and

339 1264 178 35 descends
531 1267 45 32 to
591 1265 66 34 the
679 1265 132 34 lowest
835 1263 147 44 depths.
1026 1264 78 43 The
1124 1264 131 43 blacks
1275 1265 197 42 character
1492 1267 167 43 occupies
1673 1268 65 42 the
1751 1268 106 42 inner

339 1319 116 35 circle.
499 1319 112 35 Their
624 1322 131 32 status
776 1320 33 34 is
834 1320 233 42 mediocrity,
1092 1320 78 42 and
1190 1319 78 43 this
1289 1319 221 44 mediocrity
1530 1321 77 42 and
1621 1323 231 45 uniformity,

339 1373 59 35 for
413 1374 169 42 military
598 1373 144 44 fatigue
759 1375 108 42 duty,
887 1375 18 42 I
920 1375 121 42 think,
1059 1385 163 32 answers
1236 1375 95 42 best.

755 1429 43 34 "I
813 1439 63 24 am
892 1429 236 43 respectfully
1141 1439 101 33 your
1256 1430 175 42 obedient
1444 1434 166 40 servant,

1401 1485 173 35 "Joseph
1587 1486 186 36 Walker.

1005 1538 188 45 "Captain
1207 1539 87 44 New
1311 1539 100 44 York
1430 1539 199 44 Voluneeer
1639 1541 213 44 Engineers.

422 1593 149 43 "Major
584 1592 43 44 T.
644 1593 42 43 B.
704 1594 167 42 Brooks,

701 1649 22 16 "
738 1647 282 44 Aide-de-Camp
1035 1647 81 44 and
1128 1648 116 43 Ass't.
1261 1648 95 45 Eng.
1373 1649 108 44 Dept.
1498 1650 49 43 of
1558 1650 64 43 the
1635 1650 159 43 South."

879 1781 136 43 [Reply
1027 1782 38 42 in
1080 1780 90 44 Full
1180 1781 70 43 No.
1266 1782 56 43 2.]

1056 1846 174 36 "Morris
1247 1847 154 44 Island,
1418 1847 102 45 Sept.
1537 1849 107 43 16th,
1661 1849 115 43 1863.

340 1902 157 43 "Major
511 1903 42 42 T.
570 1903 42 42 B.
630 1902 167 43 Brooks,
814 1902 117 43 Ass't.
948 1902 188 43 Engineer
1148 1902 109 43 Dept.
1275 1903 48 42 of
1336 1903 63 42 the
1411 1902 136 43 South.

421 1958 21 16 "
452 1958 75 34 Sir:
543 1957 19 35 I
577 1958 98 34 have
688 1958 66 34 the
768 1956 125 36 honor
907 1960 45 32 to
969 1960 105 32 state
1088 1957 92 35 that
1194 1957 19 35 I
1227 1958 164 34 received
1405 1958 97 34 from
1515 1969 80 32 you
1608 1969 27 32 a
1647 1959 157 42 circular
1818 1959 44 42 of

337 2012 152 42 inquiry
509 2013 211 42 respecting
739 2013 66 42 the
826 2013 263 42 comparative
1115 2013 130 42 merits
1267 2013 44 42 of
1325 2014 113 41 white
1457 2014 77 41 and
1561 2014 112 41 black
1700 2015 156 40 soldiers

338 2066 59 36 for
410 2066 145 43 fatigue
570 2067 107 42 duty,
694 2066 217 44 requesting
927 2078 65 32 my
1009 2067 156 43 opinion
1180 2079 44 31 as
1240 2069 150 41 derived
1403 2070 98 40 from
1516 2071 247 39 observation
1779 2071 77 39 and

339 2122 131 34 actual
483 2122 228 34 intercourse
726 2122 91 34 with
834 2123 115 42 them,
970 2134 50 31 on
1036 2126 143 39 several
1200 2124 170 45 specified
1384 2126 142 43 points,
1542 2126 117 43 which
1673 2126 19 43 I
1707 2126 149 43 subjoin

337 2176 92 34 with
444 2177 65 33 the
522 2177 204 42 respective
742 2187 173 32 answers.

420 2230 60 34 "I.
525 2230 188 44 'Courage
728 2242 44 32 as
787 2232 190 42 indicated
994 2233 50 42 by
1059 2235 165 40 conduct
1238 2236 118 39 under
1370 2238 89 37 fire.'

419 2285 50 33 "I
489 2285 98 34 have
608 2286 116 34 found
746 2287 92 35 that
860 2289 66 34 the
947 2290 111 34 black
1079 2293 138 42 troops
1237 2292 179 43 manifest
1435 2303 106 32 more
1553 2294 170 42 timidity
1737 2295 120 41 under

338 2339 66 35 fire
417 2340 98 34 than
528 2340 66 34 the
608 2341 111 33 white
732 2344 149 42 troops,
905 2345 73 41 but
1000 2348 92 42 they
1113 2359 65 31 are
1199 2351 44 39 at
1256 2349 66 41 the
1336 2358 105 32 same
1454 2348 93 42 time
1560 2359 105 31 more
1679 2349 177 41 obedient

338 2397 45 32 to
405 2395 140 41 orders,
569 2395 77 41 and
667 2406 105 30 more
795 2399 117 37 under
933 2404 152 35 control
1107 2405 43 34 of
1164 2405 99 34 their
1284 2406 153 43 officers,
1453 2406 39 43 in
1508 2406 215 44 dangerous
1737 2406 119 44 situar

337 2449 116 42 tions,
470 2450 98 41 than
583 2450 109 41 white
707 2453 167 38 soldiers.

420 2503 73 34 "II.
538 2503 108 35 'Skill
667 2506 78 33 and
770 2511 260 41 appreciation
1053 2513 44 39 of
1117 2514 99 38 their
1242 2515 124 37 duties
1393 2516 92 36 with
1512 2516 179 36 reference
1715 2518 46 34 to
1788 2517 68 35 the

339 2558 150 45 quality
503 2559 44 44 of
560 2560 66 43 the
641 2563 102 40 work
761 2566 234 42 performed.'

419 2613 22 16 "
450 2613 124 35 White
595 2617 154 36 soldiers
775 2632 63 23 are
859 2633 105 24 more
984 2623 211 44 intelligent
1216 2625 77 42 and
1313 2626 236 43 experienced
1572 2628 76 41 and
1664 2629 42 40 of
1722 2639 133 30 course

339 2677 105 26 more
463 2669 136 36 skillful
619 2674 98 34 than
739 2676 66 34 the
825 2677 110 35 black
958 2688 101 29 ones,
1076 2678 73 39 but
1167 2679 93 43 they
1273 2680 99 42 have
1385 2684 73 38 not
1470 2683 192 43 generally
1676 2695 26 31 a
1715 2695 140 31 corres¬

338 2725 171 42 ponding
523 2730 261 41 appreciation
800 2731 44 40 of
858 2732 100 39 their
972 2733 134 38 duties.
1149 2734 51 37 As
1222 2745 25 26 a
1266 2745 250 33 consequence
1536 2737 20 41 I
1568 2738 100 40 have
1680 2740 120 38 found
1813 2741 41 37 in

338 2783 106 31 most
456 2792 105 25 cases
575 2784 65 34 the
655 2784 104 34 work
774 2795 44 24 as
832 2786 77 34 well
925 2786 98 37 done
1035 2788 53 42 by
1101 2788 112 42 black
1228 2800 44 30 as
1285 2790 52 42 by
1352 2791 111 41 white
1477 2793 168 39 soldiers.

420 2836 100 35 "III.
566 2837 201 43 'Industry
789 2839 76 41 and
886 2851 256 32 perseverence
1162 2844 89 39 with
1272 2845 178 38 reference
1470 2849 44 34 to
1535 2848 67 36 the
1623 2853 163 32 amount
1814 2849 45 37 of

340 2892 103 34 work
457 2892 234 42 performed,'

421 2947 23 17 "
453 2946 124 35 White
591 2947 155 34 soldiers
761 2948 103 34 work
879 2949 90 34 with
984 2960 105 26 more
1108 2961 136 33 energy
1265 2953 104 41 while
1383 2954 91 43 they
1490 2955 49 42 do
1557 2958 101 39 work
1673 2958 98 39 than
1785 2959 67 38 the
