2200 3300
329 325 62 40 22

634 324 223 41 History
884 332 65 33 of
975 329 97 36 the
1098 317 167 48 Black
1290 312 254 53 Phalanx.

326 456 223 42 histories
577 453 96 45 and
699 452 262 46 literature,
984 445 97 53 and
1106 443 124 55 from
1255 438 85 60 the
1374 430 403 68 correspondence
1812 422 55 76 of

326 534 108 28 men
451 520 106 42 who
576 518 49 44 in
641 517 116 45 that
783 512 165 55 period
982 504 240 63 discussed
1246 502 85 65 the
1356 497 159 70 topics
1534 493 56 74 of
1609 493 85 74 the
1712 492 101 75 day

326 586 107 41 who
452 584 74 43 led
545 581 97 46 and
659 576 248 51 fashioned
926 572 158 55 public
1102 567 212 60 opinion,
1335 572 148 55 many
1495 557 54 70 of
1561 556 161 71 whom
1740 564 127 63 com¬

327 647 207 43 manded
552 647 50 43 in
618 644 83 46 the
718 642 121 48 field.
894 639 98 51 Not
1012 648 31 42 a
1059 635 83 55 few
1159 626 316 64 biographers
1485 623 128 67 have
1624 616 245 74 contribu¬

328 714 83 41 ted
427 715 57 40 to
503 723 84 39 my
603 707 115 55 fund
738 705 53 57 of
803 700 287 62 knowledge.
1145 696 72 66 To
1239 689 148 73 avoid
1407 700 54 62 as
1480 684 144 78 much
1644 695 56 67 as
1719 679 151 83 possi¬

328 777 75 42 ble
420 776 83 43 the
522 774 173 50 charge
715 769 52 55 of
786 763 281 61 plagiarism
1088 760 24 64 I
1129 760 126 64 have
1274 753 157 71 aimed
1447 754 58 70 to
1517 750 109 74 give
1645 747 151 77 credit
1811 748 57 76 to

328 854 85 39 my
429 838 292 55 informants
738 833 75 60 for
830 830 133 63 what
981 824 125 69 shall
1122 823 159 70 follow
1299 817 262 76 regarding
1576 815 85 78 the
1680 813 190 80 colored

328 904 216 55 patriots
563 901 50 58 in
630 899 84 60 the
738 908 101 51 war
866 893 54 66 of
939 892 84 67 the
1048 886 307 73 Revolution.
1410 883 24 76 I
1459 883 127 76 have
1612 893 176 66 reason
1812 882 57 77 to

326 969 180 42 believe
521 966 118 45 that
656 963 24 48 I
697 963 127 48 have
839 955 234 58 gathered
1097 953 145 60 much
1266 951 119 62 that
1400 950 93 63 has
1511 949 117 64 been
1647 948 222 65 obscure;

323 1034 124 42 iihat
465 1031 24 45 I
506 1031 126 45 have
650 1024 230 52 exhumed
899 1023 83 53 the
1000 1021 149 55 bones
1161 1018 53 58 of
1224 1018 118 58 that
1360 1016 141 60 noble
1511 1015 225 61 Phalanx
1745 1014 122 62 who,

322 1101 67 40 •at
406 1096 193 45 Bunker
616 1093 100 48 Hill
734 1090 98 51 and
850 1088 281 53 Yorktown,
1150 1086 51 55 in
1210 1084 200 57 various
1428 1082 218 59 military
1662 1081 209 60 employ¬

333 1165 171 49 ments,
535 1160 164 54 served
724 1155 126 59 their
876 1155 220 59 country.
1151 1151 49 63 It
1226 1151 40 63 is
1292 1153 109 61 true
1424 1150 119 64 they
1569 1162 116 52 were
1713 1148 83 66 few
1823 1149 49 65 in

330 1229 204 42 number
576 1225 134 46 when
753 1220 257 56 compared
1050 1221 59 55 to
1139 1218 88 58 the
1260 1218 116 58 host
1409 1216 118 60 that
1564 1215 191 61 entered
1790 1215 85 61 the

331 1295 178 44 service
535 1293 51 46 in
609 1291 85 48 the
719 1289 100 50 late
836 1286 255 53 Rebellion,
1112 1286 91 53 but
1228 1284 41 55 it
1295 1286 132 53 must
1461 1284 59 55 be
1554 1281 319 58 remembered

334 1362 118 42 that
469 1359 125 45 their
612 1355 200 49 number
829 1367 100 37 was
948 1352 140 52 small
1108 1354 55 50 at
1180 1351 116 53 that
1321 1351 117 53 time
1463 1349 50 55 in
1538 1350 85 54 the
1652 1351 221 53 country,

337 1427 99 44 and
454 1427 116 44 that
588 1424 84 47 the
690 1424 107 47 seat
816 1421 54 50 of
880 1433 101 38 war
1005 1432 100 39 was
1133 1421 56 50 at
1213 1418 84 53 the
1314 1416 173 55 North,
1509 1416 96 55 and
1626 1418 107 53 not,
1755 1428 55 43 as
1827 1415 50 56 in

337 1495 84 43 the
454 1493 100 45 late
589 1503 114 39 war,
742 1491 56 51 at
831 1488 84 54 the
950 1485 170 57 South,
1148 1485 150 57 where
1330 1483 126 59 their
1492 1483 225 59 numbers
1754 1483 123 59 have

339 1562 184 52 always
540 1558 117 56 been
674 1556 147 58 large.

442 1626 62 43 Of
523 1625 85 44 the
624 1624 135 45 three
776 1620 216 49 hundred
1017 1618 249 51 thousand
1291 1620 175 52 troops
1493 1616 50 56 in
1569 1615 84 57 the
1680 1615 199 57 Revolu¬

337 1695 206 53 tionary
558 1705 115 43 war,
693 1690 42 58 it
751 1690 92 58 has
861 1689 114 59 been
994 1686 257 62 estimated
1260 1685 117 63 that
1387 1685 92 63 five
1495 1683 251 65 thousand
1764 1695 116 53 were

336 1760 211 52 -colored,
570 1758 98 54 and
685 1757 134 55 these
837 1768 132 44 came
986 1752 283 60 principally
1285 1751 125 61 from
1429 1751 84 61 the
1533 1750 170 62 North,
1723 1751 156 61 whose

335 1827 199 45 •colored
553 1824 292 57 population
864 1825 56 56 at
944 1822 117 59 that
1085 1820 119 61 time
1228 1831 99 50 was
1358 1819 156 62 about
1535 1818 194 63 50,000,
1749 1817 131 64 while

332 1896 94 42 ~the
453 1893 242 45 Southern
721 1890 206 48 colonies
955 1886 256 52 contained
1240 1886 155 52 abotit
1417 1886 228 52 300,000.
1702 1885 97 53 The
1815 1884 67 54 in¬

341 1963 153 41 terest
512 1960 82 44 felt
612 1959 48 45 in
679 1958 84 46 the
778 1959 99 45 two
898 1955 205 49 sections
1121 1953 75 51 for
1212 1953 84 51 the
1316 1967 181 37 success
1511 1953 53 51 of
1576 1953 83 51 the
1677 1965 139 39 cause
1833 1951 50 53 of

341 2026 361 55 independence,
721 2024 39 57 if
778 2021 200 60 referred
1003 2023 57 58 to
1086 2021 85 60 the
1200 2033 155 48 army,
1376 2034 90 47 can
1495 2020 149 61 easily
1678 2019 57 62 be
1761 2031 117 50 seen.

333 2093 112 42 'The
470 2092 242 43 Northern
738 2089 206 46 colonies
970 2087 241 48 furnished
1239 2090 100 45 two
1368 2087 217 48 hundred
1613 2086 96 49 and
1735 2086 148 53 forty-

337 2160 118 41 nine
477 2156 265 52 thousand,
762 2156 93 52 five
879 2153 215 55 hundred
1123 2154 98 54 and
1248 2156 147 52 three,
1419 2155 99 53 and
1544 2154 85 54 the
1645 2152 238 56 Southern

338 2224 215 43 colonies
573 2235 90 32 one
679 2220 215 47 hundred
914 2220 97 47 and
1031 2221 293 53 forty-seven
1352 2221 264 53 thousand,
1637 2220 108 54 nine
1769 2219 115 55 huh-

339 2289 122 44 <dred
488 2290 98 43 and
612 2288 134 53 forty
771 2286 213 55 soldiers,
1006 2288 191 53 though
1226 2289 84 52 the
1344 2289 151 52 whole
1521 2287 290 57 population
1837 2286 50 58 of

342 2356 120 42 each
481 2355 182 43 section
679 2366 99 32 was
796 2353 166 45 within
983 2366 31 32 a
1032 2355 82 43 few
1132 2355 217 43 hundred
1370 2356 55 42 of
1436 2356 143 54 being
1596 2355 154 55 equal.

446 2421 100 41 The
563 2420 108 42 love
682 2419 55 43 of
746 2419 175 54 liberty
931 2433 98 40 was
1041 2433 63 40 no
1116 2421 91 52 less
1218 2423 175 53 strong
1409 2421 117 55 with
1542 2421 86 55 the
1645 2420 242 56 Southern

346 2486 126 42 than
496 2485 117 43 with
638 2484 84 44 the
747 2484 240 44 Northern
1016 2486 189 42 colored
1234 2499 128 39 man,
1386 2499 55 39 as
1467 2485 126 53 their
1618 2486 167 52 efforts
1812 2486 75 52 for

347 2551 175 52 liberty
557 2550 145 53 show.
756 2549 66 54 At
856 2550 84 53 the
974 2550 157 53 North
1167 2552 58 51 he
1258 2551 174 53 gained
1467 2550 73 54 his
1575 2549 208 55 freedom
1819 2552 68 53 by

347 2616 218 53 entering
580 2615 84 54 the
680 2616 249 53 American
950 2630 161 40 army;
1133 2619 56 51 at
1214 2616 83 54 the
1324 2614 169 56 South,
1517 2614 116 56 only
1649 2615 69 55 by
1734 2619 151 51 enter¬

348 2680 84 54 ing
448 2680 83 54 the
548 2679 182 55 British
751 2693 152 41 army,
923 2681 149 53 which
1090 2694 98 40 was
1201 2679 162 55 joined
1373 2679 65 55 by
1448 2690 132 44 more
1588 2678 126 56 than
1724 2681 159 53 fifteen

348 2746 249 41 thousand
629 2746 193 41 colored
857 2760 120 28 men.
1040 2745 230 43 Jefferson
1314 2754 113 40 says
1464 2741 180 53 30,000
1680 2756 201 40 negroes

348 2811 124 41 from
490 2810 215 54 Virginia
726 2811 139 53 alone
881 2812 124 52 went
1022 2811 56 53 to
1097 2809 82 55 the
1196 2806 181 58 British
1388 2818 151 46 army.
1595 2804 24 60 I
1636 2807 143 57 make
1795 2807 84 57 the

349 2875 265 54 digression
633 2874 175 55 simply
840 2876 57 53 to
933 2875 156 54 assert
1121 2871 116 58 that
1261 2869 98 60 had
1385 2869 84 60 the
1486 2868 189 61 colored
1693 2882 108 47 men
1820 2872 58 57 at

351 2940 84 41 the
453 2938 154 43 South
626 2937 246 53 possessed
890 2937 82 53 the
991 2947 131 43 same
1140 2932 319 58 opportunity
1478 2944 55 46 as
1558 2932 142 58 those
1718 2935 57 55 at
1792 2933 85 57 the
