2200 3300
745 293 106 42 The
878 293 238 42 Phalanx
1142 303 47 32 in
1214 291 238 44 Virginia.

1753 289 97 43 405

341 423 87 43 the
453 425 134 47 main
613 426 146 56 body,
779 427 116 55 they
920 426 188 56 entered
1136 425 95 57 and
1258 423 263 59 clambered
1538 436 65 46 up
1620 423 84 59 the
1722 425 130 57 steep

344 491 384 45 embankments.
780 492 41 44 A
848 493 130 43 sheet
1004 493 54 43 of
1077 493 140 43 flame
1233 491 123 45 from
1384 490 155 46 above
1563 503 99 33 was
1688 489 164 47 rained

346 558 155 54 down,
515 559 199 56 causing
730 573 148 42 many
897 573 32 42 a
936 560 149 55 brave
1101 572 115 43 man
1232 560 56 55 to
1309 560 197 55 stagger
1524 556 96 59 and
1638 555 215 60 fallback

344 623 110 44 into
471 625 86 42 the
574 626 145 53 ditch,
739 639 142 40 never
896 628 57 51 to
970 625 92 54 rise
1078 625 160 56 again.
1292 624 99 57 The
1406 626 174 55 troops
1596 621 254 60 following,

345 689 210 57 inspired
573 692 66 56 by
656 692 83 56 the
757 692 172 56 daring
948 692 53 56 of
1011 692 83 56 the
1112 690 308 58 skirmishers,
1440 688 189 60 pressed
1648 688 205 60 forward

348 771 65 28 on
447 758 84 42 the
565 772 91 28 run
690 771 65 43 up
789 760 56 54 to
880 759 82 55 the
995 758 136 56 forts,
1163 759 146 55 swept
1334 756 155 58 round
1515 755 82 59 the
1623 754 228 60 curtains,

348 824 158 42 scaled
523 825 84 42 the
624 825 322 42 breastworks
965 824 96 43 and
1080 824 179 43 dashed
1284 823 115 44 with
1417 821 230 57 patriotic
1664 834 116 44 rage
1797 823 57 55 at

347 890 85 42 the
459 891 298 42 confederate
782 904 219 42 gunners,
1038 890 105 56 who
1180 889 211 57 deserted
1424 889 124 57 their
1574 888 146 58 pieces
1756 887 98 59 and

348 969 92 30 ran
475 957 75 42 for
582 956 125 43 their
740 957 129 42 lives.
931 956 189 43 Brooks
1156 956 95 43 and
1285 955 288 44 Martindale
1608 953 246 46 advanced

350 1023 398 55 simultaneously
766 1035 132 43 upon
914 1023 83 55 the
1013 1022 156 56 works
1189 1024 54 54 at
1263 1020 227 58 Osborn's
1508 1020 148 58 house
1674 1020 96 58 and
1788 1033 67 45 up

349 1089 85 45 the
451 1089 228 53 railroad,
701 1090 232 54 sweeping
948 1088 281 56 everything
1246 1087 156 57 before
1418 1087 144 57 them.
1616 1086 99 58 The
1731 1085 125 59 Pha¬

348 1155 118 42 lanx
501 1155 146 42 seized
683 1168 131 41 upon
848 1155 83 54 the
964 1167 123 43 guns
1123 1154 95 56 and
1253 1153 171 57 turned
1458 1152 132 58 them
1614 1152 241 58 instantly

352 1234 130 42 upon
516 1220 83 56 the
632 1220 166 56 fleeing
823 1220 87 56 foe,
941 1220 95 56 and
1062 1220 115 56 then
1203 1219 115 57 with
1345 1218 170 58 spades
1544 1218 96 58 and
1667 1218 189 58 shovels

350 1286 214 42 reversed
590 1286 83 42 the
707 1285 338 43 fortifications
1081 1284 96 44 and
1213 1284 228 56 prepared
1475 1286 56 54 to
1566 1284 114 56 hold
1707 1284 145 56 them.

350 1351 182 43 Fifteen
559 1351 147 55 pieces
734 1351 54 55 of
809 1351 213 55 artillery
1041 1351 96 55 and
1155 1350 132 56 three
1304 1350 213 56 hundred
1536 1350 320 56 confederates

349 1431 116 29 were
483 1417 244 55 captured.
784 1417 137 55 "The
940 1416 268 56 Phalanx,"
1229 1429 113 43 says
1367 1416 83 56 the
1478 1415 171 57 official
1675 1419 179 53 report,

348 1484 125 43 took
498 1483 274 44 two-thirds
792 1482 54 45 of
864 1483 84 44 the
975 1482 237 55 prisoners
1231 1481 96 56 and
1346 1481 106 56 nine
1477 1481 147 56 pieces
1652 1481 53 56 of
1727 1482 131 55 artil¬

347 1549 113 55 lery.
518 1548 197 56 General
741 1547 170 57 Smith,
940 1548 181 56 finding
1145 1548 116 56 that
1297 1546 196 58 General
1518 1546 187 58 Birney,
1741 1548 116 56 with

347 1616 86 42 the
457 1615 99 43 2nd
584 1614 161 56 Corps,
766 1614 98 56 had
891 1616 91 54 not
1000 1613 201 57 arrived,
1221 1612 190 58 instead
1438 1612 55 58 of
1511 1613 249 57 marching
1774 1614 86 56 the

347 1684 175 52 troops
540 1681 107 55 into
675 1680 301 56 Petersburg,
997 1679 172 57 waited
1188 1679 74 57 for
1279 1678 396 58 re-inforcements
1693 1693 165 43 unnec¬

348 1747 213 55 essarily,
592 1746 96 56 and
714 1746 198 56 thereby
938 1745 98 57 lost
1062 1745 73 57 his
1163 1745 172 57 chance
1362 1744 53 58 of
1435 1745 176 57 taking
1634 1745 84 57 the
1743 1746 113 56 city,

346 1813 149 42 which
504 1825 99 30 was
623 1824 122 31 soon
763 1809 279 57 garrisoned
1054 1809 112 57 with
1183 1811 173 55 troops
1375 1811 188 55 enough
1581 1814 56 52 to
1657 1812 105 54 defy
1772 1813 83 53 the

345 1876 151 43 whole
524 1889 151 42 army.
730 1875 131 56 Thus
890 1874 154 57 Grant
1069 1888 99 43 was
1194 1875 313 56 necessitated
1528 1876 253 55 afterward
1798 1879 58 52 to

345 1943 83 56 lay
446 1942 124 57 seige
587 1944 56 55 to
662 1942 84 57 the
763 1942 146 57 place.

447 2009 98 42 The
564 2008 323 43 confederates
905 2021 140 30 never
1062 2007 165 55 forgot
1244 2020 91 42 nor
1353 2006 198 56 forgave
1567 2007 99 55 this
1684 2008 174 56 daring

348 2075 54 43 of
420 2075 84 43 the
524 2074 278 56 "niggers,"
822 2074 106 56 who
965 2073 146 57 drove
1145 2073 145 57 them,
1323 2075 54 55 at
1412 2073 82 57 the
1528 2073 138 57 point
1693 2074 53 56 of
1773 2068 84 62 the

345 2143 230 55 bayonet,
597 2144 89 54 out
706 2141 55 57 of
777 2140 128 58 their
932 2139 335 59 breastworks,
1296 2138 166 60 killing
1488 2139 96 59 and
1602 2140 256 58 capturing

345 2208 126 44 their
489 2209 248 43 comrades
756 2207 98 45 and
873 2206 124 46 their
1014 2218 137 43 guns.
1190 2204 131 57 They
1338 2217 115 44 were
1471 2204 163 57 chided
1651 2206 65 55 by
1733 2206 124 55 their

347 2276 200 43 brother
581 2274 323 45 confederates
930 2272 74 47 for
1041 2270 223 55 allowing
1287 2282 199 43 negroes
1511 2272 56 53 to
1593 2271 116 54 take
1734 2272 124 53 their

346 2343 158 43 works
522 2343 124 43 from
662 2342 148 44 them.
865 2339 99 47 The
989 2337 215 49 maidens
1224 2335 51 51 of
1288 2335 83 51 the
1389 2334 213 52 Cockade
1620 2336 106 55 City
1741 2351 118 40 were

347 2409 107 43 told
489 2409 116 43 that
630 2408 117 55 they
773 2405 139 58 could
939 2406 90 57 not
1063 2404 132 59 trust
1230 2401 281 62 themselves
1536 2404 56 59 to
1619 2416 106 47 men
1750 2404 107 59 who

348 2475 307 44 surrendered
681 2473 124 46 their
823 2485 124 42 guns
965 2473 55 54 to
1043 2471 26 56 "
1082 2467 237 60 niggers."
1374 2466 97 61 The
1489 2468 195 59 soldiers
1703 2469 53 58 of
1775 2470 85 57 the

348 2542 225 42 Phalanx
607 2553 116 31 were
750 2537 223 47 delirious
990 2536 116 48 with
1127 2535 100 54 joy.
1281 2533 132 56 They
1430 2533 97 56 had
1546 2535 180 54 caught
1746 2536 114 53 "ole

348 2607 214 54 massa,"
583 2606 97 55 and
698 2606 60 55 he
773 2617 101 44 was
890 2602 163 59 theirs.
1109 2599 195 62 General
1323 2599 156 62 Hinks
1496 2600 98 61 had
1610 2601 126 60 their
1752 2614 107 47 con¬

348 2675 189 45 fidence,
567 2673 96 47 and
690 2671 117 54 they
832 2681 117 44 were
974 2666 149 59 ready
1147 2668 57 57 to
1239 2665 156 60 follow
1429 2666 232 59 wherever
1685 2667 59 58 he
1767 2668 88 57 led.

451 2740 99 42 The
567 2737 190 56 chaplin
777 2735 54 58 of
849 2734 84 59 the
951 2732 89 61 9th
1058 2730 160 63 Corps,
1239 2730 49 63 in
1304 2731 74 62 his
1395 2731 204 62 history,
1620 2745 137 48 says:

433 2861 78 35 "In
530 2860 81 36 this
633 2857 219 39 movement
873 2865 26 31 a
920 2854 164 42 division
1106 2852 43 44 of
1164 2852 151 44 colored
1335 2855 149 43 troops,
1507 2855 120 43 under
1648 2855 213 43 Brigadier-

352 2917 160 36 General
539 2914 137 42 Hinks,
707 2921 118 35 seems
852 2914 46 42 to
926 2909 100 47 have
1052 2918 86 38 won
1158 2908 67 48 the
1244 2907 193 49 brightest
1454 2910 151 46 laurels.
1648 2910 104 46 They
1773 2911 87 45 first

351 2970 188 38 attacked
560 2969 79 39 and
659 2966 147 42 carried
826 2965 68 43 the
913 2962 166 46 enemy's
1101 2965 164 43 putpost
1285 2966 45 42 at
1350 2964 164 44 Bailey's
1528 2966 110 45 farm,
1653 2967 207 44 capturing
