2207 3305
865 295 106 41 The
997 296 167 43 Black
1189 297 152 44 Flag.

1773 299 99 45 353

420 420 23 17 "
453 420 79 36 The
551 422 180 43 garrison
751 435 79 30 was
852 428 225 37 summoned
1097 427 40 38 in
1151 428 66 37 the
1244 428 109 37 usual
1382 440 170 33 manner,
1582 430 77 43 and
1686 430 53 43 its
1766 442 100 31 com¬

336 475 189 44 manding
540 478 124 41 officer
679 480 177 39 assumed
869 481 67 38 the
950 483 284 41 responsibility
1250 484 44 40 of
1309 484 165 42 refusing
1494 487 44 39 to
1555 486 197 40 surrender
1767 487 100 39 after

335 528 147 45 having
498 532 90 41 been
602 532 186 41 informed
802 535 53 41 by
870 534 159 42 General
1042 537 160 39 Forrest
1216 538 44 38 of
1275 538 58 38 his
1349 539 138 41 ability
1501 542 44 38 to
1560 539 93 41 take
1666 541 66 39 the
1753 541 110 44 Fort,

336 585 78 35 and
430 586 43 34 of
495 586 59 35 his
569 587 99 35 fears
683 589 44 33 of
742 589 106 34 what
862 590 66 34 the
942 591 119 34 result
1076 592 122 34 would
1222 592 46 34 be
1287 593 40 33 in
1341 603 86 23 case
1440 594 66 33 the
1521 593 165 36 demand
1699 606 78 24 was
1791 599 73 32 not

334 641 186 43 complied
536 642 103 42 with.
683 643 79 41 The
777 645 151 39 assault
942 656 78 28 was
1042 646 112 38 made
1175 647 119 37 under
1308 658 26 26 a
1347 648 124 42 heavy
1486 649 75 43 fire,
1580 650 78 42 and
1672 650 90 42 with
1778 661 86 31 con¬

335 696 186 35 siderable
540 697 80 36 loss
641 700 45 33 to
708 699 66 34 the
796 700 206 43 attacking
1022 703 130 41 party.
1194 702 107 42 Your
1320 703 126 41 colors
1461 715 92 29 were
1566 715 112 29 never
1691 705 172 44 lowered,

335 752 78 34 &nd
433 762 100 32 your
553 754 180 41 garrison
753 765 113 30 never
888 756 255 43 surrendered,
1168 757 72 42 but
1267 759 191 40 retreated
1486 760 119 39 under
1631 770 113 29 cover
1771 761 43 38 of
1837 772 26 27 a

333 807 190 43 gunboat,
533 808 92 42 with
641 819 104 31 arms
760 810 38 40 in
813 810 100 40 their
927 811 125 39 hands
1068 812 78 38 and
1161 815 224 41 constants*
1399 815 114 42 using
1525 816 117 41 them.
1678 815 91 42 This
1783 826 79 31 was

334 865 87 32 true
434 864 252 42 particularly
702 865 44 41 of
760 876 100 32 your
881 867 152 41 colored
1054 870 150 42 troops,
1220 870 85 42 who
1320 870 77 42 had
1413 870 91 42 been
1518 871 125 41 firmly
1657 871 205 41 convinced

334 918 52 42 by
400 928 99 32 your
513 920 181 43 teaching
708 920 44 43 of
766 922 67 41 the
847 923 192 42 certainty
1055 924 43 41 of
1108 924 208 43 slaughter,
1333 925 39 42 in
1386 935 86 32 case
1487 926 43 41 of
1544 928 169 40 capture.
1756 925 105 43 Even

335 974 118 34 under
473 975 106 34 these
599 974 303 47 circumstances,
926 989 117 32 many
1066 978 43 43 of
1124 989 100 32 your
1251 990 96 33 men,
1371 980 112 43 white
1511 980 78 43 and
1616 981 123 43 black,
1768 991 94 33 were

333 1029 119 35 taken
466 1030 230 43 prisoners."

434 1095 302 59 Continuing,
757 1099 58 55 lie
833 1112 136 42 says:

414 1174 23 18 "
447 1174 79 35 The
546 1185 86 25 case
653 1177 119 33 under
792 1177 285 35 consideration
1098 1176 33 36 is
1153 1178 144 34 almost
1312 1189 50 23 an
1377 1180 165 33 extreme
1557 1189 82 25 one.
1680 1179 84 35 You
1779 1179 80 35 had

335 1239 26 25 a
375 1230 130 34 servile
519 1241 86 24 race
620 1232 130 33 armed
773 1233 157 41 against
951 1243 56 31 us.
1050 1232 18 42 I
1091 1235 125 39 assert
1236 1233 92 41 that
1350 1243 71 31 our
1443 1234 143 40 officers
1607 1234 90 40 with
1721 1234 51 40 all
1792 1235 68 39 the

333 1284 291 38 circumstances
640 1287 158 42 against
811 1287 105 42 them
931 1288 237 41 endeavored
1176 1290 48 39 to
1230 1291 158 40 prevent
1395 1288 66 43 the
1475 1289 157 42 effusion
1648 1289 42 42 of
1700 1289 157 42 blood."

434 1351 113 44 This
572 1352 41 43 is
641 1366 63 29 an
724 1353 262 43 admission
1011 1354 116 43 that
1152 1355 83 42 the
1261 1367 240 30 massacre
1528 1355 54 42 of
1601 1355 82 42 the
1708 1355 150 55 garri¬

334 1429 90 31 son
451 1418 212 55 actually
690 1420 236 53 occurred,
948 1417 97 56 and
1072 1420 197 53 because
1295 1420 223 53 Phalanx
1543 1423 172 53 troops
1741 1434 118 42 were

335 1495 33 31 a
392 1487 114 52 part
534 1485 51 54 of
605 1486 83 53 the
713 1486 237 54 garrison.
1005 1486 130 54 That
1152 1487 83 53 the
1253 1487 138 53 black
1411 1487 196 53 soldiers
1625 1487 97 53 had
1741 1487 115 53 been

333 1551 181 55 taught
547 1552 116 54 that
697 1565 64 41 no
798 1555 196 52 quarter
1028 1553 155 54 would
1219 1553 57 54 be
1311 1553 163 54 shown
1507 1553 133 54 them
1673 1553 39 54 if
1749 1566 108 42 cap¬

333 1617 153 53 tured,
508 1630 55 40 or
581 1617 37 53 if
639 1618 114 54 they
772 1619 317 53 surrendered,
1110 1619 40 53 is
1177 1619 247 53 doubtless
1450 1621 119 51 true.
1624 1618 49 54 It
1690 1619 40 53 is
1751 1620 102 52 also

333 1684 90 41 too
441 1685 107 40 true
565 1684 116 42 that
698 1684 83 42 the
798 1684 223 55 teaching
1035 1697 100 42 was
1152 1685 83 54 the
1255 1685 150 54 truth.
1460 1684 97 55 One
1582 1685 90 54 has
1690 1685 90 54 but
1796 1688 58 51 to

334 1749 113 42 read
473 1749 83 42 the
582 1762 246 30 summons
854 1750 74 42 for
952 1751 83 42 the
1053 1751 246 42 surrender
1316 1754 56 39 to
1391 1751 57 42 be
1467 1751 211 44 satisfied
1699 1751 53 44 of
1772 1752 83 43 the

333 1814 111 54 fact,
467 1816 95 52 and
580 1816 115 52 then
713 1816 214 52 recollect
945 1817 115 51 that
1076 1817 83 51 the
1177 1817 247 51 President
1443 1817 52 51 of
1514 1818 83 50 the
1615 1817 240 51 Confeder¬

335 1884 80 39 ate
434 1880 175 53 States,
630 1882 46 51 in
698 1882 238 55 declaring
955 1881 195 56 General
1168 1883 165 54 Butler
1360 1896 63 41 an
1442 1884 193 53 outlaw,
1657 1884 104 53 also
1781 1884 73 53 de¬

334 1948 128 42 creed
496 1948 117 42 that
648 1961 197 41 negroes
881 1949 227 53 captured
1143 1949 115 53 with
1294 1962 129 40 arms
1457 1950 48 52 in
1531 1950 124 52 their
1680 1950 170 53 hands,

332 2014 123 42 their
482 2014 179 42 officers
690 2027 54 29 as
770 2014 113 52 well,
914 2015 169 51 should
1102 2015 57 51 be
1184 2016 172 50 turned
1385 2028 113 38 over
1524 2017 55 49 to
1606 2015 82 51 the
1715 2015 139 51 State

334 2080 285 44 authorities
646 2080 199 44 wherein
871 2080 114 54 they
1011 2094 115 40 were
1153 2081 241 54 captured,
1415 2083 56 52 to
1498 2082 58 53 be
1582 2081 130 54 dealt
1737 2082 116 53 with

334 2147 253 55 according
603 2149 56 53 to
687 2147 82 55 the
795 2147 116 55 laws
940 2146 52 56 of
1010 2146 116 56 that
1153 2145 138 57 State
1310 2147 95 55 and
1423 2147 83 55 the
1524 2146 326 56 Confederacy.

431 2212 97 42 The
547 2213 256 43 sentiment
831 2213 54 43 of
904 2212 83 44 the
1013 2212 120 44 chief
1153 2212 296 44 confederate
1467 2213 303 43 commander
1788 2226 66 30 re¬

333 2279 205 55 garding
562 2279 83 55 the
671 2279 323 55 employment
1023 2278 53 56 of
1104 2290 196 44 negroes
1326 2277 48 57 in
1399 2277 83 57 the
1507 2277 156 57 Union
1699 2291 152 43 army,

333 2344 438 56 notwithstanding
811 2346 84 54 the
930 2344 304 56 Confederate
1277 2342 321 58 Government
1631 2356 98 44 was
1771 2344 84 56 the

333 2410 106 43 first
472 2413 56 41 to
565 2424 104 30 arm
706 2411 96 43 and
829 2413 181 41 muster
1035 2410 131 44 them
1194 2409 104 45 into
1328 2408 184 52 service,
1534 2421 55 39 as
1616 2409 163 51 shown
1804 2410 50 50 in

333 2476 221 55 previous
574 2478 95 53 and
687 2477 125 54 later
830 2477 234 54 chapters,
1077 2475 40 56 is
1136 2474 279 57 manifested
1434 2474 64 57 by
1515 2474 83 57 the
1614 2474 242 57 following

334 2543 233 55 dispatch,
595 2543 191 55 though
814 2545 55 53 at
894 2543 83 55 the
1001 2541 118 57 time
1145 2540 53 58 of
1217 2539 192 59 writing
1433 2539 54 59 it,
1515 2540 116 58 that
1658 2539 197 59 General

333 2608 96 44 had
456 2609 240 43 hundreds
717 2609 52 43 of
790 2608 165 44 blacks
973 2607 148 45 under
1137 2605 73 47 his
1229 2605 253 47 command
1502 2607 55 45 at
1576 2603 279 49 Charleston

333 2674 215 57 building
564 2673 354 58 fortifications.

998 2735 298 43 "Charleston,
1313 2736 36 42 S.
1366 2735 49 44 C.,
1433 2736 82 43 Oct.
1531 2736 109 43 13th,
1657 2736 116 43 1862.

334 2785 22 17 "
366 2784 102 36 Hon.
485 2785 89 35 Wm.
593 2784 42 36 P.
652 2784 136 40 Miles,
805 2782 215 42 Richmond,
1037 2780 69 44 Ya.

413 2830 22 17 "
445 2829 85 35 Has
543 2830 67 34 the
624 2829 64 35 bill
703 2828 60 36 for
775 2827 67 37 the
855 2825 196 39 execution
1073 2824 43 40 of
1133 2823 188 41 abolition
1341 2824 200 43 prisoners,
1559 2825 98 42 after
1677 2824 177 43 January

332 2876 103 40 next,
452 2874 91 42 been
558 2872 166 44 passed?
766 2870 58 46 Do
839 2870 43 46 it,
900 2868 77 48 and
993 2867 177 49 England
1184 2867 70 49 will
1270 2868 45 48 be
1330 2869 137 47 stirred
1481 2870 85 46 into
1582 2869 141 47 action.
1767 2867 40 49 It
1820 2868 33 48 is

332 2917 91 42 high
438 2918 93 41 time
544 2920 46 39 to
605 2914 186 45 proclaim
804 2914 67 45 the
885 2911 111 48 black
1010 2911 79 48 flag
1107 2911 101 48 after
1227 2911 93 48 that
1338 2913 149 46 period;
1511 2913 53 46 let
1577 2913 66 46 the
1656 2912 198 47 execution

332 2960 47 35 be
393 2962 90 34 with
499 2961 66 35 the
577 2961 172 41 garrote.
1347 2954 42 48 G.
1405 2956 43 46 T.
1465 2955 306 47 Beaukegard."
