2210 3307
351 308 95 43 338

653 311 222 44 History
902 326 63 30 of
992 325 96 31 the
1118 314 161 42 Black
1305 313 253 43 Phalanx.

345 442 207 36 conducive
564 445 45 33 to
624 444 208 43 ingenuity,
839 455 47 32 so
895 445 65 42 the
973 445 86 42 idea
1073 454 98 33 soon
1184 444 152 43 became
1351 453 25 34 a
1389 442 92 45 plan
1497 439 80 48 and
1592 449 26 38 a
1631 436 239 51 conspiracy.

347 496 118 35 While
480 497 65 34 the
559 508 77 24 new
658 499 125 42 guard
804 500 77 41 had
904 499 155 42 stacked
1082 508 103 33 arms
1206 498 37 43 in
1259 498 66 43 the
1346 506 97 35 open
1458 504 140 37 square
1611 495 258 46 preparatory

345 553 46 32 to
406 553 215 42 mounting,
639 563 104 32 some
757 556 64 39 ten
837 564 45 31 or
895 554 132 41 twelve
1042 553 154 42 officers,
1213 552 117 43 under
1350 551 67 44 the
1436 545 87 50 lead
1539 548 42 47 of
1598 548 77 47 Col.
1691 547 176 48 Ralston,

345 607 67 33 the
425 608 181 41 powerful
618 609 98 40 head
731 608 43 41 of
790 618 105 31 some
909 608 84 41 New
1009 607 104 42 York
1126 607 196 42 regiment,
1332 615 92 34 were
1436 607 45 42 to
1499 603 72 46 ask
1585 603 59 46 for
1658 603 80 46 exit
1751 603 122 46 under

345 664 173 39 pretense
532 662 44 41 of
590 663 153 42 getting
757 665 128 40 water,
902 662 78 43 and
999 662 93 43 then
1112 664 45 41 to
1180 670 216 35 overpower
1410 659 66 46 the
1491 658 193 47 opposing
1698 658 172 47 sentries,

346 716 106 34 while
473 717 64 33 the
558 717 158 35 balance
737 717 43 35 of
796 717 66 35 the
881 717 203 42 prisoners,
1106 715 219 44 previously
1345 714 131 45 drawn
1498 723 52 36 up
1571 713 39 46 in
1631 713 73 46 line
1732 715 45 44 at
1803 713 70 46 the

346 770 98 35 head
460 772 42 33 of
517 772 66 33 the
598 772 112 34 short
724 772 184 34 staircase
921 771 153 41 leading
1096 769 118 43 direct
1233 772 45 40 to
1299 769 66 43 the
1384 769 81 43 exit
1485 768 109 44 door,
1611 777 93 35 were
1717 770 45 42 to
1776 769 91 43 rush

347 825 110 34 down
478 826 85 34 into
584 827 67 33 the
672 836 148 32 square,
838 826 91 42 seize
955 825 67 43 the
1050 824 157 44 stacked
1236 833 103 35 arms
1362 822 76 46 and
1459 823 131 45 march
1611 823 170 45 through
1802 824 69 44 the

346 879 250 43 Confederacy
610 884 45 38 to
670 881 66 41 the
750 879 123 43 Union
889 879 315 43 lines—perhaps!

461 935 163 42 'Among
637 935 67 42 the
717 937 65 40 ten
798 944 45 33 or
856 934 132 43 twelve
1002 933 555 44 psuedo-water-carriers—the
1570 933 145 44 forlorn
1728 934 139 43 hope—

345 998 92 24 were
458 988 76 35 Col.
557 989 176 42 Ralston,
757 988 109 43 Capt.
890 988 115 43 Cook,
1036 984 43 47 of
1100 988 67 43 the
1194 988 129 43 Ninth,
1353 988 77 43 and
1459 999 72 32 one
1558 999 45 32 or
1629 991 78 40 two
1736 989 43 42 of
1800 990 70 41 the

345 1042 314 44 Seventh—Capt.
691 1043 117 43 Weiss
838 1043 76 43 and
943 1043 121 43 Lieut.
1082 1042 174 44 Spinney.
1300 1042 57 44 On
1378 1043 66 43 the
1464 1044 124 42 guard
1611 1043 163 44 opening
1800 1045 68 42 the

346 1097 97 33 door
457 1098 60 33 for
531 1108 136 32 egress,
685 1098 75 42 Col.
777 1097 164 43 Ralston
957 1098 76 42 and
1049 1107 72 33 one
1135 1098 43 42 of
1187 1098 65 42 the
1267 1097 162 43 Seventh
1444 1099 117 41 threw
1576 1099 222 41 themselves
1814 1110 49 30 on

344 1152 66 33 the
425 1153 85 33 first
524 1163 102 31 man,
644 1163 26 31 a
683 1153 179 42 powerful
883 1153 207 42 six-footer,
1109 1153 77 42 and
1208 1149 143 46 floored
1371 1153 89 42 him.
1503 1154 52 41 At
1576 1154 65 41 the
1663 1164 103 31 same
1787 1165 76 30 mo¬

344 1209 117 39 ment,
477 1207 182 41 however,
677 1207 165 41 another
855 1208 125 41 guard
995 1208 89 41 with
1099 1211 113 39 great
1226 1218 170 33 presence
1411 1209 43 42 of
1471 1209 113 42 mind,
1601 1209 182 42 slammed
1798 1210 69 41 the

345 1261 98 33 door
458 1262 77 32 and
549 1262 138 33 turned
702 1262 67 33 the
789 1262 82 41 key,
889 1263 78 40 and
987 1263 92 40 that
1100 1262 125 41 before
1245 1263 72 40 five
1338 1263 143 40 officers
1501 1264 112 39 could
1628 1264 156 39 descend
1797 1266 69 37 the

344 1315 113 36 short
471 1316 195 35 staircase.
710 1316 79 35 The
804 1319 169 41 attempt
989 1328 76 32 was
1080 1328 84 32 now
1186 1328 26 32 a
1231 1318 142 42 failure.
1417 1317 78 43 One
1515 1318 44 42 of
1573 1319 66 41 the
1652 1320 144 41 guards
1811 1330 51 31 on

342 1370 68 34 the
426 1371 150 33 outside
590 1371 44 33 of
643 1371 65 34 the
722 1371 169 43 building
907 1373 98 41 took
1021 1373 203 41 deliberate
1238 1374 75 40 aim
1328 1373 171 43 throngh
1513 1374 66 42 the
1594 1384 96 33 open
1706 1374 156 43 window

345 1430 45 28 at
412 1424 75 35 Col.
510 1425 176 43 Ralston,
710 1427 84 41 who
816 1437 78 31 was
916 1427 78 41 still
1014 1428 171 42 engaged
1206 1428 89 42 with
1316 1429 66 41 the
1402 1429 217 43 struggling
1638 1430 128 42 fellow,
1784 1431 76 41 and

344 1480 92 34 shot
450 1480 77 34 him
543 1481 170 42 through
735 1482 66 41 the
822 1482 148 41 bowels.
1015 1482 74 41 Col.
1106 1483 163 40 Ralston
1292 1484 81 39 died
1389 1494 25 29 a
1427 1484 185 43 lingering
1627 1485 76 42 and
1717 1485 143 43 painful

345 1535 116 34 death
490 1535 98 37 after
615 1538 78 34 two
722 1546 45 26 or
793 1537 107 35 three
927 1537 108 42 days.
1079 1537 91 42 Less
1196 1540 86 39 true
1302 1539 164 42 bravery
1486 1540 98 41 than
1605 1540 58 41 his
1684 1540 71 41 has
1769 1540 89 41 been

344 1590 131 42 highly
492 1601 98 32 sung
603 1591 39 42 in
657 1602 116 31 verse.

425 1645 141 37 "'This
582 1648 171 41 attempt
773 1647 111 42 could
905 1649 72 40 not
997 1647 72 42 but
1090 1648 163 43 sharpen
1273 1648 66 43 the
1361 1649 190 43 discipline
1572 1650 43 42 of
1630 1650 66 42 the
1715 1651 141 42 prison,

343 1700 73 34 but
430 1710 98 24 soon
541 1701 66 34 the
621 1701 158 35 natural
793 1702 204 42 humanity
1013 1703 43 41 of
1071 1703 66 41 the
1157 1704 286 42 commandant,
1460 1703 74 43 Col.
1551 1704 135 44 Smith,
1702 1715 84 33 now
1800 1705 59 43 be¬

341 1754 119 36 lieved
475 1758 44 32 to
534 1755 46 35 be
601 1755 103 36 Chief
719 1756 185 43 Engineer
926 1757 43 42 of
984 1757 66 42 the
1071 1757 210 42 Baltimore
1302 1758 137 44 Bridge
1459 1759 207 44 Company,
1690 1761 166 42 asserted

341 1809 110 44 itself,
475 1810 77 43 and
573 1811 131 42 things
726 1814 99 39 went
847 1822 51 31 on
919 1822 44 31 as
983 1812 137 41 before.
1163 1813 90 40 Two
1274 1813 184 40 incidents
1485 1825 105 32 may,
1610 1815 180 43 however,
1812 1816 45 42 be

342 1864 215 35 mentioned
580 1866 38 33 in
639 1866 79 34 this
739 1867 234 40 connection,
998 1867 124 40 whose
1143 1868 196 42 asperities
1359 1869 93 41 time
1471 1869 72 41 has
1557 1870 187 43 removed,
1759 1871 98 42 leav¬

340 1920 67 41 ing
421 1920 165 42 nothing
599 1920 72 42 but
686 1921 99 41 their
799 1922 139 40 salient
950 1924 205 42 grotesque
1169 1923 174 43 features.

409 1975 20 16 "
442 1974 273 43 'Immediately
731 1976 98 41 after
843 1976 65 41 the
923 1986 225 33 occurrence,
1166 1988 51 31 an
1231 1978 197 41 unlimited
1442 1979 138 43 supply
1594 1979 45 43 of
1648 1980 206 42 dry-salted

338 2029 145 34 codfish
499 2040 76 24 was
590 2030 236 34 introduced.
870 2030 91 35 This
976 2031 111 43 being
1101 2032 66 42 the
1180 2033 85 41 first
1286 2033 144 41 animal
1449 2034 91 40 food
1555 2035 60 39 for
1628 2035 127 44 weeks,
1777 2045 80 34 was

339 2083 165 42 greedily
526 2084 190 41 devoured
737 2086 38 39 in
797 2086 105 42 large
924 2087 219 42 quantities,
1160 2088 143 42 mostly
1324 2089 329 44 raw—producing
1674 2100 25 33 a
1718 2091 138 42 raging

337 2138 129 35 thirst.
510 2138 78 35 The
608 2142 118 31 water
747 2141 138 41 supply
905 2151 79 31 was
1004 2151 86 31 now
1110 2142 183 40 curtailed
1314 2145 45 37 to
1389 2154 25 28 a
1440 2144 66 38 few
1532 2144 222 45 bucketsful,
1782 2145 71 44 but

337 2202 92 23 even
443 2193 105 33 these
561 2194 66 33 few
642 2194 116 42 drops
774 2195 44 41 of
833 2195 66 41 the
913 2196 170 41 precious
1098 2196 90 41 fluid
1204 2207 92 30 were
1316 2198 144 42 mostly
1481 2199 144 41 wasted
1646 2200 36 40 in
1704 2200 66 40 the
1782 2210 72 30 me¬

336 2246 55 34 lee
403 2247 59 34 for
475 2247 100 34 their
588 2249 229 41 possession.
861 2250 79 40 The
959 2250 185 43 majority
1165 2251 44 42 of
1223 2252 66 41 the
1309 2255 243 38 contestants
1572 2254 137 39 retired
1731 2254 122 43 disap¬

335 2301 158 42 pointed
508 2304 44 39 to
567 2313 105 30 muse
687 2313 51 30 on
753 2303 65 40 the
832 2304 185 39 comforts
1032 2305 44 38 of
1084 2306 65 37 the
1163 2305 151 38 Sahara
1327 2307 142 43 Desert,
1480 2309 78 41 and
1580 2319 43 31 as
1638 2310 65 40 the
1717 2311 135 39 stories

337 2356 124 33 about
473 2356 166 43 tapping
652 2358 138 41 camels
805 2359 172 40 recurred
997 2362 45 37 to
1063 2360 115 42 them,
1196 2362 217 41 suggestive
1433 2363 151 41 glances
1606 2374 90 30 were
1709 2367 83 37 cast
1808 2367 44 37 at

334 2410 67 33 the
415 2420 104 23 more
533 2411 198 35 fortunate
745 2413 130 34 rivals.
916 2414 107 34 After
1038 2425 25 23 a
1076 2414 65 35 few
1156 2415 107 42 days,
1280 2417 250 41 conspicuous
1544 2419 60 39 for
1616 2419 66 39 the
1696 2419 157 43 sparing

334 2464 217 41 enjoyment
566 2465 44 40 of
625 2467 78 38 salt
717 2466 83 42 cod,
816 2468 68 40 the
896 2470 119 38 water
1029 2469 137 43 supply
1187 2479 77 33 was
1287 2470 156 42 ordered
1464 2472 208 40 unlimited.
1714 2474 58 38 An
1787 2474 64 38 im¬

334 2518 165 34 mediate
515 2519 166 34 'eorner'
697 2521 40 33 in
751 2520 66 35 the
830 2521 295 36 Newfoundland
1140 2524 125 41 staple
1284 2525 98 40 took
1403 2525 116 43 place,
1536 2527 65 41 the
1615 2528 111 40 stock
1741 2529 112 42 being

335 2572 163 42 actively
513 2573 191 41 absorbed
717 2575 53 42 by
786 2575 103 42 bona
903 2576 73 41 fide
989 2577 200 42 investors,
1207 2577 82 42 who
1310 2578 119 41 found
1449 2580 92 39 that
1561 2581 34 38 it
1615 2582 91 37 bore
1720 2586 132 33 water¬

332 2627 68 42 ing
412 2626 92 43 with
518 2627 203 44 impunity.

563 2714 20 19 *
820 2717 20 18 *
1077 2719 20 19 *
1333 2720 20 18 *
1591 2724 20 18 *

415 2779 21 17 "
449 2778 63 36 'At
532 2780 65 34 the
616 2781 206 44 beginning
843 2783 43 42 of
901 2783 206 44 February,
1132 2783 113 44 1865,
1268 2785 125 42 thirty
1420 2785 117 42 boxes
1559 2789 44 38 of
1617 2791 232 43 provisions,

331 2836 84 40 etc.,
425 2834 98 42 from
537 2834 138 42 friends
690 2835 38 41 in
742 2837 66 39 the
821 2836 122 40 North
960 2837 148 39 arrived
1123 2839 59 37 for
1195 2839 65 37 the
1274 2840 201 41 prisoners.
1518 2842 79 39 The
1610 2844 67 37 list
1691 2846 44 35 of
1751 2856 100 25 own¬

332 2898 60 23 ers
406 2898 78 24 was
499 2889 203 42 anxiously
716 2890 163 41 scanned
901 2891 77 40 and
997 2892 66 39 the
1082 2892 111 42 lucky
1214 2902 197 33 possessor
1431 2896 125 39 would
1576 2900 73 35 not
1669 2899 99 36 have
1788 2910 61 25 ex¬

330 2942 172 44 changed
516 2943 59 43 for
588 2943 67 43 the
667 2943 145 44 capital
825 2944 99 43 prize
936 2945 39 42 in
989 2945 66 42 the
1069 2944 170 43 Havana
1252 2947 155 43 lottery.
1450 2949 79 41 The
1542 2960 99 34 poor
1655 2952 138 42 fellows
1808 2954 44 40 of
