2200 3300
846 299 105 43 The
977 299 125 43 "War
1128 311 65 32 of
1220 300 144 44 1775.

1802 299 63 42 67

436 428 275 48 Cornwallis
738 434 247 43 doubtless
1010 435 99 42 had
1135 434 231 56 gathered
1392 434 166 56 within
1584 434 73 56 his
1692 435 115 55 lines
1835 448 32 42 a

332 492 136 59 large
494 499 201 52 number
713 499 55 52 of
786 513 212 43 negroes,
1017 503 58 53 to
1100 500 159 56 whose
1284 513 174 43 energy
1485 500 97 56 and
1608 501 155 55 labor,
1783 502 84 54 the

331 562 213 44 erection
571 565 55 42 of
645 566 74 43 his
745 567 323 43 breastworks
1092 580 117 30 were
1235 566 182 55 mainly
1451 566 103 55 due.
1610 566 258 56 Lafayette

331 627 172 59 feeling
520 632 216 54 satisfied
753 634 117 52 that
886 635 83 51 the
987 634 214 56 position
1219 634 54 56 of
1292 634 74 56 his
1386 646 139 44 army
1543 633 157 57 before
1717 633 151 57 York-

333 696 135 42 town
494 699 159 42 would
688 700 182 42 confine
895 700 86 43 the
1003 700 195 53 British,
1228 700 97 53 and
1351 700 141 53 make
1517 700 84 53 the
1627 713 166 42 escape
1820 700 56 55 of

332 760 278 47 Cornwallis
628 765 275 55 impossible
919 766 207 54 without
1145 766 169 54 battle,
1333 768 151 52 wrote
1499 767 58 53 to
1577 764 111 56 Gen.
1701 765 168 55 Wash¬

333 828 175 56 ington
527 832 50 52 in
596 830 273 57 September
881 847 10 40 :

417 907 52 34 "I
489 908 102 44 hope
609 919 81 33 you
710 909 74 43 will
804 910 79 42 find
904 920 53 32 we
977 910 100 42 have
1096 910 119 42 taken
1235 910 67 42 the
1321 910 87 42 best
1428 910 245 44 precautions
1687 911 45 43 to
1746 910 121 44 lessen

332 960 62 36 his
407 960 228 47 Lordship's
649 974 144 33 escape.
836 964 20 43 I
870 964 139 43 hardly
1029 965 140 42 believe
1187 966 47 41 he
1249 965 72 42 will
1334 965 113 42 make
1460 965 67 42 the
1541 967 182 41 attempt.
1768 964 37 44 If
1821 965 50 43 he

332 1017 107 44 does,
461 1018 48 43 he
529 1021 108 40 must
656 1020 87 43 give
763 1030 52 33 up
837 1019 116 44 ships,
977 1020 182 43 artillery,
1175 1020 189 44 baggage,
1379 1022 95 42 part
1495 1020 44 44 of
1553 1020 59 44 his
1627 1020 144 44 horses,
1788 1020 80 44 and

334 1073 53 34 all
400 1073 68 35 the
481 1074 199 43 negroes."

433 1140 77 42 All
534 1140 100 43 this
660 1140 117 43 time
802 1141 49 42 in
869 1154 133 30 some
1020 1141 54 43 of
1092 1142 84 42 the
1193 1141 240 43 Northern
1451 1140 163 44 States
1635 1155 64 29 an
1719 1155 149 42 oppo¬

332 1206 152 43 sition
520 1220 56 30 as
611 1209 175 54 strong
820 1220 55 43 as
912 1210 56 53 at
1002 1208 83 55 the
1119 1207 157 56 South
1309 1208 98 55 had
1451 1208 181 55 existed
1670 1208 198 55 against

334 1273 285 57 organizing
653 1286 147 44 negro
843 1276 188 54 troops,
1078 1274 97 56 and
1217 1274 50 56 in
1310 1287 131 43 some
1475 1274 241 56 instances
1752 1287 116 43 even

334 1340 202 56 against
560 1340 277 56 employing
860 1340 132 56 them
1020 1353 55 43 as
1102 1341 212 55 soldiers.
1367 1341 99 55 The
1483 1340 141 56 effort
1642 1340 75 56 for
1736 1353 133 43 sepa¬

334 1409 109 41 rate
470 1406 364 57 organizations
860 1407 99 56 had
985 1407 116 56 been
1126 1407 150 56 going
1303 1420 77 43 on,
1401 1407 90 56 but
1516 1406 117 57 with
1652 1406 115 57 only
1784 1407 83 56 the

333 1474 127 42 little
495 1486 181 30 success
709 1473 117 43 that
860 1473 91 43 has
977 1473 115 43 been
1119 1474 197 54 already
1349 1473 204 55 noticed.
1607 1472 57 56 In
1700 1486 32 42 a
1767 1472 99 56 bio¬

334 1540 251 56 graphical
603 1539 166 57 sketch
788 1539 54 57 of
854 1538 94 58 Col.
961 1539 155 57 David
1135 1539 319 57 Humphreys,
1467 1540 49 56 in
1533 1539 83 57 the
1637 1538 230 58 "Nation¬

335 1607 51 43 al
420 1606 224 44 Portrait
671 1604 190 56 Gallery
887 1606 54 54 of
969 1605 355 57 Distinguished
1358 1605 321 57 Americans,"
1707 1605 41 57 is
1782 1605 85 57 the

335 1673 264 55 following:

419 1761 77 35 "In
515 1760 225 44 November,
764 1760 116 44 1782,
903 1760 47 44 he
976 1771 90 33 was,
1088 1760 54 44 by
1169 1760 212 44 resolution
1402 1760 45 44 of
1469 1759 195 45 Congress,
1693 1758 174 46 commis¬

335 1817 134 35 sioned
485 1827 44 25 as
551 1827 26 25 a
598 1815 408 42 Lieutenant-Colonel,
1023 1815 90 42 with
1137 1816 112 41 order
1268 1815 94 42 that
1381 1815 59 42 his
1461 1814 244 43 commission
1727 1813 139 44 should

335 1873 95 34 bear
458 1872 92 35 date
576 1872 100 35 from
703 1870 67 37 the
791 1870 99 37 23rd
911 1870 44 37 of
970 1870 110 43 June,
1104 1869 115 44 1780,
1241 1870 106 43 when
1367 1870 47 43 he
1433 1869 166 44 received
1613 1869 59 44 his
1688 1868 179 45 appoint¬

336 1930 109 33 ment
464 1938 45 25 as
531 1927 251 41 aid-de-camp
803 1928 44 40 to
869 1925 67 43 the
957 1924 427 44 Commander-in-Chief.
1428 1924 59 44 He
1507 1924 89 44 had,
1619 1923 106 45 when
1746 1923 39 45 in
1807 1933 59 35 ac¬

336 1983 81 35 tive
431 1983 149 42 service,
597 1982 114 44 given
723 1981 67 45 the
806 1981 176 45 sanction
997 1980 43 46 of
1049 1980 58 46 his
1123 1990 112 36 name
1250 1980 77 46 and
1340 1980 179 46 influence
1533 1979 39 47 in
1586 1979 67 47 the
1666 1978 201 48 establish¬

337 2041 107 33 ment
459 2039 43 35 of
518 2049 26 25 a
557 2048 193 33 company
771 2037 45 44 of
831 2035 150 46 colored
1001 2035 183 46 infantry,
1203 2035 184 46 attached
1407 2037 45 44 to
1474 2034 142 47 Meigs',
1641 2033 225 48 afterwards

338 2094 177 43 Butler's,
531 2093 196 44 regiment,
736 2093 40 44 in
790 2092 67 45 the
871 2091 243 46 Connecticut
1128 2091 83 46 line.
1255 2090 59 47 He
1328 2089 205 48 continued
1546 2092 45 45 to
1605 2089 49 48 be
1666 2089 67 48 the
1746 2088 121 49 nomi¬

338 2150 68 34 nal
419 2149 158 43 captain
592 2149 43 43 of
650 2149 94 43 that
757 2157 193 35 company
963 2146 100 46 until
1075 2146 66 46 the
1155 2145 292 47 establishment
1461 2144 45 48 of
1520 2142 155 50 peace."

441 2226 205 55 Though
661 2225 85 56 the
771 2224 299 57 Legislature
1096 2222 53 59 of
1169 2221 305 60 Connecticut
1499 2221 99 60 had
1623 2220 150 61 taken
1798 2232 67 49 up

340 2292 85 42 the
467 2292 180 54 subject
690 2291 54 55 of
782 2290 188 56 arming
1012 2302 196 44 negroes
1251 2287 253 59 generally,
1543 2299 55 47 as
1641 2286 133 60 early
1809 2298 56 48 as

343 2358 144 53 1777,
509 2359 97 52 and
633 2371 33 40 a
690 2358 94 53 bill,
808 2370 55 41 as
888 2370 66 41 we
979 2356 123 55 have
1129 2368 119 43 seen,
1276 2366 99 45 was
1401 2352 247 59 presented
1674 2354 56 57 to
1749 2351 116 60 that

342 2423 310 57 Legislature,
689 2424 74 56 for
796 2423 125 57 their
954 2421 293 59 enrollment,
1283 2420 84 60 the
1395 2419 262 61 advocates
1693 2417 53 63 of
1782 2417 84 63 the

343 2503 226 40 measure,
589 2490 50 53 in
673 2503 140 41 every
849 2490 212 54 attempt
1093 2489 57 55 to
1186 2497 113 47 pass
1335 2485 53 59 it,
1409 2484 98 60 had
1535 2484 114 60 been
1675 2483 187 61 beaten.

342 2555 334 55 Nevertheless,
707 2569 54 41 as
790 2567 205 43 appears
1020 2554 66 56 by
1110 2552 84 58 the
1219 2551 164 59 record
1410 2550 140 60 given
1578 2550 167 60 above,
1767 2547 95 63 Col.

341 2622 282 57 Humphrey
648 2623 125 56 took
798 2622 173 57 charge
999 2619 95 60 and
1112 2605 271 74 'organized
1411 2629 32 50 a
1468 2628 252 51 company,
1749 2613 116 66 with

342 2690 149 42 which
508 2690 57 42 he
583 2689 163 43 served
773 2687 123 45 until
921 2686 83 46 the
1030 2685 123 47 close
1171 2683 53 49 of
1243 2683 82 49 the
1343 2695 112 37 war.
1508 2681 100 51 But
1625 2681 98 51 this
1742 2693 124 39 com¬

343 2768 132 43 pany
502 2755 53 56 of
574 2755 107 56 fifty
708 2754 96 57 odd
831 2765 107 46 men
964 2764 115 47 were
1102 2752 92 59 not
1212 2749 65 62 all
1293 2749 116 62 that
1427 2747 80 64 did
1526 2747 173 64 service
1716 2746 48 65 in
1781 2745 85 66 the

343 2834 141 42 army
516 2820 124 56 from
674 2818 318 58 Connecticut,
1021 2816 74 60 for
1128 2816 49 60 in
1211 2827 148 49 many
1395 2814 53 62 of
1467 2813 82 63 her
1582 2812 141 64 white
1748 2810 117 66 regi¬

342 2889 172 50 ments,
534 2899 211 43 negroes,
765 2884 132 58 bond
916 2882 96 60 and
1030 2882 105 60 free,
1155 2880 146 62 stood
1319 2880 49 62 in
1385 2880 83 62 the
1485 2879 147 63 ranks
1650 2877 115 65 with
1782 2876 84 66 the

340 2953 181 44 whites.
575 2951 120 53 And,
715 2946 440 58 notwithstanding
1179 2946 83 58 the
1287 2944 314 60 unsuccessful
1628 2943 238 61 attempts
