2200 3300
351 309 96 42 250

655 313 221 44 History
903 327 63 30 of
994 327 95 30 the
1116 315 165 42 Black
1307 314 251 43 Phalanx.

350 444 168 64 battle^
548 458 151 50 camp,
728 449 165 59 march
920 448 95 60 and
1041 447 219 61 bivouac,
1289 458 99 50 was
1414 444 182 64 spoken
1624 442 52 66 of
1696 443 66 65 by
1785 446 86 62 tho

349 512 328 43 commanders
705 513 55 42 of
777 514 83 41 the
884 513 197 42 various
1118 511 170 44 armies
1322 510 50 45 in
1404 511 148 44 terms
1588 508 149 47 which
1773 520 98 41 any

349 576 122 43 class
491 577 53 42 of
564 578 209 53 soldiers,
796 578 53 53 of
870 591 97 42 any
984 591 119 42 race,
1124 576 155 57 might
1297 575 100 58 well
1413 574 58 59 be
1488 574 157 59 proud
1665 573 60 60 of.

448 641 198 44 General
664 642 166 54 Grant,
853 657 64 39 on
933 643 83 53 the
1034 642 121 54 24th
1184 640 52 56 of
1257 639 128 57 July,
1404 639 243 57 following
1662 639 84 57 the
1764 652 107 44 cap¬

346 710 109 40 ture
473 709 53 41 of
545 708 277 56 Vicksburg,
841 710 150 54 wrote
1007 710 56 54 to
1081 707 83 57 the
1181 704 479 60 Adjutant-General:

429 785 22 17 "
461 785 79 34 The
552 797 117 31 negro
683 788 139 40 troops
837 796 65 32 are
915 785 118 43 easier
1053 786 45 42 to
1119 794 173 34 preserve
1314 782 191 46 discipline
1526 793 142 35 among
1683 783 101 45 than
1805 793 65 35 are

348 849 72 23 our
433 839 110 35 white
558 843 149 40 troops,
725 841 78 42 and
816 840 19 43 I
857 840 124 43 doubt
1001 842 73 41 not
1094 839 73 44 will
1186 849 120 34 prove
1326 838 152 45 equally
1498 837 107 46 good
1617 837 61 46 for
1691 837 178 46 garrison

347 894 111 42 duty.
499 893 61 43 All
573 895 92 41 that
678 895 100 41 have
791 895 92 41 been
896 893 100 43 tried
1009 893 100 43 have
1122 893 138 43 fought
1273 891 197 45 bravely."

438 971 114 43 This
570 985 99 29 was
688 972 73 42 six
779 972 121 53 days
920 970 122 55 after
1058 971 83 54 the
1158 970 321 55 unsurpassed
1497 970 207 55 bravery
1722 969 54 56 of
1785 971 83 54 the

346 1036 124 42 54th
504 1037 247 55 Regiment
794 1036 378 56 Massachusetts
1215 1034 653 58 Yolunteers—representing

341 1103 88 41 -the
464 1102 157 42 North
646 1102 49 42 in
720 1102 84 44 the
828 1102 140 44 black
994 1100 369 46 Phalanx—had
1389 1101 197 56 planted
1612 1101 65 56 its
1702 1100 166 57 blood¬

338 1168 198 42 stained
554 1168 182 42 banner
755 1181 63 29 on
834 1167 84 43 the
942 1169 246 53 ramparts
1217 1165 52 57 of
1290 1166 122 56 Fort
1428 1166 221 57 "Wagner.
1702 1166 49 57 It
1767 1182 98 41 was

345 1234 83 41 the
454 1232 239 43 Southern
718 1247 211 42 negroes,
949 1234 121 55 who,
1091 1246 64 43 up
1172 1235 57 54 to
1246 1233 99 56 this
1370 1233 129 56 time,
1519 1234 98 55 had
1635 1234 229 55 reddened

342 1300 87 41 the
445 1302 173 39 waters
635 1299 55 42 of
701 1300 83 41 the
800 1299 293 55 Mississippi.
1140 1298 49 56 It
1205 1312 98 42 was
1320 1299 83 55 the
1419 1300 281 54 freedman's
1718 1301 146 53 blood

345 1365 117 42 that
486 1365 98 42 had
611 1365 263 42 moistened
900 1365 82 42 the
1008 1365 102 53 soil,
1133 1365 96 53 and
1245 1365 41 53 if
1304 1365 257 56 ignorance
1578 1366 138 55 could
1734 1367 57 54 be
1808 1381 54 40 so

345 1431 206 55 intrepid
570 1431 98 55 still
685 1433 190 54 greater
893 1430 172 57 daring
1082 1431 155 57 might
1254 1431 58 57 be
1328 1432 222 56 expected
1570 1446 64 42 on
1650 1432 83 56 the
1750 1435 113 53 part

348 1497 54 42 of
420 1498 82 41 the
520 1510 132 29 more
669 1496 263 56 intelligent
950 1510 106 42 men
1075 1496 50 56 of
1147 1497 82 55 the
1246 1511 119 41 race.

447 1563 98 42 The
564 1563 187 43 assault
778 1577 64 29 on
868 1562 122 44 Fort
1017 1561 217 57 Wagner,
1255 1563 115 56 July
1396 1564 242 55 18,1863,
1658 1578 98 41 was
1776 1579 87 40 one

346 1628 55 43 of
419 1629 83 42 the
520 1631 131 41 most
676 1629 157 43 heroic
860 1628 52 44 of
931 1629 83 43 the
1039 1629 148 43 whole
1213 1629 106 43 four
1344 1630 153 54 years'
1517 1643 113 41 war.
1683 1630 41 54 A
1749 1644 114 42 very

341 1694 202 57 graphic
570 1697 204 54 account
802 1693 52 58 of
873 1694 83 57 the
981 1694 148 57 entire
1154 1698 272 53 movement
1451 1696 40 55 is
1526 1695 139 56 given
1699 1696 49 55 in
1781 1696 81 55 the

343 1761 92 43 foil*
446 1760 140 56 jwing
603 1760 184 56 article:

426 1860 85 35 "At
526 1860 186 43 daylight,
730 1871 51 32 on
795 1862 66 41 the
874 1862 177 42 morning
1064 1862 45 42 of
1117 1862 65 42 the
1197 1861 97 43 12th
1310 1862 44 42 of
1362 1861 91 43 July
1468 1872 26 32 a
1508 1863 138 41 strong
1659 1862 151 42 column
1824 1862 44 42 of

335 1926 84 23 our
431 1917 138 41 troops
584 1915 197 43 advanced
795 1916 137 42 swiftly
953 1918 44 40 to
1018 1916 66 42 the
1106 1915 136 43 attack
1263 1916 44 42 of
1322 1915 98 43 Fort
1433 1916 177 42 Wagner.
1653 1917 79 41 The
1744 1917 117 41 rebels

339 1978 98 26 *wo'.v
450 1969 80 36 veil
543 1969 195 44 prepared,
749 1969 78 44 and
841 1971 118 42 swept
973 1970 91 43 with
1077 1970 100 43 their
1189 1981 99 32 guns
1302 1981 112 32 every
1427 1971 87 42 foot
1528 1971 44 42 of
1586 1971 67 42 the
1667 1971 194 43 approach

345 2028 47 31 to
410 2024 67 35 the
496 2024 90 43 fort,
608 2024 73 43 but
703 2035 71 32 our
794 2024 158 43 soldiers
971 2024 152 44 pressed
1145 2035 61 33 on,
1230 2025 78 43 and
1328 2025 139 43 gained
1488 2036 27 32 a
1532 2025 180 43 foothold
1732 2036 51 32 on
1796 2026 66 42 the

344 2081 183 42 parapet;
549 2078 85 45 but,
656 2081 73 42 not
747 2078 114 45 being
880 2079 210 44 supported
1110 2079 53 44 by
1184 2080 111 43 other
1314 2082 149 41 troops,
1492 2091 75 32 nor
1586 2081 112 42 aided
1717 2081 53 42 by
1796 2081 66 42 the

338 2144 105 32 guns
465 2132 44 44 of
522 2133 68 43 the
608 2133 98 43 fleet,
728 2133 118 43 which
867 2133 144 43 quietly
1030 2134 139 42 looked
1190 2144 62 33 on,
1275 2134 92 43 they
1387 2145 93 32 were
1499 2135 125 42 forced
1644 2137 45 40 to
1704 2138 155 41 retreat,

339 2188 158 42 leaving
510 2198 118 32 many
643 2188 43 42 of
701 2188 99 42 their
813 2188 197 42 comrades
1022 2188 41 42 in
1076 2189 66 41 the
1155 2189 125 41 hands
1295 2189 44 41 of
1353 2190 66 40 the
1432 2200 143 31 enemy.

426 2242 70 35 "It
515 2242 33 35 is
568 2242 67 35 the
655 2243 157 42 opinion
834 2242 43 43 of
892 2253 118 32 many
1030 2243 92 42 that
1142 2243 32 42 if
1188 2243 65 42 the
1274 2243 85 42 fleet
1379 2244 78 41 had
1479 2246 138 39 moved
1644 2256 51 33 up
1725 2248 45 41 at
1795 2247 66 42 the

344 2308 107 23 same
469 2297 102 42 time,
596 2296 78 43 and
693 2297 118 42 raked
831 2298 67 41 the
917 2297 79 42 fort
1016 2297 91 42 with
1127 2297 100 42 their
1247 2308 108 32 guns,
1373 2309 72 31 our
1464 2301 138 41 troops
1623 2301 125 41 would
1762 2302 99 40 have

345 2351 196 35 succeeded
561 2351 39 35 in
620 2352 140 41 taking
779 2352 49 42 it;
851 2352 73 42 but
943 2352 66 42 the
1022 2352 119 42 naval
1154 2352 176 42 captains
1346 2353 85 41 said
1443 2353 41 41 in
1496 2354 101 40 their
1611 2355 144 39 defence
1768 2356 92 38 that

344 2407 92 41 they
449 2406 105 42 knew
567 2405 165 43 nothing
746 2406 44 42 of
804 2407 66 41 the
891 2407 226 41 movement,
1135 2406 77 42 and
1232 2406 126 42 would
1377 2407 100 41 have
1496 2408 133 42 gladly
1644 2410 164 40 assisted
1820 2410 41 40 in

344 2461 67 33 the
424 2459 137 35 attack
574 2459 80 35 had
667 2460 92 41 they
772 2460 92 41 been
877 2460 159 41 notified

425 2514 22 17 "
456 2514 102 42 This,
581 2513 299 44 unfortunately,
903 2525 78 32 was
1001 2517 73 40 not
1094 2516 66 41 the
1181 2515 90 42 only
1291 2515 172 42 instance
1485 2518 43 39 of
1544 2528 26 29 a
1589 2521 106 36 want
1716 2520 44 37 of
1774 2520 87 37 har¬

344 2578 117 33 mony
490 2579 44 32 or
561 2569 263 42 co-operation
849 2569 164 42 between
1040 2570 66 41 the
1132 2569 92 42 land
1252 2570 78 41 and
1356 2571 120 40 naval
1502 2572 118 39 forces
1657 2575 204 43 operating

346 2623 156 43 against
523 2622 232 44 Charleston.
798 2622 92 44 Had
909 2623 93 43 they
1021 2624 91 42 been
1133 2624 118 42 under
1271 2624 66 42 the
1350 2626 152 40 control
1516 2627 45 39 of
1576 2638 72 28 one
1662 2629 115 43 mind,
1793 2630 67 42 the

345 2678 163 35 sacrifice
522 2677 44 36 of
580 2677 59 36 life
652 2677 39 36 in
704 2677 67 36 the
785 2678 97 41 siege
897 2678 43 41 of
949 2678 116 41 Forts
1080 2677 164 42 "Wagner
1258 2678 77 41 and
1350 2678 151 41 Sumter
1514 2683 126 36 would
1654 2683 100 36 have
1767 2684 92 35 been

345 2733 59 34 far
416 2732 83 35 less.
541 2731 67 36 We
626 2732 74 35 will
718 2734 72 33 not
812 2742 149 25 assume
980 2734 45 33 to
1047 2742 72 31 say
1138 2732 118 41 which
1277 2732 78 41 side
1368 2744 79 29 was
1462 2738 46 35 at
1520 2736 111 46 fault,
1646 2737 74 45 but
1733 2739 53 43 by
1800 2740 60 42 far

345 2788 65 33 the
436 2789 151 41 greater
607 2786 183 44 majority
810 2786 66 44 lay
896 2787 66 43 the
981 2786 125 44 blame
1126 2797 104 33 upon
1250 2787 66 43 the
1342 2789 119 41 naval
1489 2791 155 39 officers.
1687 2792 172 38 Warfare

345 2841 143 34 kindles
502 2852 51 32 up
567 2841 67 43 the
646 2840 125 44 latent
784 2851 124 33 germs
924 2841 43 43 of
976 2841 175 43 jealousy
1164 2841 40 43 in
1217 2842 66 42 the
1296 2842 145 42 human
1454 2844 143 44 breast,
1608 2847 78 41 and
1699 2848 67 40 the
1778 2849 81 39 late

345 2895 177 35 rebellion
542 2894 190 36 furnished
752 2905 117 31 many
889 2896 98 40 cruel
1007 2896 189 41 examples
1219 2896 44 41 of
1276 2897 52 40 its
1349 2898 135 43 effects,
1506 2899 99 42 both
1627 2912 146 34 among
1791 2904 69 42 the

344 2948 118 35 rebels
477 2949 78 34 and
569 2959 140 32 among
725 2950 66 41 the
803 2949 182 43 patriots.
1027 2948 65 44 We
1112 2950 100 42 have
1230 2950 79 42 had
1328 2951 67 41 the
1408 2953 225 39 misfortune
1645 2957 45 35 to
1706 2957 154 35 witness
