2200 3300
731 298 106 42 The
865 300 239 44 Phalanx
1130 315 48 30 in
1205 304 237 45 Yikginia.

1741 310 97 43 441

411 425 22 17 "
443 425 92 35 This
550 426 79 43 day
649 430 146 41 proved
817 430 67 41 the
904 436 107 35 most
1031 433 253 38 unfortunate
1304 447 72 24 one
1396 437 40 34 in
1456 438 67 34 the
1542 439 153 43 history
1717 441 44 41 of
1776 442 67 40 the

326 480 200 43 regiment.
570 482 80 41 The
664 485 193 42 storming
872 487 42 40 of
931 497 26 30 a
972 489 139 42 strong
1124 490 217 43 field-work,
1357 492 126 41 whose
1502 494 181 41 garrison
1700 506 76 29 was
1791 507 52 28 on

327 535 68 36 the
409 536 110 43 alert,
535 537 92 42 with
643 548 26 31 a
682 538 87 41 thin
784 540 178 39 skirmish
983 542 73 37 line
1077 543 166 36 without
1264 549 196 40 supports,
1477 548 166 41 resulted
1665 560 45 29 as
1731 551 112 38 could

327 591 120 42 easily
468 591 100 42 have
588 592 93 41 been
702 593 177 40 foreseen.
923 595 117 44 First,
1057 598 67 41 the
1143 598 120 41 Ninth
1284 610 78 29 was
1391 604 86 35 sent
1505 605 265 42 unsupported
1796 608 46 39 to

326 647 141 43 charge
482 657 26 33 a
521 647 106 43 work
640 650 46 40 to
701 649 66 41 the
781 649 66 41 left
862 650 44 40 of
922 650 99 40 Fort
1044 651 149 44 Gilmer,
1211 664 131 31 across
1365 666 52 29 an
1440 667 98 33 open
1559 658 85 42 field
1658 660 120 40 where
1790 660 54 40 its

326 702 75 34 line
415 713 78 23 was
507 703 186 34 enfiladed
709 703 51 43 by
775 704 66 42 the
855 706 166 42 enemy's
1036 707 77 42 fire,
1131 708 78 41 and
1230 719 79 30 was
1332 711 190 43 repulsed;
1539 713 92 41 then
1645 714 86 40 four
1744 725 102 29 com¬

326 758 133 44 panies
476 758 43 44 of
534 758 67 44 the
615 758 156 44 Eighth,
788 770 45 32 as
849 760 250 45 skirmishers,
1118 772 92 33 were
1232 767 85 38 sent
1340 767 159 41 against
1519 767 67 41 the
1605 779 106 29 same
1725 770 117 43 work,

327 813 92 35 with
434 824 52 24 no
501 814 126 34 better
641 824 156 34 success,
815 815 78 43 and
916 815 100 43 after
1035 817 80 41 this
1139 818 120 40 bitter
1280 821 223 43 experience,
1520 823 86 41 four
1625 825 219 42 companies

328 869 44 34 of
381 870 66 34 the
461 869 165 35 Seventh
640 881 93 23 were
747 873 86 33 sent
848 873 45 33 to
908 871 100 36 their
1024 873 239 35 destruction
1280 886 52 23 on
1348 887 51 22 an
1414 878 138 33 errand
1566 879 152 42 equally
1732 879 113 43 hope¬

326 926 85 34 less.
454 925 93 35 Had
560 926 67 34 the
641 925 159 44 brigade
814 927 91 42 been
922 930 86 39 sent
1023 929 191 43 together,
1225 930 153 42 instead
1394 932 44 40 of
1453 932 52 40 its
1519 933 107 39 three
1639 935 204 41 regiments

327 981 40 34 in
388 981 130 43 detail,
534 981 67 43 the
620 981 101 43 rebel
740 982 74 42 line
835 983 123 41 would
982 984 100 40 have
1104 985 94 39 been
1221 987 146 37 carried
1390 988 77 36 and
1488 988 65 36 the
1567 989 99 35 road
1679 991 45 33 to
1738 989 107 35 Rich¬

327 1037 119 34 mond
462 1037 145 43 opened
627 1039 45 41 to
695 1048 56 32 us.
794 1038 92 42 This
906 1039 34 41 is
960 1050 52 30 no
1036 1041 225 42 conjecture.
1307 1042 79 41 The
1406 1043 213 42 testimony
1640 1044 44 41 of
1700 1054 26 31 a
1744 1044 101 41 rebel

328 1093 233 34 staff-officer
575 1103 52 24 on
642 1093 98 43 duty
762 1096 46 40 at
829 1094 99 42 Fort
950 1094 148 44 Gilmer,
1118 1097 78 41 and
1219 1097 93 41 that
1335 1098 44 40 of
1396 1108 71 30 our
1488 1109 85 29 own
1594 1099 144 39 officers
1759 1099 83 39 who

328 1158 93 24 were
434 1148 197 43 captured,
648 1149 93 42 fully
756 1149 266 42 substantiate
1037 1151 67 40 the
1120 1154 222 37 statement.

410 1203 165 35 "About
588 1215 106 23 noon
709 1215 51 24 on
775 1205 67 34 the
855 1206 194 43 following
1065 1207 89 43 day,
1172 1207 67 43 the
1254 1208 109 42 30th,
1380 1208 67 42 the
1467 1209 185 42 regiment
1666 1210 138 41 moved
1819 1220 25 31 a

330 1259 86 34 mile
429 1262 44 31 to
488 1260 67 34 the
568 1260 67 34 left
649 1260 78 35 and
743 1263 99 32 went
861 1260 85 35 into
969 1262 67 34 the
1057 1263 173 42 rifle-pits
1247 1265 45 40 to
1306 1264 67 41 the
1387 1263 67 42 left
1469 1264 43 41 of
1527 1264 99 41 Fort
1641 1265 201 40 Harrison.

331 1312 104 37 Soon
451 1315 108 43 after,
569 1316 67 42 the
649 1316 100 42 rebel
764 1315 195 44 Maj.-Gen.
971 1317 116 44 Field,
1099 1318 84 43 who
1200 1319 78 42 had
1288 1319 251 42 commanded
1547 1320 72 42 .the
1634 1319 62 43 Ft.
1708 1319 136 43 Gilmer

330 1370 73 34 line
417 1371 66 34 the
498 1371 76 42 day
583 1372 190 42 previous,
784 1372 113 42 made
911 1383 26 31 a
952 1373 232 41 determined
1202 1374 152 40 assault
1369 1385 50 29 on
1436 1374 97 40 Fort
1541 1374 190 40 Harrison
1745 1376 97 38 from

333 1436 71 24 one
425 1426 89 43 side,
531 1427 106 42 while
658 1427 145 42 Hoke's
825 1428 165 41 division
1013 1429 182 40 attacked
1223 1440 51 29 on
1295 1430 66 39 the
1383 1430 129 43 other;
1534 1430 73 43 but
1626 1430 67 43 the
1707 1431 137 42 attack

333 1492 77 24 was
425 1484 72 32 not
511 1482 112 34 made
637 1482 320 44 simultaneously
973 1484 78 42 and
1066 1495 79 31 was
1160 1485 172 43 repulsed
1349 1485 91 43 with
1454 1485 125 43 heavy
1593 1486 90 42 loss.
1726 1485 118 43 While

332 1537 78 34 this
424 1538 139 42 charge
577 1548 78 32 was
670 1538 113 43 being
797 1539 123 42 made,
937 1538 76 43 Col.
1033 1539 112 42 Shaw
1161 1551 77 30 was
1255 1541 132 40 struck
1403 1551 50 30 on
1467 1541 66 40 the
1547 1541 98 40 head
1659 1541 52 41 by
1726 1551 26 31 a
1765 1541 80 41 rifle

332 1593 130 42 bullet,
478 1592 73 43 but
578 1603 79 32 was
685 1593 211 43 uninjured.
940 1594 78 42 The
1040 1597 93 39 next
1155 1596 179 42 morning
1355 1596 66 42 the
1442 1596 118 42 rebels
1582 1595 143 43 opened
1746 1596 99 42 their

331 1648 186 35 batteries
538 1659 52 24 on
612 1658 72 25 our
704 1648 85 35 line.
831 1649 148 43 During
998 1650 67 42 the
1087 1651 235 42 cannonade,
1354 1651 123 42 Lieut.
1508 1650 231 43 Bjornmark
1765 1661 79 32 was

332 1703 182 36 wounded
531 1704 39 35 in
584 1704 66 35 the
664 1704 87 35 foot
764 1704 53 42 by
831 1704 68 42 the
913 1705 193 43 fragment
1121 1706 44 42 of
1181 1717 25 31 a
1221 1707 102 41 shell.

414 1759 110 34 "The
545 1759 193 42 following
758 1759 33 42 is
813 1760 67 41 the
906 1763 135 40 report
1070 1761 42 42 of
1129 1761 108 43 Capt.
1261 1761 119 43 Weiss
1407 1763 45 41 to
1480 1760 66 44 the
1572 1761 273 43 commanding

335 1815 124 34 officer
474 1814 43 35 of
533 1814 66 35 the
612 1814 198 43 regiment,
829 1816 245 43 announcing
1088 1816 59 43 his
1163 1816 144 43 arrival
1320 1816 39 43 in
1373 1816 230 43 Richmond:

627 1917 180 34 "Libby
829 1916 156 42 Prison,
1003 1916 216 42 Richmond,
1235 1915 85 43 Ya.,
1337 1915 217 43 September
1568 1914 195 44 30,1864.

416 1961 190 36 "'Sir:—I
621 1961 241 43 respectfully
877 1960 139 44 inform
1037 1971 80 33 you
1138 1960 93 44 that
1251 1960 66 44 the
1337 1959 192 45 following
1549 1960 144 44 officers
1714 1960 45 44 of
1779 1958 67 46 the

336 2006 162 35 Seventh
520 2006 44 35 U.
587 2006 37 35 S.
648 2005 36 36 C.
708 2005 43 36 T.
775 2015 67 26 are
869 2005 97 42 here,
989 2005 210 42 prisoners:
1243 2003 129 44 Capts.
1402 2003 118 44 Weiss
1548 2003 77 44 and
1654 2002 189 45 McCarty,

336 2050 142 35 Lieuts.
494 2050 123 43 Mack,
634 2049 197 44 Sherman,
850 2048 96 45 Eler,
963 2048 199 45 Ferguson
1185 2048 77 45 and
1284 2048 175 45 Spinney.
1501 2047 124 46 Lieut.
1648 2047 197 46 Ferguson

336 2095 78 34 and
428 2095 136 41 myself
581 2105 65 31 are
661 2093 186 43 wounded
863 2094 39 42 in
917 2093 65 43 the
996 2092 110 44 head,
1124 2093 73 43 but
1212 2092 118 44 doing
1343 2092 89 44 well.

416 2139 22 17 "
450 2139 8 17 '
468 2138 132 35 Please
613 2138 139 35 inform
768 2148 73 25 our
856 2137 139 36 friends
1011 2137 43 36 of
1069 2137 67 36 the
1152 2137 135 42 above,
1304 2136 78 43 and
1397 2135 135 44 oblige,

701 2183 22 16 "
735 2182 157 41 'Yours,
910 2192 51 31 on
975 2181 66 42 the
1055 2183 94 40 part
1164 2181 43 42 of
1223 2191 65 32 my
1304 2180 221 43 associates,

1164 2223 223 35 "'JULIUS
1401 2224 44 34 A.
1462 2221 161 43 WEISS,

1263 2268 42 16 "'
1316 2267 108 43 Capt.
1441 2266 164 44 Seventh
1624 2265 40 45 U.
1678 2264 37 46 S.
1734 2264 36 46 C.
1789 2264 54 46 T.'

416 2359 23 18 "
450 2359 57 36 On
521 2360 66 35 the
603 2359 70 36 5th
689 2359 43 36 of
743 2358 175 43 October,
935 2358 66 43 the
1015 2357 186 44 regiment
1221 2366 79 35 was
1321 2355 159 46 relieved
1500 2354 100 47 from
1616 2354 97 47 duty
1725 2353 40 48 in
1778 2354 67 47 the

335 2414 171 35 trenches
526 2415 53 42 by
599 2414 67 43 the
686 2414 130 43 Eight,
835 2413 78 44 and
934 2412 159 45 moving
1114 2423 26 34 a
1161 2412 113 45 short
1295 2410 173 47 distance
1487 2411 46 46 to
1554 2409 67 48 the
1634 2416 96 41 rear,
1746 2410 99 47 went

335 2469 85 36 into
436 2480 111 33 camp
562 2480 93 33 near
670 2469 164 44 division
849 2468 289 45 headquarters.

417 2525 22 17 "
450 2524 57 36 On
528 2525 67 35 the
616 2525 82 42 6th,
723 2523 89 44 Gen.
829 2523 138 44 Birney
989 2521 151 46 divided
1161 2521 66 46 the
1254 2520 207 47 regiments
1489 2518 44 49 of
1554 2517 59 50 his
1641 2516 204 51 command

336 2579 85 36 into
435 2582 78 33 two
528 2580 191 42 brigades.
762 2578 79 44 The
856 2577 106 45 First
976 2576 176 46 Brigade,
1169 2575 205 47 composed
1390 2574 43 48 of
1448 2573 67 49 the
1535 2571 176 51 Seventh,
1727 2571 118 51 Ninth

338 2636 78 34 and
431 2635 78 36 One
523 2634 186 37 Hundred
730 2633 79 38 and
830 2630 342 43 Twenty-seventh,
1189 2640 78 33 was
1288 2629 132 44 placed
1441 2628 120 45 under
1581 2626 205 47 command
1808 2625 43 48 of

337 2690 77 36 Col.
436 2690 124 43 Yoris,
585 2689 44 44 of
643 2689 67 44 the
731 2684 284 49 Sixty-seventh
1039 2684 108 49 Ohio,
1171 2684 189 49 although
1388 2683 92 50 each
1507 2682 188 51 regiment
1721 2680 78 53 had
1821 2689 26 44 a

337 2746 146 35 colonel
498 2745 153 42 serving
666 2743 88 44 with
771 2742 51 45 it;
840 2740 78 47 and
933 2740 65 47 the
1013 2738 155 49 Second,
1184 2738 204 49 composed
1410 2738 43 49 of
1468 2738 67 49 the
1548 2735 156 52 Eighth,
1721 2734 126 53 Twen¬

337 2801 173 43 ty-ninth
533 2799 79 45 and
639 2795 238 49 Forty-fifth,
900 2793 119 51 under
1046 2791 215 53 Lieut.-Col.
1290 2792 242 52 Armstrong,
1563 2791 44 53 of
1621 2790 67 54 the
1715 2788 129 56 Ninth.

339 2856 111 45 Capt.
466 2855 88 46 Rice
566 2852 181 49 returned
761 2851 99 50 from
875 2848 199 53 sick-leave
1093 2847 67 54 the
1180 2856 105 45 same
1306 2847 77 54 day
1405 2846 77 55 and
1504 2856 78 45 was
1604 2843 177 58 assigned
1801 2844 45 57 to

339 2912 68 35 the
420 2908 207 39 command
642 2907 44 40 of
702 2905 199 42 Company
915 2902 43 45 A,
968 2902 58 45 his
1042 2911 84 36 own
1140 2910 190 37 company
1348 2901 71 46 (K)
1436 2900 146 47 having
1597 2896 249 51 disappeared

340 2967 41 37 in
394 2967 67 37 the
474 2964 115 40 melee
603 2962 44 42 of
661 2961 67 43 the
742 2958 99 46 29th
857 2957 43 47 of
916 2955 228 49 September.
