2217 3312
341 286 97 43 398
640 290 219 45 History
888 305 62 30 of
977 306 96 31 the
1099 295 165 44 Black
1290 297 251 44 Phalanx.

340 408 115 43 with
472 409 112 54 this,
607 412 96 51 and
723 426 55 37 as
796 426 122 37 soon
937 427 54 36 as
1010 414 195 49 General
1224 416 168 56 Smith,
1411 419 123 53 who,
1554 413 116 59 with
1689 424 32 48 a
1739 421 108 51 por¬

337 474 108 43 tion
482 476 53 42 of
556 476 206 45 Butler's
787 480 147 43 forces
960 481 97 43 had
1076 482 113 42 been
1214 483 314 55 temporarily
1564 473 280 65 dispatched

338 542 56 40 to
416 542 103 53 join
554 543 83 52 the
672 557 138 42 army
845 546 53 53 of
917 547 82 52 the
1034 547 237 52 Potomac
1307 552 54 47 at
1396 547 115 52 Cold
1539 543 213 56 Harbor,
1781 552 68 47 re¬

338 608 169 42 turned
537 611 56 40 to
620 608 240 45 Bermuda
886 611 253 43 Hundreds
1165 614 115 41 with
1306 614 72 41 his
1404 614 139 50 force,
1564 611 57 53 he
1647 619 99 45 was
1775 618 76 46 or¬

339 672 138 43 dered
503 673 205 44 forward
734 678 57 39 to
820 679 195 51 capture
1040 678 82 52 the
1140 677 214 53 Cockade
1372 677 119 55 City.
1547 676 48 56 It
1613 685 100 47 was
1732 671 118 61 mid¬

338 738 140 55 night
498 753 64 40 on
580 741 82 52 the
689 741 135 52 14th,
852 742 132 51 when
1011 741 195 52 Smith's
1232 745 173 52 troops
1425 741 202 56 arrived.
1682 737 169 60 Butler

338 804 197 42 ordered
577 805 100 42 him
711 806 322 54 immediately
1067 807 206 53 forward
1310 809 196 53 against
1541 805 305 57 Petersburg,

339 870 94 41 and
453 870 57 41 he
528 871 173 41 moved
722 872 316 54 accordingly.
1093 871 88 55 His
1208 873 124 53 force
1357 886 99 40 was
1483 873 49 53 in
1557 873 134 53 three
1711 869 138 57 divis¬

336 933 108 44 ions
481 936 53 41 of
563 935 236 55 Infantry,
839 937 96 53 and
972 949 89 41 one
1105 937 52 53 of
1195 936 219 57 Cavalry,
1460 939 149 54 under
1653 935 197 58 General

338 999 177 55 Kautz,
536 1003 106 51 who
660 1014 98 40 was
775 1004 57 50 to
849 1003 225 51 threaten
1089 1003 84 51 the
1190 1002 91 52 line
1300 1003 54 51 of
1373 1003 157 51 works
1549 1016 65 38 on
1630 1003 83 51 the
1731 1001 113 53 Nor¬

338 1067 98 42 folk
461 1068 136 42 road.
655 1066 194 44 General
876 1067 169 53 Hinks,
1074 1067 116 53 with
1215 1068 73 52 his
1318 1068 204 52 division
1549 1068 52 52 of
1622 1069 82 51 the
1723 1068 121 52 Pha¬

336 1132 129 53 lanx,
476 1146 100 39 was
592 1135 57 50 to
667 1133 116 52 take
801 1133 214 55 position
1034 1146 163 42 across
1214 1133 84 55 the
1306 1133 231 55 Jordon's
1557 1133 146 55 Point
1721 1137 120 51 road

334 1211 68 28 on
418 1199 84 41 the
527 1198 132 55 right
686 1198 53 55 of
759 1198 186 55 Kautz;
974 1198 204 55 Brooks'
1199 1199 204 54 division
1431 1200 54 53 of
1504 1201 141 52 white
1670 1204 170 54 troops

333 1276 101 30 was
460 1266 56 40 to
544 1264 169 53 follow,
735 1264 155 53 Hinks
918 1265 189 57 coming
1133 1265 47 57 in
1208 1267 55 55 at
1290 1266 81 56 the
1389 1269 155 53 center
1562 1267 55 55 of
1637 1268 81 54 the
1735 1269 101 53 line,

335 1330 132 42 while
495 1329 196 44 General
716 1330 290 44 Martindale
1022 1332 116 42 with
1162 1331 84 43 the
1273 1333 138 42 other
1437 1325 205 51 division
1660 1348 97 29 was
1782 1338 56 40 to

334 1409 141 30 move
511 1397 147 55 along
682 1397 83 55 the
790 1396 338 56 Appomattox
1155 1398 96 54 and
1279 1399 146 53 strike
1451 1399 82 53 the
1561 1398 105 57 City
1693 1400 145 55 Point

333 1462 138 43 road.
517 1461 197 47 Smith's
732 1466 272 46 movement
1022 1477 98 35 was
1139 1465 202 47 directed
1361 1465 197 56 against
1575 1467 83 54 the
1675 1468 163 53 north¬

333 1531 105 40 east
475 1528 98 43 side
609 1529 53 43 of
691 1529 300 57 Petersburg,
1021 1530 256 57 extending
1301 1531 122 56 from
1450 1533 83 54 the
1560 1531 105 57 City
1692 1533 145 55 Point

332 1596 57 40 to
407 1594 83 42 the
508 1594 197 43 Norfolk
723 1596 227 43 railroad.
1004 1594 164 45 About
1187 1596 220 57 daylight
1427 1605 64 48 On
1516 1599 84 54 the
1627 1599 132 54 15th,
1781 1613 55 40 as

332 1661 84 42 the
433 1661 214 43 columns
667 1661 244 43 advanced
931 1676 64 29 on
1011 1663 83 42 the
1112 1662 105 57 City
1235 1663 147 56 Point
1400 1665 122 54 road
1551 1668 55 51 at
1632 1665 203 57 Bailey's

331 1727 138 53 farm,
507 1727 73 53 six
615 1727 131 53 miles
780 1728 122 52 from
930 1728 299 58 Petersburg,
1260 1743 32 43 a
1317 1731 297 55 confederate
1640 1732 196 55 battery

333 1793 180 55 opened
530 1794 97 54 fire.
681 1792 163 56 Kautz
862 1794 353 54 reconnoitered
1235 1797 96 51 and
1349 1797 148 51 found
1516 1811 32 37 a
1564 1797 91 51 line
1672 1798 55 50 of
1737 1798 98 50 rifle

330 1859 180 52 trench,
523 1861 258 55 extending
791 1861 148 55 along
947 1861 82 55 the
1038 1861 145 55 front,
1198 1876 63 40 on
1272 1863 188 56 rapidly
1469 1865 149 56 rising
1634 1869 200 52 ground,

331 1924 115 42 with
459 1937 30 29 a
506 1925 182 43 thicket
706 1927 235 55 covering.
972 1927 98 55 The
1089 1928 130 54 work
1237 1942 98 40 was
1354 1930 105 52 held
1481 1931 62 55 by
1561 1944 32 42 a
1609 1933 228 55 regiment

334 1990 52 41 of
399 1991 196 54 cavalry
616 1992 94 53 and
732 2005 30 40 a
779 1993 123 54 light
922 1994 210 54 battery.
1187 1993 64 55 At
1271 2009 113 39 once
1402 1997 131 51 there
1551 2011 97 37 was
1666 2012 81 36 use
1764 1999 72 49 for

330 2056 83 41 the
441 2056 243 53 Phalanx;
712 2058 83 51 the
822 2059 155 50 works
1004 2062 131 47 must
1162 2061 56 48 be
1244 2063 230 52 captured
1500 2064 115 51 with
1632 2065 82 50 the
1732 2066 105 49 bat¬

330 2124 108 52 tery
464 2122 156 54 before
644 2124 84 52 the
752 2126 173 53 troops
953 2125 139 54 could
1126 2127 210 53 proceed.
1391 2128 99 52 The
1516 2132 198 54 cavalry
1740 2145 96 41 was

331 2188 226 51 re-called,
581 2188 95 51 and
697 2188 153 51 Hinks
869 2191 155 53 began
1042 2191 82 53 the
1142 2191 262 53 formation
1424 2194 53 50 of
1500 2208 62 36 an
1584 2199 252 56 attacking

329 2254 149 52 party
495 2252 122 54 from
636 2254 73 52 his
728 2254 217 52 division.
975 2255 98 51 The
1091 2255 321 51 confederates
1429 2272 116 34 were
1563 2262 49 44 in
1631 2277 64 29 an
1714 2278 120 44 open

330 2318 120 51 field,
478 2318 124 51 their
628 2319 197 56 battery
850 2333 131 42 upon
1008 2334 31 41 a
1066 2322 131 53 knoll
1222 2322 49 53 in
1289 2323 81 52 the
1396 2337 132 38 same
1562 2328 120 55 field,
1712 2345 122 38 com¬

331 2382 229 55 manding
596 2396 30 41 a
661 2384 229 56 sweeping
925 2387 212 54 position
1171 2390 55 51 to
1270 2388 64 53 its
1372 2395 309 50 approaches.
1737 2398 97 47 The

328 2448 274 55 advancing
626 2451 173 53 troops
826 2455 130 49 must
983 2466 130 38 come
1140 2455 88 49 out
1254 2453 121 51 from
1401 2456 84 48 the
1510 2463 179 53 woods,
1719 2466 114 50 rush

329 2526 64 41 up
410 2514 83 53 the
510 2514 131 53 slope
660 2516 95 51 and
775 2528 138 43 carry
931 2517 40 54 it
991 2521 54 50 at
1071 2518 81 53 the
1178 2518 138 55 point
1336 2519 54 54 of
1408 2522 84 51 the
1510 2524 228 58 bayonet,
1759 2543 73 39 ex¬

325 2578 149 55 posed
501 2581 55 52 to
583 2579 82 54 the
690 2582 206 54 tempest
925 2583 52 53 of
998 2583 243 53 musketry
1278 2585 94 51 and
1400 2590 241 46 cannister
1668 2596 54 41 of
1750 2597 82 43 the

328 2644 209 53 battery.
592 2643 154 54 Hinks
773 2647 180 50 formed
979 2648 72 49 his
1078 2647 89 50 line
1193 2648 73 49 for
1290 2649 83 48 the
1400 2656 202 53 assault,
1625 2661 96 48 and
1748 2662 83 47 the

326 2708 131 43 word
502 2709 52 42 of
591 2712 254 41 command
887 2725 98 29 was
1027 2712 501 55 given,—"forward."
1598 2722 99 45 The
1739 2728 92 42 line

327 2775 212 54 emerged
557 2775 124 54 from
698 2776 82 53 the
797 2777 176 52 woods,
993 2778 83 51 the
1102 2790 162 41 enemy
1299 2782 178 51 opened
1503 2785 116 48 with
1647 2793 183 43 cannis¬

325 2842 74 39 ter
425 2852 131 42 upon
581 2840 83 54 the
690 2840 204 54 steadily
920 2842 270 55 advancing
1215 2843 200 54 column,
1436 2847 163 57 which,
1620 2855 208 49 without

323 2905 246 55 stopping,
590 2905 171 55 replied
780 2906 113 54 with
912 2919 32 41 a
960 2907 156 53 volley
1133 2907 55 53 of
1206 2907 140 53 Minie
1363 2909 186 51 bullets.

514 2971 21 16 "
546 2970 79 35 The
638 2970 102 42 long,
758 2970 121 42 dusky
894 2971 82 42 line,
993 2980 85 33 arm
1091 2973 44 40 to
1152 2982 93 33 arm,
1262 2973 92 42 knee
1368 2977 44 38 to
1427 2975 131 40 knee."
