2200 3300
347 315 97 43 240

653 316 221 43 History
902 328 63 31 of
992 327 95 32 the
1114 314 163 45 Black
1303 311 251 48 Phalanx.

432 450 89 35 "On
534 450 67 35 the
615 450 78 42 day
706 448 201 44 following,
924 448 90 44 May
1029 447 75 45 1st,
1121 445 115 47 1864,
1253 442 150 50 Colonel
1416 441 185 51 Williams
1615 447 78 45 was
1708 436 158 56 ordered

349 508 46 32 to
416 506 93 34 take
529 506 204 34 command
754 505 43 35 of
811 505 66 35 the
898 503 78 37 2nd
997 501 173 43 Brigade,
1193 497 204 47 composed
1418 497 43 47 of
1476 496 66 48 the
1562 493 192 51 following
1768 493 100 51 Pha¬

350 561 94 33 lanx
476 561 223 42 regiments:
768 558 65 45 1st
858 557 208 46 Regiment,
1096 553 249 50 commanded
1378 553 52 50 by
1463 551 126 52 Major
1624 549 136 54 Ward;
1789 548 80 55 2nd

351 613 209 45 Regiment,
577 614 249 44 commanded
845 614 53 44 by
920 612 150 46 Colonel
1091 610 35 48 S.
1143 610 36 48 J.
1196 608 206 50 Crawford;
1426 607 97 51 11th
1543 606 209 52 Regiment,
1769 615 101 43 com¬

350 671 167 33 manded
531 671 53 41 by
597 669 215 43 Lieut.-Col.
827 668 132 44 James
972 666 50 46 M.
1038 665 136 47 Steele;
1192 664 95 48 54th
1301 663 208 49 Regiment,
1524 660 217 52 Lieut.-Col.
1757 659 111 53 Chas.

352 725 92 34 Fair
454 726 56 42 ;of
524 725 67 43 the
605 724 178 44 Frontier
796 723 170 45 Division
982 721 69 47 7th
1065 721 118 47 Army
1198 718 135 54 Corps.^

434 780 21 17 "
465 780 151 34 Colonel
630 779 184 35 Williams
835 787 113 27 never
968 774 222 40 afterwards
1210 772 171 42 resumed
1403 772 116 42 direct
1533 769 204 45 command
1752 769 43 45 of
1809 766 60 48 his

352 835 196 43 regiment.
590 834 40 44 It
650 832 237 46 constituted
907 832 59 46 for
987 832 105 46 most
1113 829 43 49 of
1170 829 67 49 the
1256 828 103 50 time,
1381 827 181 51 however,
1580 836 26 42 a
1625 827 93 51 part
1739 824 43 54 of
1803 824 67 54 the

353 890 175 42 Brigade,
545 888 118 44 which
683 888 48 44 he
749 885 251 47 commanded
1013 884 99 48 until
1125 884 46 48 he
1185 893 78 39 was
1277 881 189 51 mustered
1482 883 71 49 out
1568 881 43 51 of
1627 879 138 53 service
1778 879 91 53 with

353 945 67 33 the
432 945 196 40 regiment.

435 988 21 16 "
466 988 78 33 The
559 987 186 42 regiment
757 985 192 44 remained
962 984 91 45 with
1067 983 65 46 the
1145 982 171 47 Division
1338 981 45 48 at
1402 980 118 49 Little
1533 979 106 50 Rock
1652 978 99 51 until
1765 988 106 41 some

353 1043 93 34 time
461 1043 138 41 during
611 1042 66 42 the
691 1040 138 44 month
851 1039 42 45 of
908 1038 104 46 May,
1027 1037 105 47 when
1152 1036 33 48 it
1205 1034 177 50 Marched
1402 1035 60 49 for
1482 1033 98 51 Fort
1601 1033 268 51 Smith,—then

354 1097 225 35 threatened
604 1096 53 42 by
684 1096 67 42 the
771 1095 232 43 enemy,—at
1022 1092 117 46 which
1166 1091 112 47 point
1298 1090 33 48 it
1352 1090 148 48 arrived
1523 1088 137 50 during
1679 1088 66 50 the
1766 1097 105 41 same

355 1152 148 34 month.
547 1151 91 35 This
659 1149 204 43 campaign
884 1157 79 35 was
984 1157 71 35 one
1076 1146 43 46 of
1141 1147 111 45 great
1278 1145 145 47 fatigue
1451 1144 77 48 and
1555 1143 207 49 privation,
1793 1141 77 51 and

356 1206 276 43 accomplished
646 1205 92 44 only
753 1204 88 45 with
858 1204 112 45 great
982 1202 78 47 loss
1076 1201 43 48 of
1134 1200 59 49 life
1208 1199 77 50 and
1299 1199 186 50 material,
1502 1198 91 51 with
1607 1208 51 41 no
1681 1197 190 52 adequate

355 1271 238 32 recompense
607 1271 45 32 or
667 1260 224 43 advantage
905 1257 148 46 gained.

438 1316 109 33 "The
559 1315 186 42 regiment
758 1312 192 45 remained
966 1322 50 35 on
1031 1311 96 46 duty
1143 1313 44 44 at
1202 1310 97 47 Fort
1313 1309 122 48 Smith
1449 1309 99 48 until
1569 1308 177 49 January
1760 1307 107 50 16th,

357 1371 114 43 1865,
489 1371 117 43 doing
620 1371 125 43 heavy
765 1370 127 44 escort
913 1367 77 47 and
1011 1366 144 48 fatigue
1170 1365 106 49 duty.
1320 1364 57 50 On
1391 1364 66 50 the
1472 1363 96 51 16th
1584 1363 43 51 of
1642 1362 226 52 September,

357 1425 116 43 1864,
496 1436 26 32 a
543 1425 243 43 detachment
808 1423 43 45 of
866 1423 196 45 forty-two
1084 1430 85 38 men
1190 1419 42 49 of
1248 1418 62 50 Co.
1333 1419 50 49 K,
1405 1418 249 50 commanded
1674 1417 53 51 by
1747 1417 121 51 Lieut.

357 1481 44 34 D.
417 1480 49 35 M.
483 1480 241 42 Sutherland,
740 1479 106 43 while
860 1477 191 45 guarding
1066 1486 24 36 a
1104 1474 249 48 hay-making
1366 1476 118 46 party
1497 1484 92 38 near
1603 1473 98 49 Fort
1716 1471 152 51 Gibson,

358 1546 92 24 were
464 1535 189 43 surprised
669 1534 78 44 and
761 1533 184 45 attacked
959 1533 51 45 by
1033 1542 25 36 a
1076 1531 106 47 large
1202 1527 98 51 force
1322 1529 42 49 of
1379 1529 117 49 rebels
1511 1528 118 50 under
1644 1527 87 51 Gen.
1749 1527 119 51 Gano,

359 1591 77 34 and
452 1590 169 35 defeated
643 1589 98 36 after
762 1599 26 26 a
807 1589 152 42 gallant
979 1587 207 44 resistence,
1203 1585 90 46 with
1315 1595 25 36 a
1353 1584 78 47 loss
1453 1585 43 46 of
1510 1585 235 46 twenty-two
1760 1581 111 50 killed

360 1646 77 34 and
450 1648 66 32 ten
536 1645 377 43 prisoners—among
931 1643 67 45 the
1017 1642 119 46 latter
1156 1641 66 47 the
1242 1640 230 48 Lieutenant
1492 1638 279 50 commanding.
1814 1636 57 52 On

358 1701 67 34 the
439 1700 97 35 16th
551 1700 44 35 of
610 1699 188 42 January,
815 1698 115 43 1865,
946 1698 66 43 the
1025 1697 184 44 regiment
1223 1695 136 46 moved
1373 1696 44 45 to
1439 1693 119 48 Little
1576 1693 116 48 Rock,
1709 1692 117 49 where
1839 1691 33 50 it

361 1755 149 35 arrived
526 1765 50 25 on
590 1755 66 35 the
671 1754 91 36 31st
776 1753 43 37 of
834 1754 66 36 the
921 1762 104 28 same
1045 1751 148 42 month,
1216 1750 85 43 here
1320 1750 34 43 it
1373 1748 190 45 remained
1584 1759 51 34 on
1657 1748 96 45 duty
1774 1746 99 47 until

360 1810 92 42 July
466 1810 116 42 1865,
598 1809 105 43 when
723 1809 33 43 it
777 1818 77 34 was
877 1807 155 45 ordered
1052 1809 45 43 to
1120 1805 91 47 Pine
1229 1805 130 47 Bluffs,
1374 1803 90 49 Ark.
1508 1803 97 49 Here
1623 1803 34 49 it
1670 1801 200 51 remained,

362 1865 117 42 doing
506 1864 177 43 garrison
712 1863 77 44 and
816 1863 124 44 escort
968 1862 107 45 duty,
1091 1860 98 47 until
1211 1859 163 48 October
1395 1858 75 49 1st,
1487 1858 114 49 1865,
1617 1857 103 50 when
1741 1857 34 50 it
1794 1866 78 41 was

361 1919 191 35 mustered
567 1921 71 33 out
653 1918 43 36 of
712 1917 137 37 service
864 1916 77 38 and
956 1915 154 39 ordered
1125 1917 44 37 to
1186 1914 97 40 Fort
1297 1912 274 42 Leavenworth
1591 1912 59 42 for
1670 1911 92 43 final
1780 1921 93 34 pay¬

360 1976 106 32 ment
481 1974 76 34 and
573 1973 206 41 discharge.
823 1971 77 43 The
920 1970 184 44 regiment
1124 1969 164 45 received
1307 1969 53 45 its
1382 1968 91 46 final
1492 1969 184 45 payment
1698 1966 76 48 and
1795 1976 77 38 was

360 2028 225 43 discharged
600 2030 45 41 at
658 2027 99 44 Fort
769 2025 276 46 Leavenworth
1060 2034 51 37 on
1123 2024 68 47 the
1204 2023 97 48 30th
1316 2023 78 48 day
1409 2023 44 48 of
1467 2022 174 49 October,
1658 2020 141 51 1865."

461 2093 98 42 The
574 2093 205 42 heroism
799 2091 53 44 of
862 2091 83 44 the
962 2102 146 42 negro
1127 2089 163 55 people
1309 2089 53 55 of
1373 2088 195 56 Kansas
1587 2101 97 43 was
1702 2089 89 55 not
1810 2086 63 58 all

363 2159 212 43 centered
593 2158 48 44 in
666 2158 97 44 this
792 2170 87 32 one
904 2156 243 56 regiment.
1201 2154 170 58 Elated
1397 2154 114 58 with
1528 2154 83 58 the
1629 2166 178 46 success
1826 2153 52 59 of

360 2225 125 42 their
510 2224 221 43 brethren
758 2223 194 54 already
976 2223 51 54 in
1051 2222 83 55 the
1166 2220 119 57 field,
1321 2220 133 57 there
1487 2232 97 45 was
1620 2231 32 46 a
1685 2218 188 59 general

362 2290 148 42 desire
533 2291 57 41 to
617 2288 204 44 emulate
845 2288 124 44 their
993 2286 157 46 heroic
1176 2286 150 46 deeds.
1381 2285 55 47 In
1463 2283 135 54 June,
1629 2284 143 54 1863,
1791 2285 83 53 the

363 2355 171 44 second
551 2354 229 55 regiment
798 2366 96 43 was
922 2351 252 58 organized
1201 2353 55 56 at
1282 2350 122 59 Fort
1431 2349 151 60 Scott.
1637 2350 98 59 The
1759 2350 114 59 regi¬

362 2421 181 42 mental
570 2419 333 55 organization
928 2431 98 43 was
1052 2416 259 58 completed
1340 2418 55 56 at
1413 2415 123 59 Fort
1554 2414 169 60 Smith,
1742 2415 128 59 Ark.,

362 2488 65 52 by
446 2486 81 54 the
543 2484 262 56 mustering
821 2483 48 57 in
889 2483 53 57 of
961 2483 82 57 the
1060 2481 103 59 field
1184 2481 95 59 and
1298 2480 120 60 staff
1439 2482 192 58 officers.

462 2551 97 40 The
584 2549 228 54 regiment
838 2550 122 53 went
986 2548 104 55 into
1117 2559 137 44 camp
1283 2559 63 44 on
1379 2546 82 57 the
1497 2546 187 57 Poteau
1718 2547 152 56 River,

365 2618 153 41 about
543 2617 97 42 two
667 2615 130 44 miles
824 2614 145 45 south
997 2613 52 46 of
1069 2612 121 47 Fort
1217 2610 166 49 Smith.
1438 2610 122 49 Here
1576 2612 83 47 the
1675 2614 133 45 work
1827 2613 52 46 of

365 2682 105 42 drill
489 2680 95 44 and
603 2679 235 54 discipline
855 2691 97 42 was
969 2679 83 54 the
1078 2677 128 56 daily
1232 2676 188 57 routine
1439 2677 53 56 of
1512 2677 122 56 duty
1651 2679 124 54 until
1791 2679 83 54 the

364 2746 229 56 regiment
618 2743 292 59 maintained
947 2756 31 46 a
1013 2743 161 59 degree
1209 2741 52 61 of
1298 2741 280 61 proficiency
1611 2744 171 58 second
1816 2746 57 56 to

364 2825 124 29 none
504 2811 48 43 in
568 2811 83 43 the
667 2808 147 54 Army
833 2809 53 53 of
904 2809 82 53 the
1003 2807 233 55 Frontier.

466 2876 71 43 On
561 2876 82 43 the
669 2874 121 45 24th
817 2874 53 45 of
888 2872 177 53 March,
1095 2872 141 53 1864,
1272 2873 82 52 the
1388 2873 230 55 regiment
1642 2875 83 53 left
1751 2875 123 53 Fort

364 2943 157 42 Smith
540 2940 95 45 and
653 2939 186 46 started
858 2952 63 33 on
936 2938 133 47 what
1085 2951 97 34 was
1199 2937 171 48 known
1390 2951 54 34 as
1461 2940 83 45 the
1562 2938 204 47 Camden
1784 2940 92 45 Ex-
