2200 3300
721 308 344 42 Department
1094 320 62 30 of
1184 320 94 30 the
1306 307 175 43 South.
1755 305 97 45 251

338 440 107 35 them
460 441 38 34 in
514 452 105 24 more
632 442 99 34 than
753 453 71 23 one
844 443 214 43 campaign,
1076 442 77 44 and
1173 452 104 34 upon
1298 452 104 34 more
1421 442 99 44 than
1534 451 71 35 one
1618 441 146 45 bloody
1778 440 78 46 and

341 495 219 36 disastrous
575 497 96 35 field.

397 551 84 42 "By
494 552 67 41 the
574 553 133 40 failure
722 553 43 40 of
779 554 79 39 this
874 554 146 42 attack,
1036 554 33 42 it
1082 560 77 36 was
1173 553 150 43 evident
1336 553 92 43 that
1441 552 66 44 the
1520 563 98 33 guns
1634 551 43 45 of
1691 551 166 45 "Wagner

341 609 107 32 must
462 607 47 34 be
524 607 157 35 silenced
695 608 126 34 before
835 619 25 23 a
874 609 196 33 successful
1084 609 149 33 assault
1247 608 89 34 with
1357 607 170 41 infantry
1542 606 110 42 dould
1666 607 46 41 be
1725 606 130 43 made;

344 662 89 43 and,
450 662 39 43 in
504 663 112 42 order
635 666 45 39 to
703 664 228 43 accomplish
952 664 89 43 this,
1058 674 25 33 a
1103 664 97 43 siege
1215 663 43 44 of
1272 665 150 42 greater
1437 672 45 35 or
1494 662 72 45 less
1582 661 182 46 duration
1777 671 79 36 was

343 717 184 43 required.
571 718 197 42 Therefore
780 719 237 41 earthworks
1037 729 91 31 were
1148 718 254 42 immediately
1416 716 150 44 thrown
1581 725 50 35 up
1647 718 45 42 at
1705 716 67 44 the
1785 715 72 45 dis¬

343 774 114 32 tance
479 773 43 34 of
538 773 125 35 about
684 784 25 24 a
728 774 199 34 thousand
946 775 117 41 yards
1084 774 97 42 from
1201 774 65 42 the
1279 773 89 43 fort,
1385 772 77 44 and
1476 772 65 44 the
1554 781 98 35 guns
1667 770 78 46 and
1758 781 99 35 mor¬

343 828 88 32 tars
445 827 99 34 from
558 828 110 42 Folly
681 828 133 42 Island
827 829 172 43 brought
1013 839 90 33 over
1116 831 45 41 to
1175 828 46 44 be
1234 827 130 45 placed
1378 827 39 45 in
1437 827 179 45 position.

428 881 122 35 "This
571 882 138 35 Morris
728 883 132 34 Island
880 884 32 34 is
934 884 163 42 nothing
1117 884 72 42 but
1210 890 25 36 a
1261 893 149 33 narrow
1437 882 72 44 bed
1537 882 43 44 of
1602 880 108 46 sand,
1733 881 125 45 about

345 937 108 34 threo
466 937 104 34 miles
584 937 39 34 in
636 938 143 43 length,
795 939 90 42 with
908 949 25 32 a
953 938 162 43 breadth
1129 938 170 43 variable
1318 937 99 44 from
1438 947 26 34 a
1476 937 65 44 few
1555 936 171 45 hundred
1738 936 118 45 yards

345 993 47 32 to
407 1002 26 24 a
446 991 65 35 few
525 992 83 34 feet.
643 992 126 43 Along
782 993 66 42 the
861 993 144 42 central
1019 993 156 43 portion
1190 992 41 44 of
1247 993 66 43 the
1326 992 111 44 lower
1450 992 72 44 end
1537 1002 25 34 a
1575 992 106 44 ridge
1694 991 44 45 of
1746 991 112 45 white

347 1046 98 35 Band
460 1046 84 35 hills
559 1057 154 33 appear,
730 1047 150 43 washed
895 1057 51 33 on
962 1058 70 32 one
1047 1047 77 43 side
1137 1047 52 43 by
1202 1047 66 43 the
1287 1046 98 44 tidal
1399 1057 134 33 waves,
1551 1046 77 44 and
1642 1046 150 44 sloping
1806 1056 51 34 on

346 1101 67 35 the
428 1101 111 35 other
552 1101 84 35 into
650 1101 126 35 broad
791 1102 180 43 marshes,
987 1112 106 33 more
1111 1102 99 43 than
1228 1104 78 41 two
1327 1102 104 43 miles
1444 1101 39 44 in
1504 1101 128 44 width,
1649 1101 77 44 and
1745 1101 114 44 inter¬

347 1156 125 34 sected
485 1156 53 43 by
552 1166 204 33 numerous
778 1156 90 43 deep
889 1156 135 43 creeks.
1066 1156 112 44 Upon
1197 1156 66 44 the
1282 1158 164 42 extreme
1465 1156 183 44 northern
1668 1156 82 44 end,
1765 1156 94 44 Bat¬

345 1212 86 41 tery
448 1209 134 44 Gregg,
598 1211 118 42 which
730 1211 67 42 the
816 1210 118 43 rebels
955 1211 91 42 used
1066 1211 40 42 in
1125 1212 178 42 reducing
1321 1211 99 43 Fort
1433 1211 150 43 Sumter
1595 1211 40 43 in
1649 1210 114 44 1861,
1778 1211 79 43 had

346 1266 93 34 been
453 1265 281 43 strengthened,
752 1266 78 42 and
844 1266 183 42 mounted
1042 1266 90 42 with
1146 1267 71 41 five
1236 1266 124 43 heavy
1373 1277 109 32 guns,
1498 1267 117 42 which
1629 1266 118 43 threw
1759 1266 99 43 their

346 1320 93 35 ehot
453 1331 106 24 more
572 1321 98 34 than
684 1320 85 35 half
783 1331 87 32 way
884 1320 110 43 down
1008 1321 65 42 the
1087 1320 134 43 island.
1263 1321 32 42 A
1316 1321 65 42 few
1400 1321 170 42 hundred
1583 1320 118 43 yards
1714 1321 145 42 farther

347 1375 112 35 down
479 1375 67 35 the
565 1375 136 44 island,
719 1375 78 44 and
819 1378 45 41 at
883 1375 53 44 its
956 1378 210 41 narrowest
1185 1376 167 43 portion,
1369 1386 26 33 a
1415 1378 137 41 strong
1570 1375 79 44 fort
1668 1375 79 44 had
1766 1375 92 44 been

346 1430 158 43 erected,
535 1430 77 43 and
641 1430 130 43 armed
799 1430 91 43 with
912 1432 195 41 seventeen
1127 1441 98 32 guns
1246 1431 77 42 and
1349 1433 181 40 mortars.
1572 1429 90 44 This
1688 1440 78 33 was
1792 1430 68 43 the

346 1485 152 35 famous
513 1485 99 35 Fort
626 1485 181 43 "Wagner;
825 1485 89 43 and,
931 1495 44 33 as
989 1485 52 43 its
1054 1495 150 33 cannon
1218 1485 202 43 prevented
1434 1495 78 33 any
1524 1485 144 43 farther
1680 1495 181 33 progress

347 1551 52 32 up
414 1540 67 43 the
493 1540 137 43 island,
652 1539 35 44 it
707 1550 77 33 was
806 1549 196 34 necessary
1022 1541 45 42 to
1088 1539 131 44 reduce
1237 1539 33 44 it
1290 1539 125 44 before
1435 1550 71 33 our
1525 1539 116 44 forces
1655 1539 111 44 could
1794 1549 67 34 ap¬

347 1595 146 44 proach
507 1605 132 34 nearer
653 1596 44 43 to
713 1594 98 45 Fort
826 1593 160 46 Sumter.

431 1649 70 35 "It
521 1659 79 25 was
619 1649 173 42 thought
812 1648 51 43 by
886 1659 71 32 our
976 1649 188 42 engineers
1178 1648 91 43 that
1283 1659 26 32 a
1321 1649 228 42 continuous
1561 1648 300 43 bombardment

349 1701 40 37 of
410 1714 26 24 a
454 1704 67 34 few
542 1703 97 43 days
660 1703 53 43 by
735 1711 70 35 our
827 1703 96 43 siege
943 1703 182 43 batteries
1147 1703 76 43 and
1243 1703 66 43 the
1328 1703 85 43 fleet
1434 1703 123 43 might
1578 1703 195 43 dismount
1792 1703 68 43 the

347 1758 101 35 rebel
462 1769 162 31 cannon,
641 1758 77 42 and
733 1758 222 42 demoralize
975 1758 65 42 the
1059 1757 186 43 garrison,
1262 1767 43 33 so
1320 1757 92 43 that
1426 1767 71 33 our
1510 1758 117 42 brave
1641 1757 108 43 boys,
1765 1757 52 43 by
1832 1768 27 32 a

349 1813 145 34 Budden
508 1814 103 42 rush,
627 1813 125 43 might
765 1813 91 43 gain
870 1812 214 44 possession
1099 1811 43 45 of
1157 1812 65 44 the
1236 1812 134 44 works.
1412 1812 249 44 Accordingly
1675 1823 72 33 our
1760 1812 99 44 seige

349 1867 105 35 train
475 1878 78 24 was
574 1868 171 42 brought
767 1878 89 32 over
876 1868 98 42 from
994 1865 110 45 Folly
1124 1866 142 44 Island,
1289 1867 77 43 and
1394 1877 25 33 a
1446 1867 156 43 parallel
1621 1867 236 43 commenced

350 1922 126 35 about
503 1933 25 24 a
555 1922 197 35 thousand
778 1922 117 44 yards
922 1922 97 44 from
1046 1921 173 45 "Wagner.
1264 1920 76 46 Our
1367 1932 84 34 men
1478 1921 150 45 worked
1648 1921 90 45 with
1766 1922 90 44 such

348 1988 140 32 energy
507 1977 93 43 that
620 1978 130 42 nearly
771 1978 124 42 thirty
915 1987 149 33 cannon
1087 1975 77 45 and
1186 1978 168 42 mortars
1377 1986 93 34 were
1490 1976 40 44 in
1543 1976 168 44 position
1726 1987 52 33 on
1791 1977 67 43 the

350 2031 98 35 17th
463 2030 45 37 of
521 2031 102 44 July.
668 2032 56 43 On
738 2032 66 43 the
819 2032 95 43 18th
928 2032 43 43 of
986 2032 91 43 July
1096 2031 67 44 the
1182 2031 296 44 bombardment
1491 2031 245 44 commenced.
1780 2031 78 44 The

348 2085 95 36 land
462 2087 183 34 batteries
666 2087 144 43 poured
831 2097 27 33 a
875 2088 162 42 tempest
1058 2086 44 44 of
1117 2086 91 44 shot
1220 2085 84 45 into
1320 2086 66 44 the
1400 2086 115 44 south
1531 2085 77 45 side
1622 2086 43 44 of
1680 2085 175 45 "Wagner,

350 2141 106 35 while
475 2142 66 34 the
560 2142 86 34 fleet
665 2141 138 35 moved
823 2151 51 34 up
894 2143 44 42 to
962 2141 127 44 within
1110 2141 111 44 short
1241 2151 128 34 range,
1394 2140 77 45 and
1491 2140 176 45 battered
1687 2140 66 45 the
1772 2144 86 41 east

351 2196 78 35 Bide
442 2196 91 35 with
547 2197 99 34 their
658 2199 112 40 great
783 2207 109 33 guns.
932 2196 46 44 In
998 2196 65 44 the
1083 2206 111 34 mean
1214 2195 92 45 time
1326 2196 66 44 the
1412 2195 117 45 rebels
1543 2205 91 35 were
1647 2197 73 43 not
1733 2196 122 44 silent,

349 2251 75 35 but
443 2252 190 42 gallantly
654 2252 116 42 stood
790 2254 44 40 to
856 2252 97 42 their
972 2263 108 32 guns,
1102 2251 197 44 returning
1320 2250 91 45 shot
1431 2250 60 45 for
1510 2249 92 46 shot
1628 2250 92 45 with
1746 2253 112 42 great

350 2305 195 45 precision.
588 2306 88 44 But,
693 2307 97 43 after
804 2317 25 33 a
841 2306 66 44 few
920 2306 127 44 hours,
1062 2307 100 43 their
1181 2307 66 43 fire
1267 2305 213 45 slackened;
1502 2315 80 35 gun
1597 2305 97 45 after
1706 2316 79 34 gun
1798 2305 62 45 be¬

350 2370 107 24 came
471 2360 120 44 silent,
608 2371 44 33 as
665 2361 66 43 the
744 2372 85 32 men
842 2372 91 32 were
946 2361 179 43 disabled,
1142 2361 88 43 and,
1246 2361 105 43 when
1370 2360 66 44 the
1457 2360 105 44 clock
1577 2359 130 45 struck
1720 2359 86 45 four
1818 2360 40 44 in

350 2415 68 34 the
432 2414 211 44 afternoon,
659 2415 165 44 "Wagner
836 2426 51 33 no
907 2416 131 43 longer
1057 2416 209 43 responded
1287 2418 45 41 to
1346 2415 66 44 the
1426 2414 143 45 furious
1583 2414 224 45 cannonade
1827 2414 34 45 r*

350 2469 68 36 the
431 2469 156 36 Federal
600 2470 128 36 forces.
770 2470 104 36 Even
887 2470 65 36 the
965 2482 85 24 men
1070 2471 78 35 had
1168 2471 118 35 taken
1308 2470 137 36 shelter
1464 2469 164 37 beneath
1648 2469 67 37 the
1726 2468 132 38 bomb-

350 2524 143 45 proofs,
516 2525 78 44 and
613 2536 52 33 no
686 2525 84 44 sign
791 2526 44 43 of
855 2526 59 43 life
933 2537 77 32 was
1037 2526 132 43 visible
1195 2526 125 43 about
1345 2525 66 44 the
1438 2524 97 45 grim
1571 2523 77 46 and
1681 2523 178 46 battered

350 2578 168 36 fortress.

433 2624 21 17 "
464 2623 117 43 Many
596 2624 44 42 of
654 2636 72 30 our
739 2627 142 39 officers
894 2637 92 29 were
999 2636 86 30 now
1099 2636 43 30 so
1157 2625 123 41 elated
1294 2625 91 41 with
1405 2625 66 41 the
1485 2626 190 41 apparent
1687 2623 120 44 result
1821 2621 38 46 of

352 2677 232 46 demolition,
600 2680 92 43 that
704 2680 92 43 they
809 2680 118 43 urged
949 2679 156 44 General
1126 2679 175 44 Gillmore
1320 2681 45 42 to
1388 2679 111 44 allov
1517 2679 104 44 them
1641 2680 45 43 to
1709 2677 149 46 assault

350 2734 68 35 the
430 2733 79 36 fort
523 2744 44 25 as
582 2744 94 25 soon
692 2745 44 24 as
756 2735 33 35 it
805 2735 148 35 became
968 2735 107 35 dark.
1119 2733 156 37 General
1289 2733 175 37 Gillmore
1477 2733 145 43 yielded
1635 2735 46 41 to
1695 2733 66 43 the
1775 2732 81 44 soli-

349 2788 185 36 ictations
549 2787 44 37 of
606 2789 65 35 the
693 2790 152 43 officers,
861 2790 73 43 but
953 2800 92 33 very
1065 2789 240 44 reluctantly,
1321 2789 59 44 for
1399 2789 47 44 he
1466 2799 77 34 was
1563 2789 73 44 not
1656 2786 203 47 convinced

349 2844 94 36 that
455 2843 67 37 tho
534 2854 138 34 proper
684 2845 92 43 time
789 2845 78 43 had
882 2845 168 43 arrived;
1064 2844 74 44 but
1157 2844 66 44 the
1238 2844 110 44 order
1360 2855 79 33 was
1453 2843 131 45 finally
1595 2843 114 45 ^iven
1723 2841 59 47 for
1794 2841 68 47 the

350 2899 137 35 attack
507 2900 45 34 to
574 2899 91 35 take
683 2900 106 44 place
804 2900 84 44 just
910 2900 97 44 after
1028 2899 107 45 dark.
1178 2898 117 46 Fatal
1315 2910 106 34 error
1442 2909 44 35 as
1506 2901 44 43 to
1572 2898 103 46 time,
1704 2896 59 48 for
1790 2906 72 38 our

347 2957 140 41 troops
501 2954 39 44 in
553 2954 66 44 the
634 2953 169 45 daytime
822 2954 125 44 would
968 2954 99 44 have
1087 2953 91 45 been
1200 2953 205 45 successful,
1422 2953 99 45 since
1540 2952 92 46 they
1652 2949 126 49 would
1790 2951 75 47 not
