2216 3310
948 791 291 48 CHAPTER
1262 794 40 47 I.

907 914 178 36 PUBLIC
1114 915 215 38 OPINION.

447 1024 49 44 It
531 1037 147 32 seems
713 1037 186 44 proper,
945 1026 157 55 before
1145 1028 297 57 attempting
1482 1031 57 54 to
1582 1031 165 54 record
1789 1032 84 53 the

347 1088 346 46 achievements
730 1091 51 43 of
817 1092 84 42 the
943 1105 148 42 negro
1135 1094 196 53 soldiers
1365 1095 50 52 in
1448 1095 83 52 the
1564 1109 100 38 war
1700 1097 52 50 of
1788 1098 84 49 the

346 1156 252 55 Rebellion,
635 1157 116 54 that
792 1170 67 41 we
893 1158 172 53 should
1100 1160 215 51 consider
1348 1161 83 50 the
1465 1164 132 47 state
1632 1163 54 48 of
1713 1165 157 53 public

345 1224 199 55 opinion
561 1223 257 56 regarding
834 1224 83 55 the
934 1237 197 43 negroes
1151 1229 55 51 at
1223 1227 83 53 the
1324 1227 238 53 outbreak
1581 1229 54 51 of
1645 1230 83 50 the
1746 1243 120 42 war;

346 1291 119 53 also,
494 1291 48 53 in
578 1290 279 54 connection
890 1290 262 55 therewith,
1180 1295 55 50 to
1272 1296 114 49 note
1420 1294 82 51 the
1529 1295 138 57 rapid
1686 1297 182 57 change

344 1357 116 42 that
476 1357 124 43 took
618 1358 131 54 place
767 1357 173 56 during
955 1358 83 55 the
1056 1359 132 55 early
1206 1363 114 52 part
1338 1361 54 54 of
1411 1361 83 54 the
1512 1363 227 56 struggle.

445 1423 98 43 For
569 1437 130 29 some
725 1437 152 41 cause,
914 1426 312 54 unexplained
1261 1427 49 53 in
1338 1441 31 39 a
1394 1429 190 56 general
1611 1443 144 42 sense,
1783 1431 84 54 the

346 1489 139 42 white
511 1491 164 54 people
700 1491 49 54 in
774 1491 83 54 the
882 1490 212 55 Colonies
1122 1493 95 52 and
1244 1493 49 52 in
1326 1494 84 51 the
1445 1494 175 55 States,
1651 1510 132 39 came
1807 1501 58 48 to

346 1556 239 42 entertain
621 1557 194 55 against
848 1558 82 54 the
964 1559 187 53 colored
1185 1573 132 39 races
1351 1562 182 50 therein
1560 1576 32 36 a
1617 1564 244 55 prejudice,

345 1621 115 42 that
488 1622 187 43 showed
701 1623 127 43 itself
848 1624 49 42 in
924 1638 30 29 a
979 1626 222 56 hostility
1225 1629 57 53 to
1317 1627 83 55 the
1424 1628 190 54 latter's
1640 1631 225 58 enjoying

347 1688 139 54 equal
505 1688 106 54 civil
630 1690 94 52 and
751 1690 211 55 political
987 1692 154 55 rights
1166 1693 116 54 with
1307 1694 295 53 themselves.
1656 1695 206 52 Various

347 1765 196 32 reasons
564 1766 79 31 are
662 1755 177 57 alleged
857 1757 73 55 for
954 1758 53 54 it,
1028 1759 89 53 but
1141 1760 84 52 the
1251 1761 230 55 difficulty
1500 1759 53 57 of
1573 1763 148 55 really
1739 1766 124 52 solv¬

346 1817 83 57 ing
453 1820 82 54 the
563 1821 211 55 problem
799 1823 80 53 lies
904 1823 49 53 in
977 1825 82 51 the
1083 1825 99 51 fact
1207 1827 116 49 that
1348 1827 83 49 the
1456 1828 132 55 early
1606 1830 188 53 settlers
1812 1831 50 52 in

343 1885 99 42 this
470 1888 205 54 country
700 1901 129 41 came
854 1890 203 52 without
1083 1892 231 55 prejudice
1340 1894 197 55 against
1564 1896 143 53 color.
1763 1897 98 52 The

343 1949 168 57 Negro,
535 1952 256 57 Egyptian,
813 1955 142 54 Arab,
978 1958 93 51 and
1099 1959 139 50 other
1256 1960 188 49 colored
1462 1973 131 36 races
1611 1962 174 47 known
1803 1966 56 43 to

339 2017 146 54 them,
507 2019 122 52 lived
647 2020 48 51 in
713 2020 253 57 European
992 2025 250 53 countries,
1262 2026 150 52 where
1437 2040 64 38 no
1529 2028 243 54 prejudice,
1794 2043 66 39 on

341 2087 204 41 account
564 2086 54 43 of
637 2087 129 43 color
783 2088 194 44 existed.
1030 2089 123 44 How
1186 2104 115 42 very
1320 2094 198 54 strange
1534 2093 130 55 then,
1684 2095 116 53 that
1827 2109 33 39 a

337 2148 165 59 feeling
548 2154 325 55 antagonistic
913 2157 57 52 to
1012 2157 83 52 the
1137 2170 197 43 negroes
1379 2158 171 55 should
1594 2160 189 53 become
1828 2175 31 38 a

338 2218 271 54 prominent
634 2219 181 53 feature
840 2220 50 52 in
906 2222 84 50 the
1015 2223 246 49 character
1288 2223 53 49 of
1369 2224 83 48 the
1469 2223 255 58 European
1750 2227 108 54 emi¬

337 2286 172 53 grants
526 2287 56 52 to
599 2286 132 53 these
749 2286 162 53 shores
931 2289 95 50 and
1043 2289 125 50 their
1189 2287 324 52 descendants.
1568 2290 48 49 It
1634 2292 89 47 has
1741 2292 117 47 been

337 2349 104 43 held
461 2351 64 55 by
543 2364 130 42 some
689 2352 181 54 writers
896 2354 114 52 that
1036 2354 83 52 the
1136 2353 248 53 American
1410 2356 230 53 prejudice
1660 2358 196 54 against

335 2416 83 43 the
436 2430 195 43 negroes
648 2431 98 42 was
766 2418 278 55 occasioned
1062 2419 65 54 by
1144 2419 124 54 their
1287 2419 197 55 docility
1503 2422 96 52 and
1617 2426 239 48 unresent-

334 2481 84 57 ing
443 2483 151 56 spirit.
649 2483 166 57 Surely
838 2498 64 42 no
932 2497 88 43 one
1039 2483 286 57 acquainted
1342 2484 116 56 with
1475 2486 83 54 the
1575 2486 172 54 Indian
1765 2489 92 51 will

335 2561 138 43 agree
490 2550 116 54 that
622 2550 59 54 he
698 2550 40 54 is
757 2550 148 54 docile
932 2563 57 41 or
1012 2549 216 55 wanting
1252 2549 50 55 in
1327 2549 153 55 spirit,
1508 2554 83 51 yet
1618 2554 238 51 occasion¬

334 2614 98 56 ally
465 2617 134 53 there
632 2616 40 54 is
716 2615 281 55 manifested
1041 2626 32 44 a
1115 2613 229 57 prejudice
1379 2616 195 54 against
1616 2618 119 53 him;
1772 2620 83 51 the

332 2682 258 57 recruiting
625 2682 180 57 officers
839 2681 50 58 in
922 2678 380 61 Massachusetts
1328 2679 179 60 refused
1532 2684 56 55 to
1615 2684 140 55 enlist
1780 2684 74 55 In¬

332 2747 154 55 dians,
525 2761 55 41 as
614 2748 101 54 well
750 2760 55 42 as
840 2757 210 45 negroes,
1088 2743 48 59 in
1170 2743 253 59 regiments
1451 2747 96 55 and
1582 2749 271 53 companies

332 2815 141 43 made
489 2828 66 42 up
575 2814 54 56 of
647 2813 143 57 white
807 2811 203 59 citizens,
1030 2808 189 62 though
1245 2810 228 60 members
1492 2812 53 58 of
1565 2812 122 58 both
1704 2826 146 44 races,

330 2881 142 43 could
491 2879 273 45 sometimes
781 2877 58 47 be
856 2873 149 51 found
1022 2873 49 51 in
1087 2873 141 51 white
1244 2874 267 54 regiments.
1565 2876 180 56 During
1769 2879 83 53 the

706 2966 25 35 6
1539 2963 102 54 (93)
