2217 3311
345 310 98 43 294
658 318 222 45 History
906 331 64 32 of
996 333 96 30 the
1118 321 165 43 Black
1308 322 251 42 Phalanx.

345 446 93 36 that
463 449 92 34 time
576 460 25 24 a
621 452 145 34 reward
786 453 111 34 could
923 453 47 34 be
996 453 157 34 claimed
1180 452 60 35 for
1266 453 197 42 returning
1489 451 161 44 fugitive
1665 449 136 46 slaves.
1844 447 21 48 I

345 502 98 34 took
457 504 137 43 charge
609 506 43 41 of
667 506 115 43 them,
799 508 78 41 and
898 508 197 42 assuming
1115 517 25 33 a
1155 510 103 40 stern
1278 507 93 43 look
1392 506 76 44 and
1483 515 170 35 manner,
1671 500 192 50 enquired,

346 556 150 38 'Where
524 568 64 26 are
613 570 80 32 you
719 561 162 42 going?'
925 561 143 42 'Going
1094 563 45 40 to
1160 562 66 41 the
1246 561 152 42 Yankee
1419 559 134 44 army.'
1598 558 139 45 'What
1764 556 99 47 for?'

347 611 83 34 'We
445 616 122 31 wants
581 617 45 31 to
641 615 46 33 be
699 615 83 42 free,
799 615 76 42 sir.'
919 616 77 41 'All
1016 616 115 41 right,
1154 625 79 32 you
1255 625 64 32 are
1339 616 83 41 free,
1437 625 52 32 go
1514 614 117 43 where
1650 621 80 36 you
1746 610 118 47 wish.'

345 664 79 36 The
438 668 241 35 satisfaction
692 669 92 34 that
799 680 104 23 came
916 672 44 31 to
977 680 57 23 me
1048 670 97 34 from
1159 669 98 35 their
1272 669 201 35 heartfelt'
1482 667 192 42 thank'ee,
1684 666 182 43 thank'ee

345 721 76 42 sir,'
436 732 99 32 gave
562 734 58 30 me
647 734 105 30 some
778 724 99 40 faint
903 723 145 42 insight
1075 724 84 41 into
1187 723 66 42 the
1280 723 157 42 sublime
1453 723 69 43 joy
1550 722 95 44 that
1665 721 67 45 the
1752 723 115 43 great

344 777 263 42 emancipator
621 780 104 39 must
739 779 99 40 have
851 778 66 41 felt
936 778 105 41 when
1061 778 46 41 he
1127 777 145 42 penned
1286 777 66 42 the
1365 777 198 42 immortal
1577 775 289 44 proclamation

343 830 93 34 that
451 834 58 31 set
521 830 73 36 free
607 832 86 34 four
707 833 163 33 millions
886 831 43 35 of
944 832 144 34 human
1101 831 144 42 beings.

425 885 22 17 "
457 886 117 34 These
587 897 85 23 men
687 886 202 34 afterward
903 886 156 35 enlisted
1075 886 39 35 in
1128 896 65 31 my
1206 886 196 42 regiment,
1419 885 79 43 and
1513 886 65 42 did
1592 884 106 44 good
1713 886 151 42 service.

345 938 78 35 One
444 940 88 43 day,
549 951 44 32 as
614 950 52 33 we
688 951 91 32 were
800 951 51 32 on
871 941 66 42 the
958 940 140 43 march,
1115 940 304 43 they—through
1439 940 100 43 their
1559 940 306 43 lieutenant—re¬

343 994 152 34 minded
515 1004 59 25 me
595 995 44 34 of
659 996 66 33 the
745 995 281 43 circumstance,
1049 995 118 43 which
1193 995 93 43 they
1314 995 145 43 seemed
1479 996 46 42 to
1546 996 206 42 remember
1772 996 92 42 with

342 1048 113 42 lively
470 1050 207 41 gratitude.

425 1103 110 34 "The
555 1104 58 33 six
633 1104 217 42 companies
872 1106 45 40 at
938 1104 230 43 Bridgeport
1188 1115 93 32 were
1300 1105 93 42 kept
1413 1113 94 35 very
1532 1105 126 43 busily
1679 1108 46 40 at
1745 1107 117 44 work,

344 1157 78 34 and
436 1157 78 34 had
528 1158 72 34 but
613 1158 99 34 little
727 1159 255 42 opportunity
1002 1159 60 42 for
1083 1158 95 43 drill.
1220 1159 358 44 Notwithstanding
1591 1161 106 42 these
1712 1162 152 41 difficul¬

342 1211 84 43 ties,
448 1212 182 43 however,
652 1213 257 42 considerable
928 1223 179 33 progress
1128 1224 78 32 was
1227 1214 112 42 made
1359 1215 40 41 in
1420 1215 98 41 both
1539 1216 85 40 drill
1639 1217 77 39 and
1732 1217 132 44 discip¬

342 1266 84 34 line.
468 1266 20 34 I
502 1267 111 34 made
627 1270 151 32 earnest
791 1268 131 34 efforts
936 1270 45 32 to
995 1271 67 40 get
1075 1268 66 43 the
1154 1269 185 42 regiment
1353 1270 131 41 united
1499 1271 78 40 and
1591 1271 158 40 relieved
1763 1272 100 39 from

343 1330 45 24 so
409 1321 111 33 much
541 1321 122 42 labor,
685 1322 40 41 in
746 1322 111 41 order
876 1323 93 40 that
988 1323 93 42 they
1102 1324 125 43 might
1247 1324 46 43 be
1313 1324 184 44 prepared
1518 1325 60 43 for
1598 1325 158 43 efficient
1776 1327 86 41 field

343 1375 139 34 service
497 1386 44 24 as
556 1376 168 34 soldiers.

425 1430 76 34 "In
515 1429 176 44 January
713 1430 19 43 I
753 1432 78 41 had
854 1442 25 31 a
897 1433 178 43 personal
1096 1432 190 44 interview
1307 1435 91 41 with
1414 1435 156 41 General
1584 1436 181 44 Thomas,
1784 1438 77 42 and

343 1486 151 33 secured
522 1496 51 23 an
601 1485 112 35 order
739 1487 152 42 uniting
916 1488 67 41 the
1009 1489 184 42 regiment
1221 1492 45 39 at
1294 1489 285 44 Chattanooga.
1623 1492 66 41 We
1708 1493 153 40 entered

342 1549 112 34 camp
474 1540 107 43 there
600 1541 119 42 under
738 1542 67 41 the
826 1542 157 41 shadow
1004 1543 42 40 of
1063 1543 184 40 Lookout
1261 1543 213 45 Mountain,
1492 1547 77 41 and
1583 1547 39 41 in
1636 1546 66 42 full
1715 1548 92 40 view
1822 1548 44 40 of

341 1594 159 35 Mission
515 1594 128 45 Ridge,
653 1596 39 43 in
701 1595 206 45 February,
917 1597 115 43 1864.
1055 1598 145 43 During
1214 1599 65 42 the
1294 1610 104 31 same
1411 1601 137 40 month
1563 1601 191 43 Adjutant
1769 1602 91 42 Gen¬

341 1650 81 34 eral
441 1649 171 36 Lorenzo
635 1651 180 44 Thomas,
831 1652 98 43 from
950 1652 267 44 Washington,
1240 1655 91 41 then
1353 1665 51 31 on
1426 1666 25 30 a
1471 1658 92 38 tour
1577 1657 43 39 of
1635 1657 224 44 inspection,

341 1705 140 34 Visited
501 1715 66 33 my
587 1706 195 43 regiment,
806 1707 78 42 and
905 1708 222 41 authorized
1149 1719 58 30 me
1226 1712 45 37 to
1294 1710 210 39 substitute
1523 1711 66 38 the
1602 1711 106 44 eagle
1720 1712 60 43 for
1794 1713 67 42 the

342 1760 112 34 silver
468 1760 83 35 leaf.

424 1814 308 45 "Chattanooga
758 1823 78 36 was
865 1819 45 40 at
929 1817 92 42 that
1041 1818 91 41 time
1153 1818 65 41 the
1240 1819 276 43 headquarters
1537 1821 43 41 of
1595 1822 66 40 the
1682 1822 116 43 Army
1820 1822 43 43 of

341 1870 67 34 the
423 1869 260 36 Cumberland.
727 1869 76 36 Gen
818 1871 169 35 Thomas
1003 1873 76 33 and
1094 1873 101 43 staff,
1214 1874 77 42 and
1307 1885 25 31 a
1345 1876 257 40 considerable
1622 1879 92 41 part
1735 1878 43 42 of
1793 1878 66 42 the

342 1934 111 32 army
461 1935 92 31 were
567 1926 115 40 there.
706 1924 78 42 Our
797 1936 111 34 camp
922 1937 78 33 was
1014 1927 79 43 laid
1108 1931 71 39 out
1193 1929 88 41 with
1297 1933 113 39 great
1423 1931 222 44 regularity;
1662 1942 72 33 our
1747 1943 113 32 quar¬

341 1981 80 32 ters
441 1989 92 25 were
553 1980 247 43 substantial,
823 1981 250 42 comfortable
1094 1982 77 41 and
1193 1984 77 39 well
1288 1983 106 44 kept.
1437 1985 79 42 The
1542 1987 185 42 regiment
1752 1998 107 31 num¬

340 2034 114 34 bered
481 2044 25 24 a
532 2034 197 35 thousand
756 2045 96 33 men,
868 2035 91 43 with
988 2046 25 32 a
1033 2037 65 41 full
1119 2038 244 43 compliment
1385 2039 43 42 of
1443 2040 95 43 field,
1562 2041 101 43 staff,
1685 2042 74 42 line
1780 2043 78 41 and

341 2089 381 35 non-commissioned
737 2090 154 34 officers.
921 2090 65 34 We
1000 2091 78 34 had
1093 2101 25 26 a
1132 2093 105 42 good
1253 2094 108 41 drum
1377 2105 122 33 corps,
1516 2096 77 42 and
1615 2107 26 31 a
1654 2096 104 42 band
1772 2107 86 33 pro¬

341 2142 113 34 vided
480 2141 91 36 with
599 2153 26 24 a
652 2147 59 31 set
738 2145 43 33 of
796 2145 198 42 expensive
1021 2146 111 41 silver
1159 2148 261 39 instruments.
1462 2149 66 38 We
1548 2161 92 26 were
1661 2152 83 35 also
1764 2153 94 41 fully

341 2197 201 42 equipped;
565 2198 65 41 the
651 2208 84 31 men
757 2209 91 30 were
870 2200 129 39 armed
1020 2201 91 38 with
1138 2202 105 40 riflpd
1271 2204 181 43 muskets,
1484 2205 77 42 and
1588 2206 79 41 well
1692 2207 163 40 clothed.

342 2251 104 41 They
466 2262 92 30 were
578 2252 78 40 well
677 2253 130 39 drilled
828 2254 39 38 in
886 2255 67 37 the
974 2256 156 36 manual
1153 2257 43 35 of
1212 2267 114 33 arms,
1350 2259 76 41 and
1448 2260 99 40 took
1567 2263 112 40 great
1698 2262 106 42 pride
1817 2262 39 42 in

342 2306 209 42 appearing
566 2316 50 32 on
630 2308 144 41 parade
789 2308 90 41 with
895 2318 103 31 arms
1012 2310 214 44 burnished,
1243 2312 99 42 belts
1362 2314 182 43 polished,
1561 2316 110 41 shoes
1685 2316 170 43 blacked,

340 2360 144 33 clothes
498 2360 174 42 brushed,
688 2361 39 41 in
748 2362 64 40 full
833 2364 217 41 regulation
1072 2365 174 44 uniform,
1268 2367 193 44 including
1481 2369 112 42 white
1612 2371 142 41 gloves.
1798 2372 58 40 On

340 2424 112 31 every
466 2414 177 42 pleasant
658 2416 76 42 day
756 2426 71 32 our
847 2419 164 41 parades
1032 2429 92 31 were
1144 2421 196 39 witnessed
1362 2422 51 41 by
1434 2423 154 43 officers,
1605 2424 157 42 soldiers
1777 2427 79 39 and

340 2468 150 34 citizens
511 2467 98 35 from
629 2469 66 33 the
715 2470 134 43 North,
874 2472 76 41 and
971 2472 34 41 it
1025 2483 78 30 was
1123 2477 73 36 not
1216 2485 229 28 uncommon
1465 2479 45 34 to
1532 2478 99 35 have
1650 2482 78 32 two
1743 2482 113 34 thou¬

341 2522 97 34 sand
453 2524 226 40 spectators.
722 2523 111 41 Some
846 2535 106 29 came
971 2530 45 34 to
1037 2529 111 35 make
1168 2532 122 40 sport,
1307 2540 104 32 some
1424 2531 98 41 from
1537 2533 196 45 curiosity,
1751 2546 106 32 some

339 2576 159 34 because
517 2577 33 33 it
570 2587 79 23 was
668 2578 66 33 the
754 2579 160 43 fashion,
939 2581 76 41 and
1038 2582 128 40 others
1188 2583 94 39 from
1307 2594 24 28 a
1352 2585 158 41 genuine
1531 2586 117 40 desire
1662 2591 45 35 to
1724 2600 57 26 see
1795 2591 60 35 for

338 2630 224 35 themselves
576 2631 105 34 what
695 2635 85 31 sort
794 2633 44 33 of
852 2634 158 43 looking
1024 2636 156 41 soldiers
1194 2647 157 32 negroes
1366 2639 122 40 would
1504 2641 122 38 make.

421 2684 82 34 "At
523 2685 66 33 the
609 2685 92 34 time
721 2686 91 34 that
832 2688 66 33 the
918 2689 104 33 work
1044 2690 43 33 of
1103 2691 222 42 organizing
1344 2692 151 41 colored
1516 2696 137 42 troops
1674 2697 125 44 began
1813 2699 41 42 in

339 2739 67 34 the
425 2738 115 42 West,
562 2739 106 41 there
688 2749 77 31 was
787 2751 25 29 a
831 2744 112 39 great
965 2743 83 40 deal
1070 2744 43 39 of
1129 2744 117 39 bitter
1265 2746 184 42 prejudice
1470 2749 158 41 against
1648 2751 66 39 the
1727 2763 127 27 move¬

336 2795 119 40 ment,
472 2793 77 42 and
563 2793 111 42 white
687 2796 137 40 troops
839 2796 222 40 threatened
1076 2800 43 36 to
1135 2798 133 42 desert,
1285 2799 29 41 if
1331 2800 65 40 the
1409 2800 91 42 plan
1521 2803 138 39 should
1673 2806 46 36 be
1733 2809 120 41 really

336 2848 147 33 carried
499 2849 81 32 out.
622 2847 125 34 Those
760 2848 83 34 who
865 2851 150 33 entered
1036 2852 65 34 the
1122 2852 136 34 service
1278 2862 92 25 were
1383 2854 243 42 stigmatized
1641 2869 45 27 as
1702 2861 152 43 'nigger

339 2901 168 42 officers,'
538 2901 76 42 and
641 2911 116 33 negro
786 2903 156 41 soldiers
963 2915 92 29 were
1074 2905 143 39 hooted
1239 2908 45 36 at
1304 2907 77 37 and
1402 2909 244 38 mal-treated
1666 2914 52 42 by
1738 2916 116 40 white

339 2965 102 25 ones.
