2200 3300
732 280 237 45 Officers
996 293 63 32 of
1086 292 96 33 the
1209 280 253 45 Phalanx.

1763 275 95 43 169

437 411 103 45 The
564 414 109 45 first
699 414 198 45 Kansas
931 415 228 56 regiment
1191 414 150 57 which
1383 412 230 59 recruited
1655 412 50 59 in
1746 413 117 58 that

336 477 159 58 State,
516 482 325 56 commencing
857 483 49 55 in
922 483 202 55 August,
1146 481 142 57 1862,
1307 493 99 45 was
1425 480 104 58 also
1547 480 250 58 fortunate
1813 480 50 58 in

338 546 187 57 having
541 547 192 56 Colonel
749 548 55 55 R.
816 548 46 55 J.
883 548 200 55 Hinton.

443 612 199 46 General
659 615 178 54 Butler,
860 618 55 51 at
932 615 105 54 New
1065 614 207 55 Orleans,
1300 627 98 42 was
1424 613 255 56 prevented
1697 613 69 56 by
1781 613 83 56 cir¬

340 683 301 41 cumstances
668 682 322 56 surrounding
1014 682 97 56 him
1147 684 55 54 at
1226 681 83 57 the
1333 680 129 58 time,
1482 680 123 58 from
1632 680 232 58 choosing

341 759 185 44 among
542 748 84 55 the
642 747 173 56 friends
835 748 53 55 of
906 749 83 54 the
1006 761 145 43 negro
1170 761 119 43 race,
1303 760 54 44 as
1376 759 96 45 was
1489 746 84 58 the
1590 759 107 45 case
1714 746 49 58 in
1780 746 85 58 the

340 812 161 44 before
526 814 272 43 mentioned
832 815 267 55 regiments,
1136 828 106 42 men
1267 817 56 53 to
1350 813 253 57 command
1638 813 84 57 the
1755 813 108 57 first

343 880 98 42 and
461 881 172 42 second
652 881 255 54 regiments
918 881 252 55 organized
1180 881 64 55 by
1253 880 99 56 him
1368 880 49 56 in
1433 880 83 56 the
1527 879 154 57 above
1690 879 172 57 named

342 945 114 56 city,
475 946 49 55 in
542 946 204 55 August,
769 946 143 55 1862.
958 946 73 55 He
1049 960 97 41 was
1165 947 113 54 only
1294 949 89 52 too
1402 946 112 55 glad
1532 948 56 53 to
1607 946 98 55 find
1723 945 141 56 white

343 1024 108 30 men
470 1012 54 42 of
535 1012 215 55 military
768 1013 222 55 capacity
1006 1015 57 53 to
1081 1013 116 55 take
1214 1013 170 55 charge
1395 1012 53 56 of
1459 1012 82 56 the
1558 1011 190 57 drilling
1766 1011 97 57 and

342 1078 301 56 disciplining
660 1078 55 56 of
733 1079 84 55 the
833 1081 187 53 troops.
1073 1079 66 55 As
1157 1091 64 43 an
1239 1079 286 55 experiment
1542 1078 57 56 he
1616 1091 98 43 was
1732 1091 133 43 more

340 1143 127 43 than
492 1144 141 55 lucky
658 1144 49 55 in
732 1144 84 55 the
842 1145 337 55 appointment
1206 1145 53 55 of
1279 1145 210 55 Colonels
1525 1143 213 57 Stafford
1766 1145 97 55 and

342 1209 191 43 Daniels
558 1212 58 41 to
642 1210 84 43 the
752 1211 255 42 command
1035 1211 54 42 of
1109 1211 130 43 these
1264 1211 266 55 regiments,
1552 1210 228 56 seconded
1798 1211 66 55 by

342 1274 154 45 Lieut.
526 1275 120 44 Cols.
675 1276 199 43 Bassett
901 1276 95 43 and
1024 1276 128 53 Hall,
1183 1277 95 52 and
1305 1277 260 55 Finnegass
1593 1277 54 55 of
1665 1277 83 55 the
1774 1277 89 55 3rd

341 1340 264 57 Regiment.
667 1341 150 56 These
852 1342 180 55 officers
1067 1343 179 55 proved
1279 1343 277 55 themselves
1591 1344 190 54 worthy
1816 1344 54 54 of

341 1408 84 42 the
450 1410 133 40 trust
609 1408 199 55 reposed
834 1408 50 55 in
909 1408 145 55 them,
1085 1409 95 54 and
1207 1409 138 54 made
1369 1409 132 54 these
1526 1409 267 54 regiments,
1813 1409 50 54 in

341 1474 109 42 drill
469 1474 97 42 and
593 1474 253 55 discipline,
875 1474 171 55 second
1072 1476 56 53 to
1155 1487 122 42 none
1303 1474 47 55 in
1376 1474 82 55 the
1485 1474 311 55 Department
1816 1475 54 54 of

341 1540 86 42 the
445 1538 120 44 Gulf.
618 1539 448 56 Notwithstanding
1090 1540 82 55 the
1198 1540 219 55 captains
1436 1540 96 55 and
1551 1541 314 54 subordinate

345 1605 182 43 officers
554 1605 54 44 of
627 1605 84 44 the
736 1605 107 44 first
870 1606 95 43 and
992 1605 170 44 second
1189 1606 252 54 regiments
1466 1618 115 42 were
1607 1619 120 41 men,
1755 1607 106 53 who

344 1671 93 42 like
453 1671 141 43 those
611 1671 49 43 in
680 1684 31 30 a
727 1670 133 56 large
887 1671 226 55 majority
1140 1671 54 55 of
1212 1672 82 54 the
1319 1672 139 54 white
1484 1672 254 54 regiments
1763 1673 99 53 had

345 1749 142 30 never
504 1737 141 42 made
663 1749 130 30 arms
813 1749 30 30 a
869 1736 275 55 profession,
1166 1737 108 54 and,
1302 1737 121 54 who,
1451 1737 213 56 through
1689 1738 174 55 Ameri¬

346 1815 91 30 can
480 1802 244 55 prejudice,
761 1802 97 55 had
906 1803 85 54 but
1032 1815 115 42 very
1179 1803 180 54 limited
1403 1804 350 54 opportunities
1787 1805 76 53 for

347 1867 249 56 acquiring
612 1880 114 43 even
744 1868 82 55 the
844 1868 261 55 rudiments
1123 1868 54 55 of
1196 1881 32 42 a
1246 1881 220 42 common
1484 1869 196 58 English
1698 1871 164 56 educa¬

344 1934 122 42 tion.
521 1932 188 44 Several
727 1933 55 43 of
792 1934 143 52 them,
956 1934 225 53 however,
1194 1935 140 55 being
1350 1936 276 54 mulattoes,
1647 1937 97 53 had
1762 1938 99 52 had

344 2012 135 30 some
495 1999 216 55 training
726 1999 50 55 in
793 2000 82 54 the
892 1999 186 55 schools
1097 2001 54 53 of
1169 2001 82 53 the
1268 2002 226 54 parishes,
1517 2003 95 53 and
1631 2015 131 41 some
1779 2004 83 52 few

346 2065 50 42 in
413 2065 83 42 the
512 2064 165 56 higher
695 2065 188 55 schools
902 2066 53 54 of
974 2065 192 55 France,
1188 2068 96 52 and
1310 2068 48 52 in
1383 2068 83 52 the
1491 2068 188 52 Islands
1706 2070 54 50 of
1779 2071 83 49 the

345 2130 256 44 Carribean
619 2130 101 44 Sea.
775 2130 111 56 Maj.
908 2131 191 55 Dumas,
1121 2133 54 53 of
1192 2133 83 53 the
1302 2133 93 53 2nd
1424 2133 260 56 Regiment,
1704 2136 158 53 whose

346 2196 156 43 slaves
521 2197 253 55 composed
792 2198 163 55 nearly
973 2209 89 44 one
1078 2199 148 54 whole
1252 2208 251 47 company,
1524 2214 97 41 was
1640 2214 32 41 a
1688 2203 174 54 gentle¬

347 2275 116 30 man
481 2262 55 43 of
554 2263 90 42 fine
660 2266 106 41 tact
785 2264 94 43 and
900 2264 182 56 ability,
1104 2278 55 42 as
1178 2278 114 42 were
1310 2266 176 54 others.

447 2327 304 58 Considering
774 2330 116 55 that
914 2331 114 54 they
1046 2344 114 41 were
1178 2332 64 53 all
1260 2345 211 42 negroes,
1491 2333 91 54 free
1601 2334 94 53 and
1716 2334 145 54 slave,

345 2394 126 44 their
489 2394 121 44 dash
629 2396 95 42 and
743 2397 163 54 manly
923 2410 217 42 courage,
1160 2410 65 42 no
1250 2398 91 54 less
1367 2399 124 53 than
1508 2399 124 53 their
1649 2400 216 56 military

347 2461 236 55 aptitude,
610 2474 98 42 was
734 2463 152 54 equal,
916 2463 94 54 and
1036 2464 50 53 in
1111 2476 148 42 many
1286 2464 237 54 instances
1551 2467 226 53 superior,
1805 2470 58 50 to

344 2528 143 42 those
504 2527 147 43 found
667 2527 50 43 in
733 2528 82 42 the
833 2529 253 55 regiments
1105 2530 53 54 of
1169 2529 157 55 Maine
1345 2530 95 54 and
1461 2530 106 54 New
1583 2530 146 54 York.
1765 2533 100 51 The

346 2593 90 43 3rd
454 2592 247 57 Regiment
717 2607 98 42 was
834 2596 210 53 officered
1063 2596 65 54 by
1146 2596 195 54 soldiers
1361 2597 53 53 of
1436 2598 280 52 undoubted
1734 2600 132 50 char¬

345 2662 134 41 acter
497 2659 96 44 and
611 2660 151 54 pluck,
784 2673 55 41 as
864 2662 116 54 they
1006 2662 176 55 proved
1210 2663 280 54 themselves
1517 2667 57 50 to
1602 2665 70 52 be,
1694 2665 172 56 during

343 2726 85 44 the
462 2725 124 56 seige
621 2726 53 55 of
694 2726 122 55 Port
849 2727 218 54 Hudson,
1104 2730 247 55 especially
1386 2730 134 57 Capt.
1553 2732 169 55 Quinn,
1758 2733 107 54 who

342 2806 110 31 won
470 2792 280 45 distinction
768 2795 96 42 and
882 2795 292 55 promotion,
1197 2809 54 41 as
1268 2797 83 53 the
1369 2799 162 51 record
1553 2800 169 50 shows.
1768 2799 99 51 The

342 2859 259 57 regiments
626 2858 155 58 raised
806 2861 256 55 thereafter
1087 2874 115 42 were
1237 2862 224 55 officered,
1501 2879 131 38 more
1670 2880 56 37 or
1758 2867 105 53 less,

342 2926 67 57 by
434 2926 85 57 the
543 2926 477 57 non-commissioned
1048 2927 178 56 officers
1245 2928 54 55 of
1317 2929 82 54 the
1425 2930 141 53 white
1591 2932 273 56 regiments,

663 2992 25 35 9
