2200 3300
864 268 106 41 The
996 269 165 42 Black
1188 270 151 43 Flag.

1767 270 96 43 349

334 392 80 34 and
427 395 155 43 greatly
596 398 251 42 exasperated
864 409 72 31 our
950 410 95 32 men,
1063 401 78 41 and
1162 401 38 41 in
1222 402 65 40 the
1308 401 183 43 break-up
1506 401 66 43 the
1587 401 111 43 affair
1712 401 154 43 became

334 456 107 25 more
455 449 74 34 like
544 461 25 23 a
583 451 99 35 hunt
696 452 59 34 for
770 453 85 33 wild
869 464 113 32 game
995 455 99 41 than
1109 466 25 30 a
1149 455 125 41 battle
1288 456 164 40 between
1467 456 164 40 civilized
1647 457 122 39 men."

434 524 58 42 In
510 525 74 44 his
603 528 289 55 description
912 530 53 53 of
984 531 83 52 the
1087 532 155 51 battle
1260 534 56 49 at
1334 532 173 51 Brice's
1525 532 139 51 Cross
1683 534 179 54 Koads,

334 591 57 42 he
409 604 138 41 says:

416 680 21 17 "
448 680 79 34 The
540 681 120 34 entire
674 681 246 37 Confederate
934 684 99 34 force
1055 695 78 24 was
1155 685 171 43 brought
1347 686 85 42 into
1448 687 131 41 action
1594 691 45 37 at
1654 699 103 29 once.
1798 689 68 39 "We

334 735 92 43 kept
454 745 51 33 no
534 746 184 34 reserves;
740 747 113 33 every
880 742 220 38 movement
1126 750 79 30 was
1228 741 151 42 quickly
1400 743 165 42 planned
1587 744 77 41 and
1685 744 180 41 executed

335 790 89 34 with
446 791 67 34 the
529 795 178 39 greatest
728 792 163 43 celerity.
933 794 33 41 A
987 797 140 40 potent
1146 795 127 42 factor
1295 797 118 40 which
1435 798 112 39 made
1573 799 66 38 the
1659 799 126 38 battle
1804 800 63 37 far

334 846 172 34 bloodier
519 847 100 34 than
639 847 34 35 it
694 848 126 34 would
840 848 99 35 have
960 849 103 43 been,
1087 860 79 32 was
1180 851 33 41 it
1228 851 113 44 being
1355 854 189 42 reported,
1561 854 78 42 and
1653 854 94 42 with
1759 864 106 32 some

336 901 131 43 degree
488 902 44 42 of
546 903 124 42 truth,
686 903 94 42 that
800 903 67 42 the
887 915 158 33 negroes
1068 905 77 43 had
1167 906 93 42 been
1282 916 125 32 sworn
1429 919 51 29 on
1500 909 100 39 their
1612 909 112 39 knees
1738 910 39 38 in
1791 910 75 38 line

335 957 125 34 before
486 957 154 43 leaving
667 957 185 44 Memphis
880 962 45 39 to
955 960 104 41 show
1076 962 69 39 'no
1176 966 157 40 quarter
1363 967 43 39 to
1435 964 190 42 Forrest's
1652 964 110 43 men,'
1785 965 79 42 and

335 1013 145 42 badges
501 1023 93 32 were
614 1024 106 31 worn
741 1024 105 33 upon
868 1015 117 42 which
1010 1027 91 30 were
1123 1019 222 43 inscribed,'
1354 1019 218 43 Remember
1592 1019 99 43 Fort
1706 1019 158 43 Pillow.'

337 1067 157 35 General
509 1067 228 45 Washburn,
755 1072 272 43 commanding
1042 1074 66 41 the
1124 1075 151 40 district
1289 1075 43 40 of
1343 1074 104 41 West
1460 1075 215 42 Tennessee,
1693 1075 172 42 distinct¬

335 1123 38 41 ly
396 1121 144 43 admits
561 1124 93 40 that
675 1124 66 40 the
762 1136 117 32 negro
902 1129 139 42 troops
1065 1130 88 41 with
1177 1129 150 42 Sturgis
1348 1129 78 42 had
1447 1139 99 33 gone
1566 1130 84 42 into
1672 1130 79 42 this
1765 1130 100 43 fight

336 1178 90 34 with
440 1178 67 34 the
522 1178 171 36 declared
706 1180 194 35 intention
915 1185 45 32 to
975 1184 86 42 give
1075 1195 51 31 no
1143 1187 157 40 quarter
1314 1187 44 40 to
1374 1184 190 43 Forrest's
1579 1184 122 43 men."

435 1261 98 42 The
550 1262 99 42 fate
669 1261 53 43 of
742 1262 83 42 the
851 1262 141 43 black
1019 1263 196 42 soldiers
1241 1263 149 42 taken
1415 1263 49 42 in
1489 1262 133 43 these
1648 1263 147 54 fights
1821 1262 42 55 is

335 1328 254 52 unknown,
625 1328 150 52 which
809 1328 41 52 is
885 1341 113 39 even
1034 1341 149 39 worse
1216 1329 124 51 than
1375 1326 53 54 of
1448 1329 141 51 those
1630 1328 105 52 who
1781 1341 84 39 are

335 1394 173 42 known
525 1396 56 40 to
600 1394 125 42 have
743 1394 115 42 been
876 1394 285 43 massacred.

436 1460 98 42 The
561 1460 172 43 details
761 1461 54 42 of
834 1461 83 42 the
943 1474 239 33 massacre
1209 1463 55 44 at
1282 1460 123 47 Fort
1423 1460 164 47 Pillow
1605 1460 124 47 have
1746 1461 117 46 been

337 1527 213 42 reserved
567 1527 76 42 for
660 1527 99 42 this
778 1528 196 54 portion
994 1527 53 55 of
1058 1528 83 54 the
1159 1529 188 53 present
1366 1527 197 55 chapter
1579 1526 50 56 in
1648 1527 139 55 order
1803 1529 58 53 to

337 1596 131 42 state
484 1594 133 44 them
636 1606 132 32 more
787 1596 56 42 at
860 1594 178 55 length,
1060 1594 97 55 and
1183 1593 49 56 in
1258 1593 280 56 connection
1555 1592 115 57 with
1687 1592 178 57 impor¬

336 1663 115 40 tant
477 1663 298 40 movements
801 1659 148 44 which
976 1672 122 31 soon
1126 1659 121 44 after
1273 1659 123 44 took
1414 1659 132 54 place
1564 1658 197 55 against
1777 1659 86 54 the

337 1740 130 30 same
485 1728 299 42 confederate
801 1727 136 43 force.

436 1794 98 42 The
560 1796 132 40 most
720 1792 245 44 atrocious
993 1792 53 44 of
1076 1792 63 44 all
1165 1791 230 45 inhuman
1423 1793 104 43 acts
1554 1791 306 54 perpetrated

336 1874 132 42 upon
503 1874 32 42 a
569 1861 148 55 brave
745 1859 218 57 soldiery,
984 1858 123 58 took
1142 1858 130 58 place
1300 1860 54 56 at
1381 1856 122 60 Fort
1530 1856 177 60 Pillow,
1736 1856 126 60 Ken¬

336 1928 162 54 tucky,
528 1940 64 42 on
617 1927 83 55 the
728 1926 122 56 13th
879 1925 54 57 of
952 1924 143 58 April,
1127 1924 141 58 1864.
1323 1922 72 60 No
1423 1936 139 46 cause
1587 1936 90 46 can
1702 1923 58 59 be
1787 1936 74 46 as¬

338 1993 161 55 signed
535 1994 73 54 for
641 1993 83 55 the
751 1992 231 56 shocking
1009 1990 139 58 crime
1175 1990 53 58 of
1248 1991 210 57 wanton,
1488 1989 374 59 indiscriminate

337 2060 188 42 murder
552 2059 54 43 of
627 2072 131 30 some
782 2059 133 43 three
942 2056 213 46 hundred
1183 2055 209 51 soldiers,
1423 2055 138 51 other
1594 2055 124 51 than
1743 2055 118 51 that

335 2126 115 55 they
468 2139 115 42 were
604 2127 26 54 "
643 2124 236 57 niggers,"
902 2125 95 56 and
1020 2125 25 56 "
1059 2122 206 59 fighting
1281 2121 115 60 with
1413 2119 237 62 niggers."

436 2191 73 43 On
533 2193 83 41 the
644 2192 134 51 12th,
810 2190 196 53 General
1033 2189 198 54 Forrest
1266 2187 230 56 suddenly
1522 2186 237 57 appeared
1785 2187 77 56 be¬

337 2258 99 42 fore
461 2258 123 43 Fort
611 2258 164 43 Pillow
792 2257 115 44 with
926 2268 32 33 a
974 2256 132 53 large
1124 2255 137 54 force,
1283 2253 96 56 and
1398 2252 261 57 demanded
1677 2252 66 57 its
1762 2265 102 44 sur¬

337 2325 177 42 render.
569 2322 99 45 The
685 2324 98 43 fort
801 2335 98 32 was
918 2320 278 57 garrisoned
1216 2320 65 57 by
1301 2318 94 59 557
1415 2330 106 47 men
1537 2318 50 59 in
1606 2319 254 58 command

338 2391 53 42 of
411 2390 156 55 Major
593 2390 53 55 L.
677 2389 53 56 F.
759 2388 179 57 Booth,
967 2385 264 60 consisting
1258 2384 54 61 of
1332 2384 82 61 the
1448 2383 122 62 13th
1605 2383 258 62 Tennessee

337 2455 219 56 Cavalry,
577 2456 157 55 Major
751 2452 252 59 Bradford,
1026 2451 96 60 and
1140 2451 83 60 the
1242 2450 89 61 6th
1350 2449 222 62 Phalanx
1588 2449 206 62 Battery
1813 2450 55 61 of

335 2522 158 56 heavy
520 2522 227 56 artillery,
777 2517 281 61 numbering
1085 2516 94 62 262
1208 2528 120 50 men,
1359 2515 96 63 and
1491 2515 72 63 six
1597 2528 136 50 guns.
1794 2514 67 64 At

337 2589 181 43 sunrise
545 2601 65 31 on
635 2587 84 45 the
754 2585 135 50 13th,
928 2581 197 54 General
1160 2580 237 55 Forrest's
1432 2581 148 54 forces
1615 2580 247 55 advanced

337 2656 97 42 and
454 2653 231 45 attacked
702 2652 84 46 the
803 2651 113 47 fort.
970 2648 98 50 The
1085 2646 222 55 garrison
1325 2646 296 55 maintained
1640 2658 32 43 a
1689 2646 174 55 steady

336 2720 132 45 brisk
485 2721 96 51 fire,
604 2719 97 53 and
719 2718 116 54 kept
851 2715 84 57 the
952 2725 165 47 enemy
1136 2713 55 59 at
1209 2712 97 60 bay
1323 2711 123 61 from
1466 2724 63 48 an
1549 2714 139 58 outer
1704 2711 92 61 line
1814 2711 55 61 of

336 2787 388 43 intrenchments.
779 2781 166 49 About
980 2778 30 52 9
1037 2788 45 42 a.
1111 2787 54 43 m.
1194 2775 155 55 Major
1383 2776 163 54 Booth
1572 2790 98 40 was
1705 2776 155 54 killed,

338 2855 97 42 and
462 2852 158 55 Major
646 2845 241 62 Bradford
920 2842 176 65 taking
1129 2842 266 65 command,
1425 2843 121 64 drew
1580 2843 83 64 the
1688 2844 175 63 troops

335 2919 126 45 back
478 2918 107 46 into
603 2916 84 48 the
705 2913 138 51 Fort,
864 2908 213 56 situated
1096 2919 65 45 on
1179 2919 31 45 a,
1226 2907 129 57 high,
1368 2909 129 55 steep
1517 2908 95 56 and
1631 2907 233 58 partially
