2220 3313
748 283 108 44 The
883 285 363 47 Confederate
1273 290 219 48 Service.
1774 302 97 44 493

356 382 143 39 should
512 386 48 38 be
573 389 112 37 freed.
731 392 41 36 It
786 395 127 34 would
926 396 46 35 be
986 397 146 35 neither
1145 399 159 35 wisdom
1317 412 72 23 nor
1406 403 146 45 justice,
1568 405 40 43 in
1622 417 65 33 my
1702 408 168 46 opinion,

356 440 47 33 to
417 442 150 42 require
579 445 108 39 them
701 449 46 35 to
762 458 107 26 serve
884 460 45 24 as
943 451 137 35 slaves.
1124 453 79 34 The
1224 454 86 35 best
1330 466 133 26 course
1475 461 45 32 to
1541 470 149 35 pursue,
1707 463 33 42 it
1754 475 117 30 seems

355 496 47 33 to
417 505 71 34 me,
505 497 34 42 is
553 500 46 39 to
613 501 75 38 call
701 502 61 37 for
776 504 93 35 such
884 514 45 25 as
944 515 66 24 are
1023 506 141 44 willing
1176 510 45 40 to
1236 518 106 32 come
1358 511 89 39 with
1461 513 67 37 the
1541 520 159 31 consent
1715 519 43 34 of
1772 520 100 34 their

356 559 158 27 owners.
558 553 275 45 Impressment
848 569 45 29 or
909 559 105 39 draft
1027 562 127 36 would
1168 565 73 33 not
1255 563 45 35 be
1315 564 111 44 likely
1433 569 45 39 to
1494 568 111 46 bring
1621 574 71 40 out
1705 573 66 41 the
1784 574 87 40 best

354 605 113 43 class,
490 608 80 40 and
590 608 68 40 the
677 621 68 27 use
766 613 45 35 of
832 614 173 35 coercion
1026 616 126 35 would
1173 618 113 34 make
1305 620 67 34 the
1392 631 172 27 measure
1586 624 217 38 distasteful
1823 632 46 32 to

353 660 108 36 them
476 663 80 34 and
569 666 46 33 to
630 666 101 34 their
746 677 157 26 owners.
946 669 19 34 I
979 670 100 35 have
1092 681 52 24 no
1167 672 125 36 doubt
1312 674 33 34 if
1360 675 184 45 Congress
1566 681 124 39 would
1712 683 158 37 author¬

354 716 54 34 ize
420 716 101 35 their
535 720 195 42 reception
751 722 85 40 into
859 724 150 43 service,
1027 726 79 41 and
1126 737 186 33 empower
1326 730 67 40 the
1408 731 197 39 President
1618 737 45 33 to
1678 737 72 33 call
1764 747 105 33 upon

353 771 234 37 individuals
603 783 46 26 or
663 775 133 37 States
810 775 61 37 for
885 779 92 35 such
992 788 46 26 as
1052 781 93 43 they
1167 792 66 32 are
1254 785 139 44 willing
1405 789 46 40 to
1465 789 218 40 contribute
1697 791 91 38 with
1803 793 65 36 the

353 827 200 35 condition
568 829 45 35 of
627 832 288 43 emancipation
932 836 45 39 to
993 836 52 39 all
1059 838 177 44 enrolled,
1254 849 26 33 a
1300 841 185 41 sufficient
1504 844 159 38 number
1683 846 125 36 would
1821 847 47 35 be

353 881 260 48 forthcoming
627 887 44 42 to
688 887 134 42 enable
838 898 45 31 us
898 891 44 38 to
958 892 66 40 try
1040 891 65 41 the
1119 894 243 42 experiment.

434 937 71 35 "If
519 939 34 35 it
572 949 141 34 proves
728 944 211 42 successful,
957 948 106 38 most
1078 948 43 38 of
1136 949 67 37 the
1217 949 210 44 objections
1441 954 45 39 to
1500 953 67 40 the
1581 956 146 37 matter
1741 956 125 37 would

353 992 217 46 disappear,
594 996 79 42 and
700 997 33 41 if
755 997 235 41 individuals
1018 1002 80 36 still
1123 1005 192 35 remained
1344 1007 191 43 unwilling
1561 1010 45 40 to
1641 1010 92 40 send
1766 1010 100 40 their

351 1058 160 33 negroes
531 1052 45 39 to
598 1051 67 40 the
687 1062 124 34 army,
834 1054 66 42 the
921 1055 100 41 force
1043 1058 43 38 of
1102 1059 126 42 public
1250 1061 157 42 opinion
1427 1062 39 41 in
1487 1063 66 40 the
1581 1062 131 41 States
1740 1066 124 37 would

351 1114 100 25 soon
485 1105 114 43 bring
633 1107 126 41 about
794 1110 92 38 such
921 1111 219 43 legislation
1175 1124 44 30 as
1249 1116 124 38 would
1400 1125 153 29 remove
1580 1118 52 36 all
1658 1119 204 36 obstacles.

351 1158 20 35 I
385 1159 112 35 think
511 1160 67 35 the
593 1164 146 33 matter
754 1163 140 37 should
908 1166 47 34 be
968 1167 66 35 left
1048 1178 45 24 as
1107 1169 59 34 far
1181 1179 44 24 as
1240 1171 165 42 possible
1419 1172 44 41 to
1478 1172 67 41 the
1558 1173 133 42 people
1705 1174 79 41 and
1797 1175 67 40 the

351 1213 145 46 States,
513 1216 119 43 which
648 1218 113 41 alone
774 1229 73 30 can
861 1221 173 43 legislate
1050 1233 43 31 as
1107 1224 66 40 the
1187 1225 212 39 necessities
1415 1226 42 38 of
1472 1227 79 37 this
1565 1228 211 42 particular
1791 1239 73 31 ser¬

350 1270 81 35 vice
445 1281 91 34 may
550 1274 161 44 require.
752 1274 54 44 As
826 1278 46 40 to
893 1277 67 41 the
974 1278 111 40 mode
1100 1279 44 39 of
1160 1279 225 44 organizing
1399 1281 116 43 them,
1531 1281 34 43 it
1584 1282 139 42 should
1736 1283 47 41 be
1796 1284 67 40 left

350 1337 47 24 as
424 1327 73 38 free
523 1328 101 40 from
651 1329 188 39 restraint
867 1342 45 26 as
940 1333 176 42 possible.
1159 1333 226 44 Experience
1411 1336 73 41 will
1511 1340 159 40 suggest
1689 1338 67 42 the
1775 1338 87 42 best

350 1393 144 33 course,
506 1384 78 42 and
598 1385 127 41 would
738 1386 47 40 be
798 1386 240 44 inexpedient
1051 1390 45 40 to
1111 1389 179 41 trammel
1304 1390 66 40 the
1385 1391 144 42 subject
1543 1392 91 41 with
1643 1393 218 42 provisions

351 1438 94 36 that
465 1440 127 43 might
611 1441 41 42 in
672 1441 67 42 the
758 1442 74 41 end
852 1445 160 41 prevent
1031 1443 67 43 the
1119 1443 190 44 adoption
1331 1445 44 42 of
1397 1446 169 43 reforms,
1583 1448 205 42 suggested
1808 1449 53 43 by

351 1485 134 33 actual
498 1485 106 35 trial.

991 1530 22 18 "
1024 1530 104 36 With
1142 1534 114 40 great
1269 1535 155 40 respect,

1150 1573 229 37 "ROBERT
1393 1577 44 35 E.
1453 1576 109 44 LEE,
1580 1576 196 44 General."

448 1627 276 44 Meanwhile
749 1628 83 44 the
850 1641 227 41 measure,
1105 1632 56 50 to
1188 1631 206 51 forward
1420 1632 148 50 which
1593 1634 98 48 this
1717 1634 141 48 letter

347 1707 99 30 was
472 1694 205 53 written,
708 1708 97 39 was
832 1696 305 56 progressing
1162 1709 114 43 very
1304 1695 176 57 slowly.
1535 1698 44 54 J.
1609 1699 54 53 B.
1692 1699 161 55 Jones,

347 1760 124 43 clerk
498 1761 54 43 of
570 1762 84 42 the
671 1761 117 43 War
814 1761 314 55 Department
1155 1763 53 53 of
1227 1763 83 53 the
1328 1763 305 53 Confederate
1651 1765 205 51 Govern¬

346 1830 145 50 ment,
511 1827 191 53 entered
728 1827 49 53 in
794 1827 74 53 his
887 1828 140 55 diary
1044 1828 121 55 from
1186 1829 98 56 day
1301 1831 56 54 to
1376 1830 98 55 day
1492 1831 114 54 such
1624 1844 164 44 scraps
1807 1833 55 55 of

347 1893 314 44 information
689 1906 56 31 as
771 1893 58 44 he
845 1906 99 31 was
963 1895 107 42 able
1094 1896 56 41 to
1177 1895 139 55 glean
1344 1896 155 54 about
1524 1897 83 53 the
1632 1910 222 44 progress

344 1960 56 42 of
426 1960 99 44 this
551 1960 276 55 important
852 1962 195 53 matter.
1101 1960 149 55 These
1275 1961 172 54 entries
1474 1975 81 40 are
1581 1963 273 55 significant

344 2026 53 42 of
409 2027 82 42 the
512 2026 197 56 anxiety
729 2025 53 57 of
794 2026 100 56 this
912 2027 181 55 critical
1109 2027 129 55 time.
1292 2026 155 56 Under
1466 2027 245 57 February
1730 2030 122 54 14th

342 2104 66 31 we
425 2093 98 43 find
541 2091 99 45 this
659 2095 163 53 entry:

423 2159 22 17 "
454 2159 213 43 Yesterday
689 2169 107 33 some
817 2168 180 35 progress
1018 2169 78 34 was
1116 2159 113 44 made
1249 2158 92 45 with
1354 2159 67 44 the
1435 2170 171 33 measure
1620 2161 44 42 of
1679 2161 170 43 200,000

340 2223 159 34 negroes
514 2215 59 42 for
587 2214 67 43 the
668 2224 123 34 army.
836 2214 226 44 Something
1076 2217 105 41 must
1196 2214 45 44 be
1257 2213 97 45 done
1368 2213 78 45 and
1460 2214 135 44 soon."

422 2270 22 17 "
454 2270 198 43 February
668 2269 225 44 16th.—Did
914 2269 167 44 nothing
1100 2269 223 44 yesterday;
1346 2269 35 44 it
1400 2269 32 44 is
1447 2270 201 43 supposed,
1664 2270 183 43 however,

339 2323 94 37 that
446 2325 66 35 the
526 2325 66 35 bill
606 2325 208 43 recruiting
827 2333 119 35 negro
961 2326 138 42 troops
1114 2323 73 45 will
1194 2333 103 35 pass.
1320 2323 19 45 I
1352 2324 79 44 fear
1440 2324 103 44 when
1556 2324 34 44 it
1602 2324 34 44 is
1643 2327 72 41 too
1729 2325 118 43 late."

422 2380 21 18 "
455 2380 196 43 February
668 2379 185 44 17th.—A
867 2379 114 44 letter
996 2379 97 44 from
1111 2377 156 46 General
1281 2378 72 45 Lee
1367 2380 44 43 to
1428 2377 156 46 General
1598 2378 99 45 Wise
1711 2379 31 44 is
1756 2380 93 43 pub¬

338 2433 131 46 lished,
491 2435 195 44 thanking
705 2435 67 44 the
793 2433 154 46 latter's
968 2432 159 47 brigade
1147 2433 60 46 for
1233 2433 232 46 resolutions
1492 2434 164 45 recently
1677 2434 171 45 adopted

339 2489 192 50 declaring
544 2491 94 48 that
650 2490 93 49 they
758 2488 127 51 would
898 2489 160 50 consent
1071 2489 45 50 to
1131 2488 165 51 gradual
1305 2487 283 52 emancipation
1603 2487 60 52 for
1676 2488 67 51 the
1756 2489 92 50 sake

338 2545 44 35 of
396 2545 276 44 independence
686 2544 78 45 and
779 2552 124 37 peace.
946 2542 119 47 From
1086 2542 53 47 all
1159 2542 105 47 signs
1285 2542 153 47 slavery
1460 2542 31 47 is
1514 2542 172 47 doomed.
1729 2542 78 47 But
1822 2543 29 46 if

336 2600 172 44 200,000
530 2610 119 34 negro
664 2597 160 47 recruits
845 2607 73 37 can
938 2596 47 48 be
1005 2596 113 48 made
1139 2598 45 46 to
1206 2596 99 48 fight
1326 2596 76 48 and
1424 2605 71 39 can
1510 2596 46 48 be
1569 2597 168 47 enlisted,
1756 2596 91 48 Gen¬

334 2656 82 35 eral
436 2655 74 36 Lee
525 2665 91 33 may
638 2652 193 46 maintain
851 2652 68 46 the
939 2661 80 37 war
1040 2660 92 38 very
1152 2651 119 47 easily
1299 2651 77 47 and
1404 2651 247 47 successfully,
1675 2650 78 48 and
1779 2651 67 47 the

335 2721 147 33 powers
504 2713 44 41 at
571 2709 260 45 Washington
852 2714 92 40 may
966 2714 98 40 soon
1084 2704 154 50 become
1260 2704 177 50 disposed
1458 2707 44 47 to
1524 2705 117 49 abate
1661 2705 66 49 the
1746 2704 99 50 hard

333 2768 122 33 terms
470 2766 45 35 of
530 2773 115 36 peace
658 2773 87 36 now
758 2758 199 51 exacted."

416 2821 23 18 "
449 2821 200 40 February
664 2814 227 47 21st.—The
905 2823 119 38 negro
1037 2812 67 49 bill
1118 2812 72 49 has
1203 2813 139 48 passed
1357 2822 72 39 one
1442 2813 118 48 house
1574 2813 78 48 and
1668 2813 70 48 will
1751 2824 92 37 pass

332 2876 68 35 the
421 2876 114 35 other
555 2873 152 41 to-day,
724 2871 73 43 but
818 2869 66 45 the
905 2877 173 37 measure
1098 2877 92 37 may
1210 2877 106 37 come
1336 2869 71 45 too
1428 2868 90 46 late.
1561 2867 78 47 The
1658 2877 132 37 enemy
1811 2868 31 46 is

330 2930 198 44 enclosing
541 2938 46 36 us
602 2937 52 37 on
669 2925 53 49 all
736 2923 99 51 sides
850 2923 91 51 with
956 2923 114 51 great
1083 2921 113 53 vigor
1210 2921 78 53 and
1301 2920 210 54 rapidity."

573 2981 53 36 25
