2212 3308
851 300 106 43 The
983 300 125 44 War
1134 314 64 30 of
1226 302 143 44 1812.

1807 307 64 42 87

440 427 218 60 Perhaps
682 433 85 54 the
792 436 132 51 most
950 433 209 57 glowing
1185 438 203 52 account
1417 436 52 54 of
1489 437 84 53 the
1599 438 196 52 services
1823 440 50 50 of

335 491 138 48 these
507 497 141 43 black
681 497 250 44 American
958 500 210 53 soldiers,
1191 502 237 54 appeared
1463 502 50 54 in
1540 516 64 40 an
1631 504 164 52 article
1820 505 50 51 in

336 559 86 43 the
439 560 108 44 New
567 562 197 44 Orleans
781 563 264 53 Picayune:

420 670 112 37 "Not
551 672 68 35 the
637 673 102 35 least
758 673 238 45 interesting,
1020 675 191 44 although
1230 677 68 42 the
1318 680 106 39 most
1443 680 113 39 novel
1575 680 149 39 feature
1745 682 44 37 of
1803 682 69 37 the

335 727 222 43 procession
570 727 218 44 yesterday,
805 739 79 32 was
898 730 67 41 the
978 740 174 33 presence
1173 732 44 41 of
1232 732 132 43 ninety
1386 734 44 41 of
1444 734 67 41 the
1524 735 153 40 colored
1690 739 180 36 veterans

336 780 85 35 who
443 780 94 36 bore
558 792 26 24 a
604 783 253 44 conspicuous
878 787 94 40 part
992 785 40 42 in
1051 785 68 42 the
1140 786 165 45 dangers
1327 788 43 43 of
1385 789 66 42 the
1473 789 78 42 day
1570 790 93 43 they
1677 802 93 31 were
1783 802 87 31 now

336 836 61 35 for
409 835 68 36 the
490 837 87 35 first
590 837 95 35 time
704 839 120 34 called
844 841 46 33 to
913 840 119 35 assist
1052 841 39 34 in
1112 842 243 44 celebrating,
1379 844 78 42 and
1471 845 96 43 who,
1583 846 53 42 by
1649 846 101 42 their
1763 847 106 43 good

336 892 168 35 conduct
536 892 41 35 in
603 902 174 34 presence
798 894 44 42 of
864 894 67 42 the
958 905 143 34 enemy,
1132 896 177 43 deserved
1338 899 79 40 and
1444 900 165 39 received
1636 901 67 38 the
1730 911 140 34 appro¬

336 946 140 36 bation
499 947 43 35 of
570 948 100 34 their
697 947 212 37 illustrious
938 951 415 36 commander-in-chief.
1396 953 146 44 During
1568 956 66 41 the
1669 957 200 41 thirty-six

336 1012 115 32 years
470 1003 95 41 that
584 1003 101 41 have
704 1005 140 42 passed
865 1015 113 34 away
999 1006 99 43 since
1118 1007 93 42 they
1232 1008 165 41 assisted
1416 1011 47 38 to
1484 1010 100 43 repel
1604 1011 66 42 the
1689 1011 180 42 invaders

336 1057 101 36 from
451 1068 73 25 our
537 1058 144 44 shores,
696 1059 108 43 these
817 1060 154 42 faithful
985 1071 85 31 men
1085 1062 99 40 have
1197 1072 113 30 never
1323 1063 127 39 before
1462 1065 260 43 participated
1742 1067 40 41 in
1802 1068 68 40 the

338 1113 146 35 annual
498 1114 198 43 rejoicings
710 1114 61 43 for
783 1115 68 42 the
870 1115 153 43 victory
1045 1117 118 41 which
1184 1118 100 40 their
1303 1119 114 39 valor
1436 1121 246 37 contributed
1702 1124 45 34 to
1761 1122 106 43 gain.

338 1168 113 35 Their
464 1169 107 42 good
585 1169 112 42 deeds
711 1170 100 41 have
824 1170 93 41 been
931 1172 245 39 consecrated
1191 1174 92 42 only
1303 1174 39 42 in
1364 1174 100 42 their
1484 1176 208 43 memories,
1710 1187 45 32 or
1768 1177 101 42 lived

337 1222 74 36 but
430 1225 45 33 to
497 1224 113 35 claim
632 1235 25 24 a
676 1225 161 46 passing
857 1226 126 45 notice
1005 1237 52 34 on
1077 1227 67 44 the
1163 1238 101 34 page
1285 1229 42 43 of
1344 1229 66 43 the
1430 1230 203 42 historian.
1675 1232 83 42 Yet,
1782 1233 85 41 who

337 1288 107 26 more
457 1279 99 35 than
570 1280 93 42 they
678 1280 153 42 deserve
844 1282 67 40 the
924 1282 146 40 thanks
1086 1283 44 39 of
1144 1284 67 38 the
1231 1287 176 41 country,
1431 1285 78 43 and
1529 1286 67 42 the
1615 1287 199 42 gratitude
1829 1287 43 42 of

336 1335 222 43 succeeding
570 1336 246 42 generations
826 1336 18 42 ?
885 1336 98 42 Who
999 1338 134 40 rallied
1152 1338 92 40 with
1265 1350 106 28 more
1392 1340 164 43 alacrity
1576 1342 40 41 in
1629 1352 179 33 response
1821 1345 45 40 to

337 1390 67 35 the
424 1399 199 26 summons
646 1391 44 34 of
706 1391 172 43 danger?
919 1391 99 43 Who
1040 1393 166 41 endured
1226 1404 106 30 more
1351 1395 198 43 cheerfully
1569 1397 67 41 the
1662 1397 205 44 hardships

336 1445 47 35 of
396 1445 68 35 the
483 1456 124 33 camp,
625 1456 46 33 or
690 1445 107 44 faced
818 1447 92 42 with
931 1450 153 40 greater
1104 1459 167 34 courage
1290 1450 67 43 the
1377 1451 112 42 perils
1511 1451 44 42 of
1569 1452 67 41 the
1655 1452 125 43 fight?
1821 1452 44 44 If,

336 1500 41 34 in
390 1501 94 34 that
503 1501 220 36 hazardous
744 1502 111 43 hour,
871 1503 107 42 when
1001 1513 71 32 our
1092 1504 132 41 homes
1244 1515 93 30 were
1357 1506 205 39 menanced
1583 1507 91 38 with
1695 1507 66 38 the
1781 1507 88 38 hor¬

336 1566 87 24 rors
444 1556 44 35 of
503 1567 91 33 war,
616 1567 53 33 we
690 1556 66 44 did
776 1560 74 40 not
872 1558 151 42 disdain
1044 1561 45 39 to
1111 1560 73 40 call
1205 1569 104 34 upon
1329 1560 67 43 the
1409 1561 152 42 colored
1575 1562 231 43 population
1819 1565 47 40 to

336 1611 121 35 assist
470 1612 40 34 in
524 1612 181 45 repelling
718 1613 66 44 the
798 1613 187 44 invading
998 1614 130 43 horde,
1145 1625 53 32 we
1212 1614 138 43 should
1364 1618 83 40 not,
1463 1616 105 42 when
1582 1617 66 41 the
1669 1618 145 44 danger
1833 1618 34 44 is

336 1667 151 43 passed,
503 1668 121 42 refuse
644 1671 45 39 to
711 1669 140 43 permit
871 1669 106 43 them
998 1671 45 41 to
1065 1669 106 43 unite
1191 1670 92 42 with
1304 1681 45 31 us
1369 1671 40 41 in
1429 1671 232 44 celebrating
1674 1672 67 43 the
1753 1673 114 44 glori¬

335 1731 74 26 ous
423 1725 124 41 event,
563 1723 119 43 which
697 1724 93 42 they
804 1721 132 46 helped
950 1726 46 41 to
1010 1724 113 43 make
1144 1735 44 32 so
1211 1725 231 42 memorable
1456 1736 52 31 an
1521 1727 119 42 epoch
1654 1727 39 42 in
1708 1738 72 31 our
1793 1728 75 41 his¬

336 1779 104 41 tory.
482 1777 68 43 We
563 1789 93 31 were
669 1781 74 39 not
757 1781 71 39 too
843 1778 152 42 exalted
1016 1781 45 39 to
1083 1779 139 43 mingle
1242 1780 91 42 with
1355 1780 105 42 them
1480 1781 39 41 in
1534 1781 65 41 the
1614 1782 142 44 affray;
1773 1783 93 43 they

336 1843 94 24 were
443 1835 74 33 not
530 1836 71 32 too
616 1834 154 35 humble
783 1836 45 33 to
845 1834 84 43 join
943 1834 39 43 in
998 1845 72 32 our
1083 1835 210 43 rejoicings.

418 1887 141 45 "Such,
581 1899 54 33 we
656 1889 123 43 think,
802 1889 33 43 is
855 1889 67 43 the
942 1889 193 43 universal
1156 1890 158 43 opinion
1335 1890 44 43 of
1395 1901 72 32 our
1486 1891 164 42 citizens.
1692 1892 67 41 We
1778 1903 88 30 con¬

335 1943 133 36 versed
495 1944 92 35 with
615 1955 119 32 many
760 1945 218 43 yesterday,
1001 1944 89 44 and,
1120 1945 167 43 without
1313 1946 210 43 exception,
1546 1947 93 42 they
1665 1948 200 43 expressed

336 1999 192 43 approval
543 2000 44 42 of
600 2000 67 42 the
680 2000 214 42 invitation
914 2000 118 42 which
1053 2000 79 42 had
1153 2000 93 42 been
1266 2001 186 41 extended
1472 2003 45 39 to
1538 2002 67 40 the
1618 2002 152 40 colored
1784 2006 81 36 vet¬

332 2064 115 27 erans
474 2056 45 35 to
540 2055 94 36 take
654 2057 93 42 part
767 2055 41 44 in
828 2055 67 44 the
914 2055 224 44 ceremonies
1162 2055 44 44 of
1220 2055 67 44 the
1315 2055 88 44 day,
1427 2055 79 44 and
1532 2057 265 43 gratification
1818 2060 46 40 at

334 2109 127 44 seeing
474 2110 105 43 them
594 2110 40 43 in
649 2120 25 33 a
687 2110 253 43 conspicuous
955 2110 105 44 place
1073 2110 40 44 in
1127 2110 66 44 the
1206 2111 230 43 procession.

417 2164 110 35 "The
546 2165 288 44 respectability
855 2165 45 44 of
914 2166 100 43 their
1034 2175 248 34 appearance,
1306 2166 78 43 and
1405 2166 67 43 the
1491 2167 179 42 modesty
1698 2167 44 42 of
1762 2168 102 41 their

333 2219 217 44 demeanor,
574 2220 113 43 made
707 2231 52 32 an
779 2220 225 43 impression
1027 2231 51 32 on
1098 2230 113 33 every
1233 2220 188 43 observer,
1438 2220 78 43 and
1530 2222 145 41 elicited
1689 2223 174 44 unquali¬

335 2275 73 34 fied
429 2275 274 44 approbation.
746 2275 148 44 Indeed,
919 2275 151 44 though
1090 2275 40 44 in
1152 2275 137 44 saying
1311 2285 44 34 so
1377 2286 53 33 we
1451 2276 50 43 do
1523 2279 73 40 not
1616 2288 112 31 mean
1751 2278 112 41 disre¬

333 2333 108 41 spect
454 2334 45 40 to
515 2340 78 34 any
608 2341 72 33 one
693 2331 83 43 else,
793 2341 54 33 we
859 2330 112 44 think
991 2330 94 44 that
1104 2329 93 45 they
1217 2330 238 44 constituted
1470 2331 193 43 decidedly
1675 2333 67 41 the
1756 2335 106 39 most

333 2385 229 43 interesting
573 2385 160 43 portion
748 2385 43 43 of
806 2385 67 43 the
886 2386 183 42 pageant,
1086 2393 44 35 as
1151 2383 92 45 they
1264 2383 185 45 certainly
1464 2386 198 42 attracted
1675 2386 67 42 the
1755 2390 107 38 most

335 2439 236 36 attention."

432 2550 51 44 It
499 2563 100 31 was
617 2549 174 56 during
807 2549 83 56 the
907 2547 224 58 rebellion
1149 2547 52 58 of
1215 2547 210 58 1861-65
1445 2549 115 56 that
1576 2550 83 55 the
1679 2551 180 54 author

331 2629 102 31 saw
468 2630 90 30 one
593 2616 55 44 of
674 2616 85 44 the
793 2612 189 48 colored
1017 2613 238 47 drummer
1289 2613 122 54 boys
1446 2614 54 53 of
1518 2615 117 52 that
1669 2616 190 51 column

333 2682 200 56 beating
555 2682 77 56 his
659 2682 139 56 drum
826 2681 56 57 at
906 2679 84 59 the
1014 2677 123 61 head
1165 2677 53 61 of
1239 2690 32 48 a
1304 2691 146 47 negro
1489 2678 169 60 United
1694 2680 163 58 States

332 2749 234 56 regiment
583 2746 251 59 marching
857 2743 215 62 through
1096 2743 84 62 the
1205 2745 171 60 streets
1396 2745 53 60 of
1468 2744 107 61 New
1594 2746 195 59 Orleans
1807 2748 51 57 in

333 2815 146 44 1862.

433 2880 100 42 The
557 2878 109 44 New
682 2875 134 47 York
841 2874 248 48 battalion
1113 2887 99 35 was
1239 2878 253 54 organized
1519 2879 96 53 and
1633 2880 222 52 marched

330 2948 59 42 to
423 2945 85 45 the
540 2943 358 47 reinforcement
925 2939 55 51 of
1005 2940 83 50 the
1113 2940 247 50 American
1395 2958 139 41 army
1560 2948 56 51 at
1642 2945 214 54 Sacket's
