2206 3304
754 283 107 44 The
888 284 237 44 Phalanx
1150 297 48 31 in
1226 285 234 45 Virginia.

1763 287 96 43 381

352 410 136 45 Then
514 412 158 58 began
699 428 63 42 an
789 417 204 56 activity
1021 421 54 52 at
1100 419 83 54 the
1216 418 170 55 North,
1423 418 122 55 East
1581 419 96 54 and
1712 419 146 55 "West,

354 479 117 42 such
491 493 55 30 as
565 494 98 30 was
682 495 140 30 never
847 484 156 42 before
1030 485 257 43 witnessed.
1342 484 98 44 The
1456 485 132 55 loyal
1605 486 140 54 heart
1761 501 98 39 was

354 545 149 56 again
531 548 204 53 aroused
761 549 66 55 by
853 550 81 54 the
960 550 285 54 President's
1263 552 88 52 call
1369 551 74 53 for
1460 554 186 53 troops,
1669 554 96 53 and
1794 555 65 52 all

352 612 202 44 realized
573 614 82 42 the
673 614 230 56 necessity
922 616 53 54 of
997 629 31 41 a
1052 630 131 40 more
1200 617 252 55 sagacious
1471 618 170 55 policy,
1663 620 93 53 and
1775 621 83 52 the

353 677 302 57 importance
681 679 54 55 of
755 681 222 56 bringing
1001 682 83 55 the
1109 695 97 42 war
1231 686 57 51 to
1316 697 31 40 a
1372 684 135 53 close.
1563 684 98 53 The
1685 686 98 51 lion
1809 687 54 50 of

354 744 84 42 the
473 744 157 46 South
664 749 132 41 must
830 747 58 43 be
922 748 202 43 bearded
1150 748 48 43 in
1232 749 73 43 his
1339 750 103 52 lair,
1481 751 96 51 and
1610 751 154 51 forced
1798 755 57 47 to

355 812 249 42 surrender
629 811 277 55 Kichmond,
935 814 83 52 the
1044 813 302 53 Confederate
1373 815 200 55 Capitol,
1609 817 114 53 that
1757 818 97 52 had

354 876 199 56 already
571 880 106 52 cost
701 879 76 53 the
796 877 318 55 Government
1140 881 203 51 millions
1371 882 54 50 of
1445 882 192 52 dollars,
1659 884 95 50 and
1772 884 82 50 the

354 941 157 44 North
528 942 274 45 thousands
822 945 54 43 of
887 945 127 43 lives.
1052 946 97 43 The
1166 947 204 43 cockade
1388 948 462 57 city,—Petersburg,

351 1009 143 41 —like
510 1009 84 42 the
621 1008 237 44 Gibralter
886 1011 53 42 of
957 1012 83 42 the
1064 1011 292 57 Mississippi,
1378 1013 170 55 should
1574 1014 115 54 haul
1714 1015 139 53 down

352 1074 84 42 the
454 1075 297 43 confederate
769 1076 181 43 banner
967 1077 124 43 from
1106 1078 82 42 her
1205 1079 340 53 breastworks;
1565 1079 49 53 in
1631 1080 111 53 fact,
1763 1080 89 53 Lee

353 1142 132 40 must
511 1141 57 42 be
584 1142 312 54 vanquished.
951 1143 129 53 That
1097 1157 98 39 was
1212 1145 82 51 the
1320 1146 203 50 demand
1542 1145 54 51 of
1614 1146 82 50 the
1720 1146 132 55 loyal

352 1206 188 53 nation,
562 1207 96 52 and
677 1207 133 55 right
826 1208 99 54 well
944 1209 79 53 did
1040 1209 113 55 they
1172 1213 130 51 enter
1318 1211 105 53 into
1442 1212 334 53 preparations
1793 1215 57 50 to

353 1274 331 40 consummate
701 1273 64 53 it;
786 1273 189 57 placing
992 1275 147 55 brave
1157 1276 94 54 and
1278 1277 171 53 skillful
1468 1276 177 54 officers
1662 1277 48 53 in
1727 1290 123 40 com¬

351 1338 163 42 mand.

452 1403 100 42 The
577 1403 150 43 whole
752 1403 155 43 North
934 1405 188 42 became
1148 1418 31 30 a
1195 1407 253 55 recruiting
1465 1407 199 55 station.
1718 1407 131 55 Sum¬

351 1481 96 40 ner,
494 1467 195 54 Wilson,
728 1468 196 53 Stevens
968 1471 95 50 and
1106 1470 240 54 Sherman,
1382 1472 48 52 in
1473 1472 240 56 Congress,
1752 1475 95 53 and

352 1534 204 54 Greeley,
576 1533 212 55 Beecher,
818 1534 179 55 Philips
1025 1536 91 53 and
1145 1536 167 54 Curtis,
1340 1538 114 52 with
1479 1539 82 51 the
1586 1551 143 42 press,
1749 1539 97 54 had

352 1599 248 43 succeeded
618 1599 50 43 in
694 1599 191 55 placing
908 1601 83 53 the
1016 1601 121 55 fight
1162 1614 129 42 upon
1316 1603 82 53 the
1422 1603 188 55 highest
1635 1604 138 54 plane
1799 1604 54 54 of

351 1664 305 52 civilization,
679 1665 96 51 and
794 1665 155 51 linked
966 1666 201 50 freedom
1186 1670 55 46 to
1259 1668 82 48 the
1358 1680 138 36 cause
1522 1669 52 47 of
1593 1669 82 47 the
1691 1669 155 47 Union

350 1731 116 43 thus
484 1730 200 55 making
701 1730 83 55 the
802 1743 177 42 success
999 1732 51 53 of
1072 1744 88 41 one
1184 1730 82 55 the
1283 1746 177 39 success
1479 1734 53 51 of
1543 1734 82 51 the
1643 1735 204 52 other,—

353 1796 238 54 "Liberty
610 1796 97 54 and
727 1795 168 55 Union,
917 1809 88 41 one
1023 1798 95 52 and
1144 1797 340 55 inseparable."
1536 1798 146 54 What
1698 1800 149 54 patri¬

349 1862 149 43 otism
525 1861 172 44 should
725 1861 83 44 fail
833 1860 50 45 in
909 1863 376 54 accomplishing,
1315 1863 526 55 bounties—National,

350 1927 154 53 State,
542 1929 196 52 county,
778 1926 97 55 city
910 1928 94 53 and
1046 1928 400 55 township—were
1469 1932 56 51 to
1551 1929 163 54 induce
1748 1931 96 52 and

348 1994 146 43 effect.
548 1993 99 44 The
674 1993 214 55 depleted
922 1993 144 55 ranks
1102 1993 52 55 of
1173 1993 82 55 the
1290 2005 137 43 army
1468 2007 114 41 were
1624 1995 120 53 filled
1786 1998 57 50 to

347 2061 66 43 its
432 2060 279 52 maximum,
734 2059 97 53 and
850 2058 113 54 with
982 2070 31 42 a
1037 2058 210 54 hitherto
1266 2059 258 53 victorious
1544 2060 94 52 and
1656 2061 187 54 gallant

347 2128 159 43 leader
530 2126 157 45 would
715 2126 57 45 be
799 2123 162 48 hurled
989 2124 194 54 against
1207 2124 82 54 the
1321 2124 334 54 fortifications
1682 2126 53 52 of
1760 2127 83 51 the

347 2193 316 54 Confederacy
682 2191 116 56 with
816 2203 97 44 new
932 2202 169 45 energy
1121 2190 94 57 and
1234 2190 377 57 determination.

423 2259 149 54 Early
589 2258 49 55 in
656 2257 234 56 January,
913 2255 194 58 General
1124 2254 228 59 Burnside
1369 2268 96 45 was
1484 2256 194 57 ordered
1697 2258 147 55 again

346 2328 58 40 to
429 2325 118 43 take
573 2322 254 46 command
854 2321 54 47 of
927 2322 81 46 the
1034 2320 146 48 Ninth
1205 2320 147 53 Army
1378 2320 159 59 Corps,
1567 2323 95 56 and
1687 2325 55 54 to
1777 2337 67 42 re¬

347 2390 124 43 cruit
489 2390 65 43 its
573 2388 220 55 strength
811 2389 56 54 to
885 2387 105 56 fifty
1007 2386 243 57 thousand
1271 2386 204 57 effective
1492 2400 118 43 men,
1621 2389 146 54 which
1785 2390 58 53 he

346 2455 325 54 immediately
696 2454 155 55 began
876 2454 56 55 to
960 2453 76 56 do.
1091 2452 195 57 General
1313 2452 175 57 Butler,
1507 2453 114 56 then
1646 2454 48 55 in
1719 2468 123 41 com¬

346 2521 149 44 mand
514 2520 55 45 of
587 2521 83 44 the
688 2519 311 55 Department
1017 2518 53 56 of
1089 2518 214 56 Virginia
1321 2519 95 55 and
1434 2518 153 56 North
1606 2519 233 55 Carolina,

346 2588 157 55 began
520 2587 84 56 the
622 2584 336 59 organization
977 2584 54 59 of
1040 2584 82 59 the
1138 2583 148 60 Army
1305 2584 53 59 of
1368 2585 83 58 the
1467 2584 174 59 James,
1663 2587 179 56 collect¬

344 2654 85 56 ing
464 2655 56 55 at
554 2652 211 58 Norfolk,
794 2650 319 60 Portsmouth
1148 2650 95 60 and
1271 2663 63 47 on
1358 2651 83 59 the
1467 2651 264 59 Peninsula,
1758 2653 83 57 the

343 2721 150 43 forces
528 2717 238 47 scattered
791 2716 305 55 throughout
1121 2715 73 56 his
1220 2715 322 56 Department,
1573 2718 95 53 and
1693 2721 56 50 to
1775 2732 67 39 re¬

341 2787 127 43 cruit
494 2785 222 45 Phalanx
742 2783 268 55 regiments.
1063 2781 57 57 In
1145 2781 176 57 March,
1351 2780 195 58 General
1573 2783 153 55 Grant
1744 2798 97 40 was

340 2853 152 45 called
518 2854 56 44 to
601 2850 335 56 Washington,
966 2848 96 58 and
1097 2848 203 58 received
1324 2849 83 57 the
1433 2850 334 56 appointment
1794 2852 54 54 of

341 2920 293 45 Lieutenant
652 2914 210 55 General,
876 2915 96 54 and
989 2914 162 57 placed
1170 2914 49 57 in
1236 2916 252 55 command
1507 2916 54 55 of
1571 2917 83 54 the
1672 2918 171 53 armies

662 2983 52 36 19
