2200 3300
341 302 98 45 340

653 304 217 45 History
896 315 63 34 of
987 315 95 34 the
1108 303 166 46 Black
1299 301 252 48 Phalanx.

339 436 104 35 "than
464 436 91 35 slow
575 438 152 33 torture
746 436 53 42 by
820 435 232 43 starvation,
1068 436 45 42 to
1136 433 117 45 which
1273 431 20 47 I
1313 432 105 46 knew
1431 430 94 48 that
1539 438 44 40 so
1599 435 119 43 many
1733 424 43 54 of
1793 427 73 51 out*

340 491 162 34 soldiers
515 491 79 34 had
608 492 91 33 been
714 491 199 42 subjected,
931 489 77 44 and
1022 487 271 46 remembering
1306 486 92 47 that
1418 484 66 49 the
1505 480 247 53 Confederate
1772 478 94 55 Con¬

339 556 110 32 gress
470 546 79 42 had
571 546 169 42 declared
762 546 142 42 officers
926 544 43 44 of
984 542 151 46 colored
1155 544 139 44 troops
1316 540 173 48 outlaws,
1512 537 20 51 I
1558 535 153 53 replied,
1734 544 44 44 as
1799 544 66 44 my

339 611 90 31 eyes
444 603 78 39 met
535 600 70 43 his,
624 600 8 43 '
642 601 118 42 shoot
773 600 31 43 if
818 609 80 34 you
912 597 114 46 dare.'
1069 595 158 48 Instead
1249 594 43 49 of
1308 594 178 49 carrying
1507 594 73 49 out
1599 591 60 52 his
1673 590 133 53 threat
1819 589 47 54 he

343 655 191 34 withdrew
548 656 59 33 his
622 655 78 34 aim
715 654 75 35 and
807 652 203 43 staggered
1026 661 61 34 on.
1131 649 98 46 Here
1249 648 122 47 Lieut.
1388 648 198 47 Ferguson
1606 646 81 49 lost
1707 645 58 50 his
1780 645 83 50 hat,

343 710 118 33 which
482 709 79 34 had
581 710 92 33 been
695 709 156 40 already
872 708 106 41 twice
1005 706 124 43 stolen
1157 704 78 45 and
1261 702 209 47 recovered.
1516 700 78 49 One
1621 700 44 49 of
1686 700 67 49 the
1779 700 86 49 rebs

340 774 109 24 came
463 775 50 32 up
528 764 138 43 behind
680 763 79 44 him
774 762 78 45 and
871 761 140 46 taking
1030 760 66 47 the
1116 759 74 48 hat
1209 758 99 49 from
1328 757 59 50 his
1407 756 100 51 head
1527 755 172 52 replaced
1719 755 34 52 it
1773 755 91 52 with

342 819 59 33 his
418 830 83 23 own
516 819 77 34 and
608 829 71 24 ran
695 818 61 35 off.
800 817 78 36 The
893 816 211 37 lieutenant
1124 812 178 41 consoled
1322 812 151 41 himself
1488 811 91 42 with
1594 811 66 42 the
1674 810 190 43 reflection

341 874 95 33 that
450 876 45 31 at
508 874 80 33 last
601 873 46 34 he
661 872 79 35 had
756 882 25 25 a
794 871 73 36 hat
880 881 51 26 no
948 880 71 27 one
1033 869 124 38 would
1172 868 108 39 steal.

425 928 21 17 "
458 928 63 34 'At
536 928 124 34 about
676 927 22 35 7
719 936 37 26 p.
773 935 43 27 m.
840 936 52 26 we
914 924 150 38 arrived
1086 926 45 36 at
1151 923 123 41 Libby
1290 920 137 44 Prison
1449 921 81 43 and
1550 931 90 33 were
1659 921 207 43 separated

342 982 98 34 from
457 983 64 33 the
535 981 160 35 enlisted
714 991 96 32 men,
829 980 93 43 who,
942 990 50 33 we
1013 978 205 45 afterward
1236 977 163 46 learned,
1415 976 161 47 suffered
1597 976 138 47 untold
1752 976 112 47 hard¬

337 1037 120 42 ships,
476 1040 44 39 to
536 1036 114 43 which
666 1046 120 33 many
800 1035 48 44 of
860 1035 102 44 them
977 1033 235 46 succumbed.
1256 1031 113 48 Some
1391 1042 90 37 were
1502 1031 160 48 claimed
1679 1042 47 37 as
1737 1032 127 47 slaves

343 1091 54 42 by
421 1102 85 31 men
537 1092 82 41 who
646 1090 82 43 had
752 1100 116 33 never
893 1089 136 44 known
1061 1089 123 44 them;
1206 1087 131 46 others
1364 1087 132 46 denied
1521 1087 76 46 fuel
1620 1087 81 46 and
1723 1087 142 46 shelter

343 1146 169 43 through
536 1146 64 43 the
623 1145 139 44 winter,
786 1144 81 45 and
891 1143 221 46 sometimes
1135 1146 117 43 water
1272 1142 88 47 with
1385 1142 114 47 which
1529 1145 44 44 to
1601 1142 141 47 quench
1765 1142 100 47 their

342 1200 139 40 thirst;
504 1200 63 40 the
586 1201 80 39 sick
688 1200 80 40 and
788 1200 120 42 dying
925 1198 194 44 neglected
1140 1208 47 34 or
1205 1197 232 45 maltreated
1455 1197 81 45 and
1555 1208 88 34 even
1665 1197 198 45 murdered

341 1255 55 41 by
401 1255 257 42 incompetent
672 1254 81 43 and
764 1254 156 43 fiendish
936 1263 199 34 surgeons;
1152 1252 163 45 without
1327 1253 153 44 rations
1493 1253 62 44 for
1567 1253 97 44 days
1673 1253 187 44 together;

337 1310 97 33 shot
448 1312 46 31 at
510 1310 163 33 without
689 1310 63 33 the
765 1310 180 42 slightest
961 1319 135 33 reason
1114 1319 47 33 or
1174 1308 93 44 only
1282 1311 43 41 to
1337 1307 149 45 gratify
1501 1308 63 44 the
1579 1308 143 44 caprice
1737 1308 48 44 of
1797 1308 63 44 the

335 1364 262 43 guards,—all
622 1365 48 42 of
684 1365 113 42 which
819 1364 220 43 harrowing
1059 1364 138 43 details
1219 1373 90 34 were
1329 1363 94 44 fully
1436 1363 276 44 corroborated
1732 1363 52 44 by
1797 1363 64 44 the

340 1419 70 35 few
421 1419 213 35 emaciated
648 1420 137 34 wrecks
800 1420 90 34 that
903 1419 190 35 survived.

422 1475 43 16 "'
474 1474 66 35 We
554 1485 91 24 were
659 1475 176 34 marched
856 1475 118 34 inside
995 1475 65 34 the
1081 1474 142 42 prison,
1242 1473 186 43 searched,
1447 1473 77 43 and
1539 1474 104 42 what
1656 1484 136 32 money
1806 1484 52 32 we

339 1530 81 34 had
446 1530 119 35 taken
591 1530 98 35 from
718 1540 56 25 us.
817 1529 18 36 I
862 1540 78 25 was
969 1529 156 36 allowed
1153 1531 45 34 to
1228 1529 124 36 retain
1372 1528 268 43 pocket-book,
1662 1529 99 42 knife
1781 1529 77 42 and

340 1586 136 33 watch.
508 1585 77 34 Our
598 1595 131 24 names
745 1595 90 24 were
850 1584 176 35 recorded
1042 1584 77 35 and
1134 1594 52 25 we
1201 1594 91 25 were
1307 1584 84 35 told
1400 1585 44 34 to
1459 1584 124 35 follow
1591 1583 66 36 the
1671 1586 186 41 sergeant.

339 1640 104 43 Now,
459 1640 19 43 I
492 1640 182 43 thought,
690 1640 66 43 the
770 1640 176 43 question
967 1640 71 43 will
1059 1640 45 43 be
1127 1637 151 46 decided
1300 1639 164 44 whether
1485 1650 52 33 we
1565 1650 64 33 are
1655 1642 44 41 to
1727 1650 50 33 go
1806 1650 50 33 up

337 1696 122 36 stairs
480 1695 118 37 where
618 1705 52 27 we
690 1695 104 37 knew
808 1695 66 37 the
896 1695 142 37 officers
1060 1705 91 27 were
1174 1694 213 43 quartered,
1413 1704 45 33 or
1478 1694 46 43 be
1544 1695 170 42 confined
1733 1695 39 42 in
1792 1696 65 41 the

337 1751 88 34 cells
445 1751 130 34 below.
617 1750 52 35 As
690 1761 52 24 we
762 1750 137 35 neared
920 1750 66 35 the
1006 1760 131 25 corner
1160 1750 43 35 of
1217 1749 67 36 the
1306 1750 105 42 large
1431 1760 111 32 room
1564 1751 77 41 and
1663 1750 18 42 I
1702 1761 76 31 saw
1793 1752 63 40 the

339 1808 178 40 sergeant
532 1806 184 42 directing
729 1805 58 43 his
802 1807 103 41 steps
919 1807 44 41 to
978 1805 66 43 the
1066 1805 117 43 stairs
1207 1804 152 44 leading
1380 1805 121 43 down,
1518 1806 19 42 I
1551 1804 169 45 thought
1734 1807 32 42 it
1780 1806 76 43 had

339 1860 93 34 been
445 1861 126 34 better
586 1860 77 35 had
677 1870 52 25 we
742 1860 111 35 fallen
869 1870 50 25 on
934 1860 64 35 the
1012 1860 234 35 battle-field.
1293 1861 57 34 He
1371 1862 59 34 led
1451 1862 66 34 the
1537 1874 84 31 way
1643 1864 108 41 down
1772 1865 43 40 to
1831 1874 25 31 a

336 1916 79 41 cell,
433 1916 77 41 and
525 1926 44 31 as
584 1925 52 32 we
649 1915 136 43 passed
800 1915 39 43 in
854 1915 136 43 barred
1012 1915 77 43 and
1110 1916 132 42 locked
1264 1917 67 41 the
1353 1917 97 41 door
1464 1919 77 39 and
1555 1919 66 39 left
1635 1930 44 28 us
1693 1920 37 38 in
1747 1919 109 39 dark¬

339 1981 96 23 ness.
481 1970 105 42 Here,
603 1971 164 41 without
787 1970 160 42 rations,
971 1970 65 42 the
1058 1971 92 41 bare
1172 1974 111 38 stone
1304 1973 99 39 floor
1424 1974 59 38 for
1504 1984 25 28 a
1548 1974 82 43 bed,
1647 1975 65 42 the
1727 1976 128 43 damp¬

338 2035 86 23 ness
438 2025 178 42 trickling
630 2025 110 42 down
753 2025 67 42 the
840 2025 103 42 walls
966 2035 50 32 on
1038 2026 119 41 either
1179 2028 89 42 side,
1287 2040 110 30 seven
1413 2031 43 39 of
1471 2042 44 28 us
1530 2043 91 27 were
1635 2033 167 37 confined
1816 2032 38 38 in

337 2089 28 24 a
378 2080 99 33 close
490 2090 111 23 room
623 2080 124 33 about
768 2090 110 23 seven
898 2080 72 34 feet
991 2081 53 41 by
1065 2082 96 40 nine.
1205 2083 39 39 It
1265 2095 78 27 was
1359 2097 25 25 a
1397 2087 93 43 long
1504 2087 121 43 night,
1641 2087 72 43 but
1726 2088 129 42 finally

338 2134 178 41 morning
537 2134 155 41 dawned
715 2134 76 41 and
814 2145 43 30 as
880 2145 25 30 a
924 2146 72 31 ray
1019 2137 43 40 of
1077 2138 99 42 light
1199 2140 118 40 shone
1338 2142 170 43 through
1530 2143 65 42 the
1609 2143 96 42 little
1719 2143 135 42 barred

338 2188 157 33 window
510 2188 124 34 above
649 2199 70 23 our
733 2188 117 35 heads
865 2200 52 23 we
930 2191 171 35 thanked
1119 2193 83 35 God
1217 2206 52 23 we
1291 2207 93 24 were
1403 2200 73 31 not
1489 2198 39 33 in
1542 2198 105 34 total
1661 2198 191 34 darkness.

337 2242 132 34 About
491 2242 22 34 9
535 2251 36 25 a.
594 2252 43 24 m.
660 2244 162 42 rations,
844 2246 212 43 consisting
1079 2249 43 40 of
1137 2250 118 39 bread
1278 2252 78 37 and
1377 2255 115 40 meat,
1516 2263 91 32 were
1633 2253 149 42 handed
1803 2253 49 42 in,

337 2297 79 33 and
430 2297 111 41 being
555 2297 148 41 divided
719 2299 83 39 into
818 2309 110 29 seven
943 2306 123 40 parts,
1086 2316 97 30 were
1200 2307 129 39 drawn
1350 2308 60 38 for
1429 2308 52 41 by
1496 2309 69 40 lot.
1607 2308 130 41 About
1751 2317 103 32 noon

337 2361 53 23 we
404 2361 90 23 were
508 2352 116 33 taken
639 2352 97 34 from
751 2354 66 33 the
837 2356 65 33 cell
925 2358 77 33 and
1024 2363 73 39 put
1117 2361 38 41 in
1179 2361 90 41 with
1290 2362 66 40 the
1371 2362 111 40 other
1497 2363 153 39 officers.
1694 2363 96 39 Here
1804 2373 51 29 we

336 2407 79 31 met
430 2404 107 43 Capt.
555 2405 113 42 Cook,
686 2408 44 39 of
743 2409 66 38 the
823 2408 118 39 Ninth
959 2413 206 43 Regiment,
1184 2416 82 40 who
1288 2415 79 41 had
1387 2416 91 40 been
1493 2417 185 43 captured
1693 2418 122 42 about
1830 2428 25 32 a

337 2459 136 34 month
487 2460 176 41 previous
680 2462 102 39 while
797 2468 304 42 reconnoitering
1116 2469 65 41 the
1195 2469 164 44 enemy'§
1373 2470 83 43 line.

418 2514 116 33 "'We
548 2525 91 23 were
653 2526 84 24 now
751 2518 37 33 in
806 2530 24 23 a
850 2521 106 42 large
977 2533 122 31 room,
1123 2523 163 42 perhaps
1307 2524 104 41 forty
1433 2524 53 41 by
1506 2525 132 43 ninety
1658 2527 83 42 feet,
1765 2527 89 42 with

335 2569 106 41 large
455 2568 186 43 windows,
658 2573 158 42 entirely
833 2576 184 39 destitute
1032 2578 43 37 of
1089 2578 117 41 glass.
1248 2577 57 42 No
1326 2578 178 41 blankets
1518 2590 73 29 nor
1606 2582 191 42 anything
1809 2584 45 40 to

333 2623 56 34 sit
404 2633 44 24 or
461 2623 46 34 lie
521 2634 104 31 upon
639 2631 132 39 except
785 2630 66 40 the
866 2630 108 42 floor,
992 2631 76 41 and
1091 2634 44 38 at
1155 2631 111 42 night
1286 2632 104 41 when
1405 2643 52 30 we
1471 2633 65 42 lay
1552 2635 110 40 down
1676 2636 67 39 the
1757 2637 98 38 floor

336 2686 78 26 was
427 2678 164 42 literally
607 2683 169 37 covered.

416 2732 178 36 '"About
608 2735 65 34 the
688 2737 138 36 middle
841 2738 43 35 of
892 2740 65 33 the
972 2739 135 34 second
1116 2739 110 42 night
1239 2749 53 32 we
1305 2749 92 32 were
1412 2741 50 40 all
1470 2741 191 45 hurriedly
1675 2746 179 40 marched

335 2790 72 31 out
421 2788 78 33 and
513 2789 144 42 packed
672 2791 38 40 in
726 2791 111 42 filthy
851 2792 289 41 box-cars—like
1160 2793 180 43 sardines,
1357 2794 60 42 for
1436 2795 106 41 there
1562 2808 79 28 was
1655 2802 73 34 not
1742 2811 110 25 room

334 2842 60 34 for
422 2843 51 33 all
499 2845 45 33 to
573 2844 53 34 sit
654 2845 210 34 down—for
891 2857 51 23 an
969 2847 189 33 unknown
1186 2848 246 34 destination.
1474 2850 107 36 After
1608 2863 26 24 a
1661 2854 93 35 slow
1775 2856 79 34 and

334 2898 151 34 tedious
500 2899 79 33 ride
601 2908 52 24 we
674 2899 149 34 arrived
845 2902 45 32 at
911 2900 205 43 Salisbury,
1133 2900 42 43 N.
1193 2900 37 43 C.
1270 2901 116 42 "When
1409 2913 52 30 we
1476 2906 150 37 arrived
1641 2908 106 35 there
1761 2920 93 25 were

334 2951 74 36 but
421 2953 66 34 few
501 2953 202 43 prisoners,
726 2953 78 43 and
823 2954 60 42 for
902 2956 78 40 two
1002 2965 45 31 or
1066 2955 106 41 three
1193 2955 96 43 days
1309 2966 54 32 we
1381 2958 166 40 received
1560 2960 74 38 fair
1647 2962 152 37 rations
1814 2965 45 36 of
