2200 3300
343 307 93 42 218

639 310 221 42 History
887 320 63 32 of
977 319 96 33 the
1099 307 165 45 Black
1289 304 252 48 Phalanx.

341 441 101 43 had
459 455 107 29 won
584 443 96 41 and
698 440 261 56 conquered
978 452 33 44 a
1027 437 138 59 much
1190 436 189 60 greater
1398 430 96 66 and
1513 433 224 63 stronger
1754 426 110 70 bat¬

340 509 111 53 tery
474 508 124 54 than
623 509 115 53 that
763 519 130 43 upon
919 506 83 56 the
1027 502 128 60 bluff.
1209 499 179 63 Nature
1415 509 148 53 seems
1579 496 57 66 to
1654 493 125 69 have
1797 504 67 58 se¬

340 573 149 42 lected
506 574 83 41 the
606 573 131 54 place
764 573 95 54 and
887 567 263 60 appointed
1174 566 84 61 the
1282 564 115 63 time
1422 562 74 65 for
1520 561 85 66 the
1630 569 148 58 negro
1805 559 57 68 to

340 652 150 41 prove
513 639 74 54 his
613 638 246 55 manhood
878 636 98 57 and
1002 638 57 55 to
1085 633 180 60 disarm
1291 629 83 64 the
1398 625 233 68 prejudice
1655 624 117 69 that
1805 625 59 68 at

343 717 90 29 one
449 704 116 42 time
582 703 251 55 prompted
852 702 83 56 the
960 699 141 59 white
1125 699 174 59 troops
1316 697 59 61 to
1390 691 149 67 insult
1558 690 95 68 and
1674 688 189 70 assault

342 770 83 42 the
451 782 146 42 negro
624 769 196 55 soldiers
845 767 49 57 in
921 765 105 59 New
1054 763 209 61 Orleans.
1317 759 49 65 It
1399 770 99 54 was
1525 756 64 68 all
1615 756 247 68 forgotten

344 836 96 41 and
465 836 116 53 they
607 833 203 56 mingled
836 831 225 58 together
1084 829 117 60 that
1227 827 98 62 day
1351 838 65 51 on
1440 826 148 63 terms
1616 822 55 67 of
1689 821 175 68 perfect

342 901 228 54 equality.
625 900 98 55 The
740 898 163 57 whites
921 908 115 47 were
1055 894 113 61 only
1194 895 89 60 too
1310 890 113 65 glad
1450 892 56 63 to
1531 888 116 67 take
1674 901 32 54 a
1723 887 138 68 drink

341 966 124 42 from
502 979 31 29 a
558 977 146 43 negro
732 962 212 58 soldier's
971 962 210 58 canteen,
1201 958 75 62 for
1308 957 50 63 in
1391 956 116 64 that
1540 954 166 66 trying
1739 954 125 66 hour

343 1032 116 53 they
484 1031 148 54 found
661 1043 31 42 a
716 1030 148 55 brave
891 1027 91 58 and
1014 1023 286 62 determined
1329 1022 109 63 ally,
1467 1021 147 64 ready
1640 1022 56 63 to
1724 1019 140 66 sacri¬

345 1097 82 41 fice
447 1096 63 42 all
527 1096 73 42 for
617 1095 173 53 liberty
817 1093 96 55 and
940 1093 217 55 country.
1212 1089 46 59 If
1278 1091 188 57 greater
1492 1087 204 61 heroism
1724 1084 138 64 could

345 1163 59 40 be
429 1162 163 42 shown
616 1162 125 42 than
766 1159 116 45 that
908 1158 53 46 of
980 1158 82 46 the
1088 1156 254 54 regiments
1370 1153 53 57 of
1442 1154 82 56 the
1550 1152 222 58 Phalanx
1799 1151 65 59 al¬

345 1228 147 53 ready
518 1226 185 55 named,
734 1225 154 56 surely
912 1224 83 57 the
1023 1222 80 59 1st
1128 1221 247 60 Regiment
1403 1219 53 62 of
1485 1219 254 62 Engineers
1774 1217 91 64 dis¬

346 1292 171 55 played
535 1292 41 55 it
594 1291 172 56 during
783 1291 82 56 the
883 1289 122 58 siege
1024 1290 55 57 at
1090 1287 122 60 Port
1230 1286 217 61 Hudson.
1486 1284 113 63 This
1617 1284 243 63 regiment,

345 1358 230 55 provided
593 1357 115 56 with
726 1356 130 57 picks
875 1355 96 58 and
990 1354 172 59 spades
1187 1354 75 59 for
1294 1352 84 61 the
1402 1363 207 50 purpose
1634 1349 55 64 of
1711 1349 153 64 "min¬

346 1423 120 55 ing"
485 1423 84 55 the
586 1422 204 56 enemy's
807 1421 170 57 works,
999 1420 129 58 often
1145 1421 124 57 went
1286 1417 205 61 forward
1509 1419 56 59 to
1583 1416 124 62 their
1724 1415 139 63 labor

346 1490 207 42 without
588 1501 97 41 any
721 1487 161 55 armed
918 1488 204 54 support
1156 1486 163 56 except
1345 1483 82 59 the
1454 1496 138 46 cover
1627 1482 53 60 of
1707 1481 156 61 heavy

346 1568 136 42 guns,
506 1568 55 42 or
588 1567 55 43 as
662 1554 138 56 other
824 1557 174 53 troops
1023 1551 246 59 happened
1294 1552 57 58 to
1380 1549 225 61 advance,
1624 1550 56 60 to
1706 1547 157 63 throw

346 1634 65 42 up
429 1620 321 56 breastworks
768 1619 73 57 for
857 1619 125 57 their
1000 1631 105 45 own
1123 1616 283 60 protection.
1461 1614 48 62 It
1534 1614 139 62 takes
1692 1626 104 50 men
1815 1613 48 63 of

346 1700 133 29 more
494 1687 124 42 than
638 1686 228 53 ordinary
884 1696 204 43 courage
1105 1685 56 54 to
1180 1694 181 45 engage
1378 1681 49 58 in
1445 1680 113 59 such
1575 1680 145 59 work,
1732 1679 131 60 with¬

348 1755 89 40 out
471 1765 113 30 even
620 1764 32 31 a
677 1751 213 44 revolver
925 1763 56 32 or
1016 1762 31 33 a
1072 1749 213 53 bayonet
1310 1749 56 53 to
1395 1745 162 57 defend
1583 1745 278 57 themselves

348 1819 196 55 against
564 1818 80 56 the
662 1817 154 57 sallies
835 1816 53 58 of
901 1828 63 46 an
982 1814 205 60 enemy's
1203 1816 186 58 troops.
1427 1810 320 64 Nevertheless
1764 1810 99 64 this

347 1884 231 55 Engineer
610 1882 248 57 Regiment
884 1881 55 58 of
965 1881 83 58 the
1072 1879 141 60 black
1238 1879 223 60 Phalanx
1486 1877 261 62 performed
1781 1876 83 63 the

347 1950 123 52 duty
487 1949 148 53 under
652 1948 114 54 such
782 1947 166 55 trying
966 1946 95 56 and
1081 1946 204 56 perilous
1304 1945 374 57 circumstances.
1715 1941 148 61 Many

345 2016 141 41 times
510 2015 116 53 they
650 2016 124 52 went
798 2012 205 56 forward
1031 2014 56 54 at
1106 2024 31 44 a
1155 2009 328 59 double-quick
1508 2011 57 57 to
1592 2009 64 59 do
1674 2008 122 60 duty
1814 2007 48 61 in

346 2081 84 41 the
446 2082 131 40 most
594 2081 270 52 dangerous
882 2078 131 55 place
1038 2077 174 56 during
1228 2089 64 44 an
1310 2077 327 56 engagement,
1657 2074 205 59 perhaps

346 2149 57 39 to
430 2145 129 43 build
579 2157 31 31 a
627 2144 205 44 redoubt
851 2156 55 32 or
923 2143 319 45 breastworks
1261 2141 171 47 behind
1453 2153 31 35 a
1501 2140 210 55 brigade,
1733 2152 56 43 or
1805 2142 56 53 to

347 2212 123 41 blow
487 2223 65 41 up
580 2223 31 41 a
635 2209 197 55 bastion
859 2208 53 56 of
930 2209 82 55 the
1038 2208 217 56 enemy's.
1313 2208 25 56 "
1352 2206 130 58 They
1508 2205 90 59 but
1623 2205 237 59 reminded

344 2277 85 41 the
453 2276 189 42 lookers
670 2274 110 52 on,"
801 2274 104 52 said
924 2286 31 40 a
972 2272 368 55 correspondent
1367 2271 54 56 of
1442 2284 32 43 a
1490 2270 214 57 Western
1722 2284 140 43 news¬

347 2353 160 42 paper,
530 2342 27 53 "
571 2339 50 56 of
637 2340 104 55 just
775 2352 54 43 so
864 2351 148 44 many
1046 2338 146 57 cattle
1233 2338 149 57 going
1422 2339 57 56 to
1524 2349 31 46 a
1598 2336 264 59 slaughter¬

347 2405 194 43 house."

445 2471 41 40 A
503 2470 169 51 writer,
693 2469 229 55 speaking
948 2469 52 55 of
1019 2469 83 55 the
1129 2469 137 55 other
1291 2468 255 56 regiments
1564 2467 54 57 of
1636 2468 85 56 the
1738 2467 124 57 Pha¬

346 2537 129 50 lanx,
496 2548 135 41 says:

428 2623 137 41 "They
583 2632 94 32 were
695 2622 84 42 also
800 2632 52 32 011
871 2619 92 45 trial
982 2622 93 42 that
1095 2622 88 42 day,
1200 2621 76 43 and
1292 2621 169 43 justified
1475 2622 66 42 the
1554 2624 107 40 most
1674 2623 188 43 sanguine

347 2677 263 44 expectations
624 2676 52 45 by
690 2676 99 45 their
802 2676 105 45 good
921 2677 174 44 conduct.
1138 2676 79 45 Not
1237 2676 91 45 that
1348 2676 92 45 they
1460 2676 139 45 fought
1619 2678 128 43 better
1759 2678 101 43 than

349 2743 71 24 our
433 2732 111 35 white
558 2733 193 39 veterans;
766 2730 92 42 they
873 2731 64 41 did
950 2733 73 39 not
1037 2731 76 41 and
1128 2730 109 42 could
1252 2730 108 42 not."

445 2808 99 42 But
567 2807 133 43 there
724 2806 98 44 had
847 2807 114 43 been
986 2820 55 30 so
1077 2807 138 43 much
1247 2806 280 55 incredulity
1562 2811 196 50 avowed
1792 2824 69 37 re¬

348 2874 205 55 garding
570 2873 82 56 the
669 2884 203 45 courage
890 2871 53 58 of
962 2872 82 57 the
1060 2885 218 44 negroes;
1306 2885 55 44 so
1388 2874 138 55 much
1543 2874 83 55 wit
1643 2875 215 54 lavished

349 2953 64 29 on
429 2940 83 42 the
528 2938 107 44 idea
653 2937 52 45 of
725 2949 194 43 negroes
945 2937 206 55 fighting
1174 2939 56 53 to
1258 2949 96 43 any
1371 2950 218 44 purpose,
1609 2940 116 54 that
1744 2941 116 53 Gen-
