2221 3314
859 293 104 45 The
991 293 123 46 War
1141 307 64 32 of
1233 296 143 45 1775.

1815 302 61 44 59

341 419 120 44 then
486 422 85 44 the
596 425 167 45 whites
789 429 156 42 would
972 432 104 50 not,
1107 429 96 53 and
1230 431 140 51 could
1396 434 90 48 not
1513 431 57 51 be
1595 432 199 50 induced
1819 438 58 44 to

342 487 126 56 rally
494 491 58 52 to
579 491 84 52 the
690 492 183 51 defence
899 495 55 48 of
980 496 125 47 their
1131 509 106 34 own
1263 498 265 55 particular
1563 500 181 53 section
1780 502 97 51 and

341 552 183 46 homes.

444 620 100 45 For
569 624 101 43 fear
694 626 118 43 that
829 627 24 42 I
870 641 117 42 may
1004 629 57 54 be
1080 630 196 53 accused
1296 629 54 54 of
1368 632 90 51 too
1477 631 166 56 highly
1661 634 217 57 coloring

340 686 86 43 the
452 688 184 55 picture
663 691 52 52 of
738 693 82 50 the
847 692 238 51 Southern
1111 694 157 57 laxity
1295 696 53 55 of
1369 697 158 54 fervor
1554 699 95 52 and
1669 700 208 54 patriot¬

340 752 106 55 ism,
468 754 24 53 I
519 760 149 52 quote
693 757 123 55 from
842 760 85 52 the
952 760 225 52 valuable
1202 775 141 44 essay
1367 763 149 56 which
1544 767 331 54 accompanies

338 819 86 43 the
442 821 192 57 history
654 824 53 54 of
727 825 82 53 the
827 825 249 53 American
1095 827 268 57 Loyalists:

423 898 22 17 "
455 898 80 36 The
554 901 121 34 whole
695 903 160 34 number
870 904 43 33 of
929 904 171 43 regulars
1122 906 159 41 enlisted
1301 907 61 40 for
1381 908 67 39 the
1462 907 246 40 Continental
1722 910 149 44 service,

338 952 101 36 from
453 955 67 34 the
534 955 208 45 beginning
755 960 45 40 to
815 958 66 42 the
902 960 99 40 close
1023 960 43 40 of
1081 961 67 39 the
1169 963 182 42 struggle,
1368 974 79 31 was
1461 963 184 44 231,959.
1690 965 49 42 Of
1754 966 117 43 these,

338 1006 20 36 I
385 1008 101 35 have
514 1021 93 24 once
634 1013 211 44 remarked,
877 1014 143 43 67.907
1041 1026 93 31 were
1154 1016 99 41 from
1281 1017 322 46 Massachusetts;
1627 1021 79 42 and
1733 1020 19 43 I
1779 1032 94 31 may

337 1073 88 25 now
439 1065 90 43 add,
545 1066 94 42 that
659 1077 113 33 every
794 1067 112 43 State
927 1069 118 41 south
1068 1068 43 42 of
1128 1071 285 43 Pennsylvania
1426 1074 187 42 provided
1627 1075 72 41 but
1715 1076 155 42 59,493,

338 1128 47 24 or
399 1119 120 43 8,414
532 1121 76 41 less
620 1122 99 40 than
734 1123 79 39 this
829 1124 119 43 single
962 1123 149 44 State."

438 1197 100 43 The
555 1212 108 29 men
682 1200 54 43 of
755 1199 382 47 Massachusetts
1157 1204 80 43 did
1264 1207 91 40 not
1372 1219 132 31 more
1521 1207 157 57 firmly
1697 1208 174 56 adhere

335 1264 58 42 to
411 1261 127 47 their
555 1266 158 56 policy
732 1267 54 55 of
797 1268 157 54 mixed
972 1271 173 53 troops
1166 1283 55 41 as
1241 1271 196 55 against
1456 1277 222 50 separate
1696 1288 174 42 organ¬

336 1329 222 56 izations,
580 1332 149 53 based
747 1346 132 42 upon
898 1335 145 53 color,
1063 1336 125 52 than
1215 1337 79 51 did
1313 1338 83 50 the
1414 1352 106 36 men
1540 1340 52 48 of
1611 1341 83 47 the
1712 1340 156 48 South

335 1397 58 42 to
419 1397 126 42 their
571 1398 208 54 peculiar
805 1400 295 54 institution,
1131 1403 96 51 and
1255 1404 197 54 against
1476 1405 84 53 the
1597 1407 188 55 arming
1820 1408 55 54 of

335 1475 214 43 negroes,
570 1464 92 54 free
681 1478 55 40 or
755 1466 145 52 slave.
955 1467 99 51 The
1080 1481 99 37 war
1205 1469 181 56 having
1411 1470 140 56 fairly
1579 1474 72 52 set
1668 1473 49 53 in
1735 1486 132 42 upon

337 1527 242 45 Southern
606 1531 103 54 soil,
740 1532 96 53 and
865 1546 55 39 so
948 1536 174 54 urgent
1146 1534 83 56 the
1255 1536 230 55 necessity
1511 1537 74 54 for
1610 1539 258 56 recruiting

335 1595 85 42 the
456 1609 152 42 army,
645 1597 118 54 that
798 1597 230 57 Congress
1066 1600 146 55 again
1245 1602 124 53 took
1403 1615 64 42 up
1501 1603 83 54 the
1610 1604 181 55 subject
1819 1606 54 53 of

337 1662 235 56 enrolling
588 1676 199 42 negroes
807 1677 55 41 as
881 1665 211 53 soldiers.
1146 1666 48 52 It
1211 1680 99 38 was
1321 1667 186 51 decided
1526 1670 114 48 that
1658 1671 83 47 the
1758 1685 110 42 gen¬

337 1728 100 41 eral
473 1727 314 44 Government
821 1730 99 42 had
955 1744 64 29 no
1056 1733 188 41 control
1280 1746 113 30 over
1419 1734 83 43 the
1528 1734 162 45 States
1718 1737 48 42 in
1784 1738 84 42 the

337 1796 197 51 matter,
563 1795 92 52 but
683 1806 33 41 a
739 1795 139 52 series
915 1796 52 51 of
996 1798 288 49 resolutions
1310 1812 116 35 were
1454 1800 212 56 adopted
1694 1816 174 40 recom¬

337 1861 227 56 mending
579 1863 57 54 to
654 1861 84 56 the
757 1860 162 57 States
940 1862 53 55 of
1015 1861 205 58 Georgia
1239 1866 95 53 and
1355 1864 155 55 South
1530 1866 235 56 Carolina,
1785 1870 83 52 the

338 1927 190 55 arming
548 1927 52 55 of
620 1927 132 55 three
770 1928 247 54 thousand
1038 1929 296 53 able-bodied
1353 1945 211 42 negroes.

437 1992 115 44 Now
579 1993 156 56 began
763 2006 65 43 an
854 1997 189 52 earnest
1069 1995 157 54 battle
1252 1997 75 52 for
1353 1998 84 51 the
1463 2000 222 56 carrying
1711 2004 88 52 out
1819 2002 49 54 of

335 2059 84 43 the
437 2059 170 55 policy,
629 2073 54 41 as
702 2062 355 52 recommended
1085 2062 66 55 by
1170 2061 243 58 Congress.
1469 2065 74 54 Its
1561 2066 172 53 friends
1749 2081 118 38 were

337 2137 182 45 among
535 2126 83 56 the
635 2126 199 56 bravest
853 2127 95 55 and
966 2129 158 53 truest
1150 2131 57 51 to
1235 2130 83 52 the
1346 2144 140 38 cause
1513 2132 54 50 of
1585 2133 205 49 freedom
1815 2134 50 48 in

334 2191 84 42 the
436 2191 177 44 States.
659 2191 129 45 Hon.
809 2193 164 55 Henry
991 2194 214 54 Laurens
1225 2196 106 52 lead
1360 2197 48 51 in
1435 2199 83 49 the
1543 2200 152 48 effort.
1733 2200 131 48 Even

334 2258 158 43 before
516 2258 84 43 the
624 2262 184 41 matter
832 2273 99 30 was
957 2261 216 56 brought
1200 2264 56 53 to
1284 2264 83 53 the
1396 2266 244 51 attention
1669 2266 51 51 of
1750 2266 115 51 Con¬

334 2337 145 43 gress,
499 2325 59 55 he
574 2328 149 52 wrote
739 2328 57 52 to
817 2325 110 55 Gen.
947 2326 339 59 Washington,
1310 2343 55 42 as
1384 2331 203 54 follows:

416 2403 22 18 "
448 2402 77 36 Our
540 2404 129 34 affairs
684 2404 39 35 in
737 2405 65 34 the
818 2404 190 36 Southern
1025 2406 244 43 department
1287 2418 63 31 are
1366 2419 106 30 more
1486 2408 198 41 favorable
1698 2410 98 39 than
1810 2421 53 28 we

332 2457 80 35 had
426 2458 218 36 considered
658 2460 105 34 them
779 2471 25 23 a
817 2460 66 34 few
898 2461 97 42 days
1011 2471 96 33 ago;
1125 2463 262 43 nevertheless,
1406 2464 66 42 the
1486 2468 165 40 country
1664 2465 32 43 is
1711 2466 151 42 greatly

333 2514 215 44 distressed,
578 2515 79 43 and
684 2515 73 43 will
778 2515 45 43 be
844 2526 44 32 so
910 2517 124 41 unless
1056 2516 146 42 further
1225 2518 319 40 re-inforcements
1565 2531 66 27 are
1652 2523 84 35 sent
1749 2522 45 36 to
1809 2521 52 37 its

331 2568 111 36 relief.
486 2569 91 36 Had
591 2580 52 25 we
660 2581 102 24 arms
776 2571 60 34 for
849 2571 106 35 three
968 2572 200 34 thousand
1184 2573 91 34 such
1297 2573 112 35 black
1431 2585 85 24 men
1532 2585 44 24 as
1590 2574 19 35 I
1623 2575 112 34 could
1750 2576 111 34 select

330 2624 41 35 in
385 2623 189 46 Carolina,
590 2625 19 44 I
624 2625 138 44 should
776 2626 100 43 have
890 2637 51 32 no
958 2626 124 43 doubt
1098 2627 43 42 of
1158 2637 143 32 success
1322 2629 40 40 in
1385 2629 150 43 driving
1548 2630 66 42 the
1628 2629 145 43 British
1789 2633 72 39 out

331 2679 45 35 of
392 2679 175 44 Georgia,
585 2681 77 42 and
677 2681 193 45 subduing
883 2681 100 45 East
1004 2681 158 45 Florida
1181 2683 127 43 before
1328 2684 66 42 the
1408 2685 72 41 end
1495 2685 44 41 of
1554 2684 128 43 July."

430 2745 324 58 Washington
770 2747 134 56 knew
920 2748 83 55 the
1021 2750 181 54 temper
1222 2749 53 55 of
1294 2750 82 54 the
1404 2749 324 55 Southerners.
1782 2750 75 54 He

328 2824 101 32 was
462 2812 100 45 well
598 2826 156 31 aware
777 2815 118 43 that
921 2814 156 44 slaves
1104 2815 138 43 could
1269 2818 90 40 not
1384 2816 58 43 be
1467 2818 247 42 entrusted
1739 2818 117 42 with

332 2891 130 30 arms
479 2879 166 43 within
664 2880 131 56 sight
814 2880 53 56 of
886 2881 83 55 the
996 2881 205 55 enemy's
1227 2894 152 44 camp,
1411 2882 94 56 and
1531 2882 166 56 within
1722 2883 133 55 hear¬

327 2944 86 57 ing
431 2944 54 57 of
503 2943 75 58 his
595 2945 357 56 proclamation
972 2945 54 56 of
1045 2946 205 55 freedom
1274 2949 57 52 to
1359 2948 64 53 all
1448 2947 105 54 who
1571 2949 157 52 would
1748 2949 105 56 join
