2200 3300
333 296 98 44 286

646 300 221 43 History
894 311 63 32 of
984 310 97 33 the
1106 298 165 45 Black
1295 295 253 48 Phalanx.

874 937 288 48 CHAPTER
1187 935 129 50 Vni.

683 1064 102 34 THE
806 1063 138 35 ARMY
967 1061 64 37 OF
1052 1060 103 38 THE
1177 1054 340 44 CUMBERLAND.

438 1175 281 56 Important
745 1174 196 57 services
966 1184 116 47 were
1107 1169 221 62 rendered
1354 1169 66 62 by
1444 1167 84 64 the
1552 1166 224 65 Phalanx
1808 1165 51 66 in

336 1243 87 43 the
455 1242 146 44 West.
655 1241 98 45 The
788 1238 278 56 operations
1100 1237 49 57 in
1192 1234 234 60 Missouri,
1464 1232 255 62 Tennessee
1762 1233 96 61 and

339 1309 270 53 Kentucky,
640 1306 211 56 afforded
879 1317 64 45 an
969 1303 221 59 excellent
1218 1300 319 62 opportunity
1562 1302 56 60 to
1636 1299 83 63 the
1737 1311 123 51 com¬

339 1377 223 43 manders
581 1374 53 46 of
653 1373 83 47 the
754 1371 156 49 Union
927 1370 147 50 forces
1092 1370 55 50 to
1166 1368 124 52 raise
1315 1378 147 43 negro
1487 1368 174 53 troops
1678 1365 49 56 in
1745 1365 115 56 such

339 1444 225 56 portions
582 1441 54 59 of
653 1440 85 60 the
753 1437 232 63 territory
1011 1448 57 52 as
1092 1434 116 66 they
1224 1432 130 68 held;
1374 1433 90 67 but
1481 1431 48 69 in
1548 1443 313 57 consequence

340 1511 57 42 of
415 1511 84 42 the
532 1509 253 44 bitterness
813 1503 196 55 against
1036 1500 114 58 such
1178 1499 162 59 action
1366 1499 65 59 by
1455 1498 84 60 the
1556 1495 304 63 semi-Union¬

340 1578 92 42 ists
451 1576 95 44 and
566 1570 328 58 Copperheads
920 1568 48 60 in
994 1567 83 61 the
1103 1565 312 63 Department
1442 1564 54 64 of
1514 1563 84 65 the
1624 1562 121 66 Ohio
1764 1563 96 65 and

342 1641 326 51 Cumberland,
695 1639 43 53 it
765 1650 96 42 was
893 1637 92 55 not
1019 1632 124 60 until
1176 1632 83 60 the
1292 1630 83 62 fall
1401 1630 56 62 of
1476 1629 128 63 1863
1638 1629 117 63 that
1779 1628 84 64 the

344 1708 280 56 organizing
651 1706 52 58 of
723 1704 114 60 such
861 1705 174 59 troops
1061 1699 48 65 in
1127 1698 133 66 these
1277 1696 337 68 Departments
1631 1694 140 70 fairly
1788 1694 74 70 be¬

342 1789 113 42 gan.
509 1774 98 57 The
632 1769 280 62 Mississippi
938 1779 98 52 was
1062 1763 231 68 well-nigh
1319 1761 213 70 guarded
1558 1762 65 69 by
1641 1760 222 71 Phalanx

343 1841 255 54 regiments
616 1837 195 58 enlisted
831 1836 147 59 along
992 1833 116 62 that
1126 1830 137 65 river,
1284 1828 282 67 numbering
1583 1827 155 68 about
1755 1826 106 69 fifty

342 1905 248 44 thousand
616 1917 119 32 men.
789 1902 130 53 They
944 1897 280 58 garrisoned
1257 1896 85 59 the
1374 1894 352 61 fortifications,
1764 1893 96 62 and

344 1972 222 53 occupied
583 1971 84 54 the
683 1967 227 58 captured
928 1969 169 56 towns.
1135 1964 149 61 Later
1302 1975 78 50 on,
1391 1961 230 64 however,
1632 1960 131 65 when
1780 1960 84 65 the

346 2038 295 42 confederate
660 2033 194 47 General
880 2032 164 55 Bragg
1069 2031 156 56 began
1252 2027 338 60 preparations
1608 2027 74 60 for
1698 2026 83 61 the
1797 2040 66 47 re¬

346 2115 172 42 covery
529 2102 53 55 of
592 2102 83 55 the
684 2100 253 57 Tennessee
946 2097 178 60 Yalley,
1137 2096 337 61 organization
1485 2095 55 62 of
1549 2095 84 62 the
1642 2095 222 62 Phalanx

344 2167 297 45 commenced
658 2168 49 44 in
724 2167 202 50 earnest,
948 2163 95 54 and
1061 2163 255 56 proceeded
1334 2163 115 56 with
1468 2176 33 43 a
1517 2163 215 56 rapidity
1747 2162 118 57 that

347 2233 270 44 astounded
644 2245 114 32 even
781 2231 142 46 those
948 2230 105 47 who
1078 2242 117 35 were
1219 2229 249 48 favorable
1492 2231 58 46 to
1574 2230 86 47 the
1693 2230 168 56 policy.

347 2300 71 42 St.
437 2298 148 44 Louis
603 2298 188 44 became
809 2310 31 32 a
865 2296 148 55 depot
1039 2295 97 56 and
1162 2295 189 56 Benton
1368 2295 240 56 Barracks
1628 2310 31 41 a
1676 2298 190 53 recruit¬

347 2367 85 53 ing
448 2364 200 56 station,
667 2363 123 57 from
808 2363 193 57 whence,
1022 2362 49 58 in
1088 2363 82 57 the
1187 2362 82 58 fall
1288 2362 55 58 of
1363 2363 143 57 1863,
1526 2367 125 53 went
1669 2378 147 43 many
1836 2378 32 43 a

347 2431 231 55 regiment
597 2429 53 57 of
669 2429 147 57 brave
833 2429 139 57 black
990 2443 119 43 men,
1131 2429 156 57 whose
1312 2429 273 57 chivalrous
1611 2432 140 54 deeds
1776 2431 91 55 will

346 2510 111 29 ever
480 2496 91 43 live
602 2495 50 44 in
684 2495 85 44 the
801 2496 172 43 annals
999 2496 56 43 of
1071 2497 84 42 the
1180 2494 185 45 nation.
1419 2495 50 44 It
1502 2509 100 30 was
1635 2499 93 41 not
1751 2497 121 56 long

350 2563 123 42 after
489 2561 98 44 this
603 2561 116 44 time
734 2561 116 44 that
864 2562 85 43 the
966 2562 140 43 noble
1123 2561 146 53 Army
1288 2560 54 54 of
1361 2560 83 54 the
1461 2560 313 54 Cumberland
1794 2561 75 53 be¬

348 2641 100 43 gan
464 2630 57 54 to
539 2626 172 58 receive
729 2640 32 44 a
777 2628 197 56 portion
993 2627 53 57 of
1056 2627 83 57 the
1156 2625 139 59 black
1311 2628 188 56 troops,
1519 2627 158 57 whose
1695 2629 175 55 shouts

350 2707 125 42 rang
489 2693 215 56 through
718 2694 85 55 the
828 2692 255 57 mountain
1106 2691 269 58 fastnesses.
1429 2689 100 60 The
1546 2694 163 55 record
1728 2695 143 54 made

349 2762 67 54 by
441 2760 82 56 the
551 2759 120 57 60th
696 2759 247 57 Regiment
968 2758 40 58 is
1033 2758 83 58 the
1140 2757 148 59 boast
1315 2755 54 61 of
1387 2755 83 61 the
1488 2754 140 62 State
1646 2758 54 58 of
1719 2758 148 58 Iowa,

350 2830 59 39 to
427 2826 147 43 which
591 2826 41 43 it
649 2838 97 31 was
766 2823 281 46 accredited:
1067 2823 90 46 but
1175 2821 54 48 of
1247 2821 140 48 those
1404 2820 148 49 which
1568 2826 126 43 went
1710 2827 58 42 to
1785 2826 86 43 the

352 2893 263 42 assistance
651 2890 52 45 of
725 2889 194 46 General
945 2886 226 49 Thomas'
1208 2899 139 41 army
1380 2898 124 42 none
1536 2899 108 41 won
1678 2891 193 51 greater

351 2958 282 44 distinction
668 2955 96 47 and
797 2954 157 48 honor
986 2953 123 49 than
1149 2952 83 50 the
1274 2951 188 55 gallant
1504 2951 199 55 brigade
1745 2965 126 41 com-
