2217 3312
834 302 106 44 The
967 304 124 44 "War
1117 318 64 31 of
1208 307 145 44 1812.

1794 310 62 44 79

324 438 65 31 on
406 426 135 46 Lake
557 429 123 58 Erie,
702 434 97 53 and
816 435 116 52 with
957 435 149 52 which
1132 437 58 50 he
1206 438 172 55 gained
1399 453 32 40 a
1448 439 198 54 decisive
1663 442 193 58 victory

324 504 116 32 over
457 495 84 43 the
557 496 183 45 British
759 500 120 54 fleet,
899 502 149 52 under
1066 505 254 49 command
1341 504 53 50 of
1416 505 122 57 Capt
1557 506 197 58 Barley:

404 580 166 45 "Sib,—I
590 586 101 39 have
709 587 81 38 this
810 592 173 33 moment
1002 591 177 43 received,
1201 592 53 42 by
1275 602 162 35 express,
1463 595 67 42 the
1554 596 172 41 enclosed
1746 599 115 38 letter

321 636 100 35 from
436 636 160 38 General
610 640 203 37 Harrison.
848 643 40 34 If
902 644 20 34 I
935 644 79 36 had
1030 645 144 36 officers
1189 647 78 34 and
1283 650 218 41 men,—and
1520 650 19 41 I
1554 651 99 40 have
1667 664 52 27 no
1734 654 128 37 doubt

320 702 81 32 you
415 693 74 41 will
502 695 93 39 send
608 697 181 43 them,—I
809 699 113 41 could
942 700 100 43 fight
1060 701 68 42 the
1147 711 143 35 enemy,
1317 703 78 43 and
1419 706 158 42 proceed
1601 718 52 33 up
1673 700 67 51 the
1753 710 105 44 lake;

321 748 85 44 but,
428 748 148 46 having
594 760 53 34 no
663 763 72 31 one
754 755 46 39 to
821 755 206 39 command
1046 757 68 37 the
1129 757 9 37 '
1147 757 196 45 Niagara,'
1371 761 77 41 and
1482 762 91 42 only
1596 774 72 30 one
1687 765 174 39 commis¬

322 804 132 35 sioned
474 805 215 38 lieutenant
709 810 80 34 and
807 811 80 34 two
909 812 132 44 acting
1060 813 243 45 lieutenants,
1322 816 194 42 whatever
1540 828 66 33 my
1620 819 133 42 wishes
1767 829 93 34 may

322 860 57 43 be,
396 861 118 44 going
529 864 73 41 out
614 863 34 42 is
663 867 72 38 out
749 865 43 40 of
808 867 67 38 the
889 868 189 42 question.
1120 869 80 41 The
1213 881 85 29 men
1315 872 94 38 that
1425 883 106 27 came
1546 874 52 43 by
1614 873 66 44 Mr,
1701 875 160 44 Champ-

321 915 54 35 lin
396 927 66 24 are
482 927 26 24 a
534 918 146 43 motley
707 922 257 45 set,—blacks,
987 923 168 46 soldiers,
1179 927 78 42 and
1279 927 110 43 boys.
1438 928 19 42 I
1481 932 146 38 cannot
1647 930 112 40 think
1778 941 81 32 you

323 981 79 25 saw
427 973 107 34 them
555 974 100 36 after
674 976 94 43 they
789 987 92 32 were
902 980 168 39 selected.
1112 981 20 38 I
1153 992 76 34 am,
1256 982 183 45 however,
1467 985 153 43 pleased
1641 988 45 40 to
1701 996 59 32 see
1781 997 78 31 any

324 1027 112 44 thing
462 1029 37 42 in
527 1029 68 42 the
621 1031 120 44 shape
768 1031 45 44 of
834 1043 27 32 a
887 1034 419 41 man."—Mackenzie's
1329 1038 81 37 Life
1433 1039 49 36 of
1500 1039 129 44 Perry,
1653 1041 78 42 vol.
1752 1051 24 32 1.
1792 1051 66 33 pp.

324 1082 196 45 165,166.

423 1162 315 47 Commodore
762 1166 250 59 Chauncey
1035 1171 117 54 then
1178 1172 205 53 rebuked
1414 1172 99 53 him
1542 1173 49 52 in
1617 1172 74 53 his
1708 1174 147 56 reply,

326 1230 96 43 and
440 1234 72 40 set
530 1231 133 44 forth
679 1233 83 43 the
779 1235 158 42 worth
956 1235 54 44 of
1028 1236 83 44 the
1128 1251 146 43 negro
1297 1251 219 43 seaman:

405 1320 169 45 "Sib,—I
601 1322 101 43 have
727 1323 93 42 been
848 1324 92 42 duly
967 1325 172 41 honored
1160 1326 91 40 with
1272 1338 100 32 your
1395 1328 133 42 letters
1552 1327 44 43 of
1611 1328 67 42 the
1696 1330 161 41 twenty-

324 1376 105 35 third
444 1377 78 34 and
535 1378 266 42 twenty-sixth
815 1379 149 43 ultimo,
982 1381 78 41 and
1074 1382 126 40 notice
1218 1393 100 32 your
1335 1386 157 39 anxiety
1509 1383 59 42 for
1583 1393 84 32 men
1683 1384 78 41 and
1776 1384 80 41 offi¬

324 1441 90 25 cers.
456 1432 19 34 I
490 1443 64 24 am
568 1433 152 43 equally
743 1434 164 42 anxious
928 1437 45 39 to
994 1434 145 42 furnish
1160 1447 97 34 you;
1282 1437 76 44 and
1373 1448 51 33 no
1440 1438 92 43 time
1549 1437 98 44 shall
1661 1438 47 43 be
1720 1438 80 43 lost
1814 1439 39 42 in

325 1487 158 44 sending
497 1489 144 42 officers
656 1489 78 42 and
755 1500 85 31 men
862 1492 44 39 to
926 1500 80 32 you
1027 1501 45 31 as
1095 1501 98 31 soon
1215 1502 45 30 as
1280 1493 66 39 the
1360 1493 125 42 public
1501 1493 138 42 service
1652 1493 73 42 will
1740 1492 110 43 allow

324 1552 60 24 me
397 1544 44 34 to
457 1544 91 34 send
561 1544 106 35 them
681 1545 99 34 from
794 1544 79 36 this
887 1545 96 35 lake.
1026 1545 20 35 I
1060 1550 126 39 regret
1199 1547 94 42 that
1305 1558 80 32 you
1407 1557 65 33 are
1492 1549 73 41 not
1585 1548 152 42 pleased
1756 1548 93 42 with

324 1597 66 34 the
404 1606 85 30 men
504 1602 85 34 sent
602 1609 79 34 you
694 1600 53 43 by
761 1600 138 43 Messrs
914 1601 197 44 Champlin
1128 1601 77 44 and
1221 1602 155 43 Forest;
1392 1602 70 43 for,
1478 1604 45 41 to
1538 1613 65 32 my
1617 1602 229 44 knowledge,

326 1661 26 24 a
371 1655 93 40 part
485 1654 43 41 of
543 1654 106 41 them
670 1665 66 30 are
755 1657 74 38 not
849 1657 203 42 surpassed
1072 1657 53 42 by
1148 1667 77 32 any
1247 1667 151 32 seamen
1418 1667 54 32 we
1492 1657 98 42 have
1610 1657 38 42 in
1663 1657 65 42 the
1742 1658 106 41 fleet:

326 1707 78 34 and
419 1706 18 36 I
451 1708 100 34 have
564 1712 67 39 yet
643 1712 45 39 to
702 1710 106 41 learn
821 1711 94 40 that
927 1711 66 40 the
1013 1712 105 39 color
1140 1712 44 39 of
1199 1712 66 39 the
1286 1712 95 43 skin,
1406 1722 45 33 or
1470 1712 67 43 the
1556 1714 67 41 cut
1643 1712 78 43 and
1741 1713 107 42 trim¬

325 1761 126 43 mings
467 1763 43 41 of
518 1763 66 41 the
597 1766 104 40 coat,
717 1774 72 32 can
803 1765 106 41 effect
923 1776 25 30 a
961 1766 124 40 man's
1102 1766 282 43 qualifications
1399 1777 45 32 or
1458 1766 214 43 usefulness.
1715 1766 19 43 I
1748 1767 102 42 have

325 1817 132 41 nearly
479 1817 85 42 fifty
585 1818 133 41 blacks
738 1829 52 30 on
810 1819 125 40 board
957 1821 42 38 of
1015 1821 78 38 this
1108 1821 94 45 ship,
1221 1822 76 44 and
1312 1832 117 34 many
1446 1822 42 44 of
1503 1821 105 45 them
1624 1832 64 34 are
1703 1831 144 35 among

325 1881 67 32 my
412 1872 88 41 best
519 1882 104 34 men;
646 1874 77 42 and
743 1869 113 47 those
875 1875 132 43 people
1027 1886 79 32 you
1126 1877 72 41 call
1219 1877 157 41 soldiers
1390 1877 99 41 have
1503 1877 92 41 been
1609 1878 45 40 to
1669 1887 66 31 sea
1747 1877 101 41 from

324 1928 81 32 two
420 1929 45 32 to
481 1930 197 32 seventeen
692 1938 129 35 years;
845 1928 78 45 and
943 1929 19 44 I
982 1940 172 34 presume
1173 1930 93 44 that
1285 1942 79 32 you
1385 1932 70 42 will
1470 1931 78 43 find
1562 1932 105 42 them
1682 1941 45 33 as
1739 1932 107 43 good

327 1981 79 34 and
420 1981 119 35 useful
554 1992 44 25 as
614 1991 77 33 any
705 1993 85 31 men
805 1993 52 31 on
870 1984 125 40 board
1009 1985 44 39 of
1067 1995 99 32 your
1179 1986 135 43 vessel;
1332 1989 45 40 at
1389 1987 100 42 least
1502 1987 31 42 if
1548 1996 79 33 you
1641 1996 72 33 can
1728 1986 119 43 judge

326 2035 53 42 by
393 2046 262 34 comparison;
671 2038 60 42 for
744 2038 114 42 those
871 2039 117 41 which
1003 2050 51 30 we
1068 2040 98 40 have
1180 2050 51 30 on
1251 2041 125 39 board
1391 2041 43 39 of
1448 2041 79 39 this
1542 2041 84 43 ship
1642 2051 65 33 are
1721 2043 126 41 atten¬

326 2090 81 35 tive
428 2091 78 34 and
528 2091 186 44 obedient,
732 2093 88 44 and,
838 2104 44 33 as
910 2094 59 43 far
990 2104 43 33 as
1053 2094 20 43 I
1093 2105 72 32 can
1181 2095 126 43 judge,
1331 2106 117 32 many
1470 2096 42 42 of
1534 2096 105 42 them
1666 2096 180 42 excellent

327 2155 169 25 seamen:
513 2149 45 32 at
573 2157 76 33 any
663 2150 97 41 rate,
776 2148 68 43 the
857 2159 84 32 men
963 2151 84 40 sent
1066 2151 45 40 to
1134 2149 104 42 Lake
1258 2150 85 41 Erie
1362 2150 99 41 have
1474 2151 92 40 been
1581 2151 158 40 selected
1752 2151 93 40 with

329 2210 26 25 a
367 2200 92 35 view
474 2201 43 34 of
532 2202 158 43 sending
706 2213 24 32 a
743 2203 72 42 fair
830 2204 229 43 proportion
1082 2204 45 43 of
1138 2206 111 41 petty
1272 2205 142 42 officers
1436 2206 77 41 and
1535 2216 168 33 seamen;
1728 2206 77 43 and
1825 2206 20 43 I

326 2265 183 34 presume,
525 2267 105 33 upon
643 2258 276 43 examination,
936 2259 33 42 it
983 2259 71 42 will
1067 2258 46 43 be
1126 2259 119 42 found
1258 2260 92 41 that
1363 2260 92 42 they
1470 2270 64 32 are
1548 2260 112 43 equal
1672 2263 46 40 to
1731 2261 117 42 those

327 2320 106 34 upon
446 2311 79 43 this
539 2312 411 42 lake.''—Mackenzie's
962 2312 79 42 Life
1056 2313 48 41 of
1112 2313 130 43 Perry,
1258 2313 76 43 vol.
1349 2314 24 42 i.
1389 2325 63 32 pp.
1469 2315 195 43 186,187.

426 2398 99 46 The
549 2400 157 44 battle
732 2401 53 43 of
807 2400 130 44 Lake
962 2400 106 44 Erie
1085 2400 40 44 is
1143 2401 82 43 the
1242 2403 130 41 most
1390 2402 290 42 memorable
1696 2403 151 43 naval

324 2464 158 47 battle
498 2466 174 57 fought
689 2467 115 56 with
829 2468 84 55 the
930 2466 202 57 British;
1161 2466 54 57 of
1233 2466 42 57 it
1299 2466 214 57 Rossiter
1539 2467 235 56 Johnson,
1794 2469 51 54 in

323 2531 75 44 his
427 2532 237 56 "History
691 2533 54 55 of
771 2533 84 55 the
880 2532 116 56 War
1021 2532 54 56 of
1096 2531 176 57 1812,"
1291 2532 49 56 in
1365 2533 83 55 the
1474 2533 287 56 description
1797 2535 57 54 of

321 2598 85 43 the
423 2601 328 54 engagement,
772 2611 137 44 says:

404 2686 84 36 "As
502 2687 66 35 the
583 2687 177 44 question
775 2685 44 46 of
833 2687 68 44 the
914 2685 166 46 fighting
1093 2685 177 46 qualities
1285 2686 43 45 of
1342 2686 66 45 the
1420 2686 113 45 black
1547 2697 92 34 man
1653 2687 72 44 has
1746 2687 99 44 since

321 2741 94 35 been
428 2742 266 43 considerably
709 2741 202 44 discussed,
927 2741 34 44 it
974 2741 33 44 is
1027 2740 124 45 worth
1171 2740 139 45 noting
1329 2741 92 44 that
1440 2741 40 44 in
1499 2743 80 42 this
1600 2742 144 43 bloody
1766 2742 78 43 and

320 2797 175 36 brilliant
507 2797 127 36 battle
648 2807 26 26 a
686 2797 107 43 large
806 2797 160 43 number
981 2795 44 45 of
1040 2794 150 46 Perry's
1204 2806 85 34 men
1302 2806 92 34 were
1407 2797 196 43 negroes."

421 2873 50 45 It
495 2886 100 32 was
621 2876 91 42 not
736 2874 84 44 left
845 2876 57 42 to
930 2871 335 47 Commodores
1300 2872 245 58 Chauncey
1564 2874 96 56 and
1679 2873 162 57 Perry,

320 2940 163 58 solely,
511 2942 57 56 to
598 2939 212 59 applaud
836 2939 155 59 them;
1019 2938 133 60 there
1176 2950 97 48 was
1291 2942 90 56 not
1399 2953 65 45 an
1480 2940 247 58 American
1744 2951 100 47 war
