2200 3300
843 300 106 43 The
976 299 124 44 War
1127 311 63 32 of
1219 301 143 50 1775.

1799 301 64 44 37

331 430 101 45 this
460 433 133 43 sable
618 434 191 55 patriot
836 434 148 55 credit
1001 433 75 56 for
1099 434 185 56 having
1309 435 115 55 been
1450 435 341 55 instrumental
1815 440 51 50 in

333 498 228 57 checking
577 499 84 56 the
679 500 182 55 British
880 501 213 54 advance
1112 501 96 54 and
1228 501 174 55 saving
1417 502 84 54 the
1519 503 110 55 day.

434 566 68 43 At
518 567 84 42 the
620 568 242 56 unveiling
880 567 53 57 of
951 568 84 56 the
1061 570 164 54 statue
1251 569 181 55 erected
1458 573 57 51 to
1541 571 84 53 the
1650 586 215 43 memory

335 633 56 43 of
412 633 112 45 Gen.
546 635 183 56 Joseph
746 635 212 56 Warren,
970 636 106 55 who
1094 636 75 55 fell
1188 638 55 53 at
1260 636 191 55 Bunker
1468 637 112 55 Hill,
1592 640 83 52 the
1694 644 174 48 orator

337 701 55 43 of
411 702 85 43 the
514 703 237 53 occasion,
773 702 127 54 Hon.
922 702 205 54 Edward
1146 703 210 54 Everett,
1378 705 127 52 said:

420 771 72 35 "It
505 771 33 35 is
552 772 66 34 the
633 774 226 32 monument
880 772 43 34 of
932 772 66 34 the
1013 769 78 44 day
1106 771 43 42 of
1164 772 67 41 the
1244 775 123 40 event,
1384 773 43 42 of
1443 773 66 42 the
1521 773 127 42 battle
1663 773 43 42 of
1715 773 152 42 Bunker

336 826 98 45 Hill;
452 828 53 43 all
526 828 44 43 of
584 829 67 42 the
671 829 120 42 brave
811 839 85 32 men
917 828 84 43 who
1024 828 138 43 shared
1183 828 52 43 its
1256 829 266 43 perils,—alike
1537 830 43 42 of
1596 829 178 43 Prescott
1788 829 79 43 and

337 883 173 35 Putnam
526 885 78 34 and
618 884 169 43 Warren,
804 885 67 42 the
882 884 113 43 chiefs
1017 884 43 43 of
1075 884 67 43 the
1156 884 89 43 day,
1262 885 79 42 and
1361 885 67 42 the
1442 885 152 42 colored
1608 895 102 34 man,
1729 884 135 45 Salem,

336 940 99 43 who,
452 940 32 43 is
498 941 180 42 reported
698 943 45 40 to
765 940 100 43 have
886 940 91 43 shot
998 940 67 43 the
1085 940 153 43 gallant
1259 940 182 43 Pitcairn,
1465 951 44 32 as
1530 941 46 42 he
1596 940 184 43 mounted
1801 940 68 43 the

336 998 179 41 parapet.
559 995 92 44 Cold
666 1006 45 33 as
725 995 66 44 the
804 995 106 44 clods
926 1006 51 33 on
991 995 118 44 which
1123 996 34 43 it
1171 998 109 41 rests,
1292 996 78 43 still
1385 1006 43 33 as
1443 996 66 43 the
1524 996 111 43 silent
1650 995 157 44 Heaven
1821 998 47 41 to

337 1051 119 34 which
471 1051 34 34 it
519 1061 122 33 soars,
657 1051 34 43 it
704 1051 33 43 is
751 1053 67 41 yet
831 1051 123 43 vocal,
972 1050 189 44 eloquent,
1178 1051 39 43 in
1231 1051 98 43 their
1344 1051 212 43 individual
1569 1050 163 44 praise."

439 1128 99 42 The
580 1128 242 56 following
862 1128 42 56 is
948 1141 32 43 a
1022 1141 123 43 copy
1182 1128 53 56 of
1273 1141 31 43 a
1329 1128 206 56 petition
1561 1142 107 42 now
1702 1128 49 56 in
1784 1128 85 56 the

336 1194 202 43 Archive
557 1194 315 55 Department
891 1195 53 54 of
964 1194 402 55 Massachusetts:

360 1283 97 36 "TO
479 1283 105 36 THE
606 1283 304 36 HONORABLE
933 1282 230 37 GENERAL
1185 1282 158 37 COURT
1365 1282 65 37 OF
1450 1282 104 37 THE
1576 1282 272 37 MASSACHU¬

961 1338 162 35 SETTS'
1147 1338 110 35 BAY.

422 1394 22 17 "
454 1394 79 34 The
554 1394 232 34 subscribers
813 1394 74 43 beg
907 1394 106 43 leave
1040 1396 45 41 to
1114 1395 133 42 report
1273 1395 45 42 to
1333 1403 99 34 your
1467 1392 224 45 Honorable
1725 1393 144 44 House,

343 1449 137 43 (which
494 1460 53 32 we
562 1450 51 42 do
628 1449 40 43 in
684 1449 137 43 justice
841 1452 45 40 to
908 1450 67 42 the
995 1449 199 43 character
1209 1448 43 44 of
1268 1458 44 34 so
1334 1448 118 44 brave
1468 1458 25 34 a
1507 1448 121 44 man),
1645 1448 93 44 that
1751 1448 120 44 under

341 1515 73 24 our
429 1515 85 24 own
529 1505 263 42 observation,
810 1515 52 32 we
877 1504 145 43 declare
1035 1504 93 43 that
1149 1514 25 33 a
1194 1513 118 34 negro
1333 1513 92 34 man
1447 1503 138 44 named
1607 1502 123 45 Salem
1753 1503 115 44 Poor,

342 1560 44 34 of
415 1559 77 36 Col.
522 1559 133 42 Frye's
682 1560 197 44 regiment,
903 1559 109 45 Capt.
1036 1559 125 45 Ame's
1182 1568 202 36 company,
1407 1558 39 46 in
1473 1558 66 46 the
1567 1558 79 46 late
1672 1558 126 46 battle
1825 1559 47 45 at

342 1615 237 42 Charleston,
602 1615 174 42 behaved
796 1614 73 43 like
891 1624 51 33 an
962 1614 238 43 experienced
1229 1613 133 44 officer,
1381 1623 44 34 as
1453 1613 80 44 well
1555 1623 44 34 as
1621 1623 51 34 an
1693 1613 179 44 excellent

343 1670 150 34 soldier.
536 1670 58 34 To
618 1672 59 32 set
697 1669 105 35 forth
824 1669 231 43 particulars
1078 1669 43 43 of
1136 1669 58 43 his
1216 1668 165 44 conduct
1401 1668 125 44 would
1540 1668 46 44 be
1600 1668 162 44 tedious.
1805 1668 67 44 We

345 1726 93 41 only
452 1725 73 42 beg
538 1725 108 42 leave
659 1727 45 40 to
720 1734 82 33 say,
819 1724 39 43 in
878 1724 67 43 the
965 1734 138 34 person
1125 1722 43 46 of
1183 1723 78 45 this
1283 1723 84 45 said
1388 1733 129 35 negro,
1541 1725 144 43 centers
1708 1733 25 35 a
1753 1722 119 46 brave

345 1780 79 34 and
444 1780 154 45 gallant
620 1779 149 46 soldier.
812 1779 80 46 The
918 1779 145 46 reward
1085 1778 71 47 due
1183 1781 44 44 to
1250 1788 45 37 so
1315 1780 113 45 great
1449 1778 78 47 and
1549 1777 276 48 distinguished
1847 1787 26 38 a

343 1832 212 44 character,
572 1844 53 32 we
640 1834 145 42 submit
798 1835 46 41 to
859 1833 195 43 Congress.

387 1900 23 18 "
419 1900 117 35 Jona.
553 1899 182 45 Brewer,
753 1899 76 45 Col.

420 1955 165 34 Thomas
600 1954 136 43 Nixon,
754 1954 63 43 Lt.
834 1954 77 43 Col.

418 2010 92 34 Wm.
528 2010 214 42 Prescott,
761 2006 76 46 Col.

419 2065 130 35 Ephm.
567 2064 141 43 Corey,
726 2064 124 43 Lieut.

419 2121 154 35 Joseph
587 2120 149 42 Baker,
754 2120 123 42 Lieut.

419 2176 154 35 Joshua
586 2175 103 43 Row,
706 2175 124 43 Lieut.

418 2231 126 36 Jonas
559 2231 257 41 Richardson,
834 2229 108 43 Capt.

386 2287 244 42 Cambridge,
647 2286 84 43 Dec.
749 2285 168 44 5,1775.

428 2342 78 35 "In
521 2341 153 36 Council
687 2341 83 36 Dec.
787 2339 354 44 21,1775.—Read,
1159 2339 78 44 and
1252 2340 85 43 sent
1352 2338 121 45 down.

1172 2394 131 33 Perez
1318 2393 181 43 Morton,
1515 2392 119 44 Dep'y
1649 2391 143 45 Sec'y."

446 2475 41 42 A
506 2472 332 58 biographical
858 2474 203 56 account
1081 2471 53 59 of
1154 2470 141 60 JPeter
1322 2469 154 61 Salem
1502 2470 40 60 is
1568 2470 139 60 given
1724 2469 50 61 in
1790 2470 84 60 the

345 2542 244 55 following
606 2552 274 45 newspaper
898 2539 210 58 extract:

430 2630 148 43 "April,
602 2628 115 45 1882,
740 2628 68 45 the
827 2630 106 43 town
955 2626 44 47 of
1015 2624 276 49 Framingham
1311 2624 119 49 voted
1449 2626 45 47 to
1516 2624 106 49 place
1636 2634 26 39 a
1674 2624 199 49 memorial

347 2688 114 33 stone
476 2695 92 26 over
587 2684 67 37 the
674 2694 120 33 grave
809 2682 43 45 of
869 2682 111 45 Peter
1001 2680 135 47 Salem,
1154 2679 97 48 alias
1272 2678 124 49 Salem
1418 2678 214 49 Middlesex,
1648 2679 126 48 whose
1793 2679 80 48 last

346 2741 149 45 resting
508 2741 106 45 place
627 2740 40 46 in
680 2739 67 47 the
762 2738 63 48 old
847 2736 126 50 burial
993 2735 152 51 ground
1167 2745 51 41 an
1239 2734 276 52 Framingham
1536 2733 132 53 Centre
1687 2734 73 52 has
1780 2734 93 52 been

347 2795 215 37 unmarked
582 2795 60 37 for
662 2803 123 33 years.
829 2792 79 44 For
928 2791 79 45 this
1027 2800 166 36 purpose
1214 2788 103 48 $150
1338 2800 78 36 was
1438 2790 275 46 appropriated
1734 2789 53 47 by
1806 2790 68 46 the

347 2854 120 33 town.
510 2850 79 37 The
603 2849 219 38 committee
835 2847 39 40 in
888 2846 140 42 charge
1043 2845 43 43 of
1100 2845 67 43 the
1186 2847 146 41 matter
1344 2845 72 43 has
1430 2846 132 43 placed
1577 2857 25 32 a
1615 2848 93 41 neat
1720 2844 153 45 granite

349 2905 200 36 memorial
564 2915 91 26 over
669 2904 58 37 his
741 2913 131 33 grave,
889 2901 78 45 and
981 2901 33 45 it
1027 2900 112 46 bears
1152 2900 67 46 the
1238 2900 193 46 following
1442 2901 243 45 inscription:
1729 2901 22 45 "
1761 2900 112 46 Peter

348 2961 139 43 Salem,
503 2971 27 33 a
544 2959 139 45 soldier
697 2959 44 45 of
756 2958 66 46 the
836 2957 228 47 revolution,
1080 2955 92 49 Died
1186 2955 96 49 Aug.
1293 2955 188 49 16,1816.
1523 2955 182 49 Concord,
1721 2955 153 49 Bunker

1117 1898 230 34 Eliphalet
1362 1898 208 42 Bodwell,
1588 1897 102 43 Sg't.

1118 1954 138 34 Josiah
1270 1954 168 41 Foster,
1456 1952 121 43 Lieut.

1117 2008 149 35 Ebenr.
1283 2008 181 43 Varnum,
1482 2009 78 42 2nd
1576 2008 120 43 Lieut.

1117 2064 89 34 Wm.
1224 2063 162 35 Hudson
1402 2063 201 43 Ballard,
1620 2062 110 44 Capt.

1118 2119 91 34 Wm.
1225 2118 134 42 Smith,
1377 2118 89 43 Cap.

1118 2174 105 35 John
1237 2173 182 42 Mopton,
1436 2173 122 43 Sergt.
1578 2173 52 44 (?)

1117 2229 123 34 Lieut.
1256 2228 171 35 Richard
1442 2228 156 35 Welsh.
