<?xml version="1.0" encoding="utf-8"?>
<alto xmlns:xlink="http://www.w3.org/1999/xlink" xmlns:xsi="http://www.w3.org/2001/XMLSchema-instance" xsi:schemaLocation="http://www.loc.gov/standards/alto/ns-v2# http://www.loc.gov/standards/alto/alto-v2.0.xsd" xmlns="http://www.loc.gov/standards/alto/ns-v2#">
  <Description>
    <MeasurementUnit>pixel</MeasurementUnit>
    <sourceImageInformation>
      <fileName>0458.tif</fileName>
    </sourceImageInformation>
    <OCRProcessing ID="Processing">
      <ocrProcessingStep>
        <processingStepSettings>Image Resolution:400</processingStepSettings>
        <processingSoftware>
          <softwareCreator>I2S Kirtas</softwareCreator>
          <softwareName>Limb</softwareName>
          <softwareVersion>1.0</softwareVersion>
          <applicationDescription>Abbyy10 OCR Engine</applicationDescription>
        </processingSoftware>
      </ocrProcessingStep>
    </OCRProcessing>
  </Description>
  <Styles>
    <TextStyle ID="StyleId-0" FONTSIZE="10" FONTFAMILY="Times New Roman" />
    <TextStyle ID="StyleId-1" FONTSIZE="8" FONTFAMILY="Times New Roman" />
  </Styles>
  <Layout>
    <Page ID="P461" PHYSICAL_IMG_NR="461" HEIGHT="3300" WIDTH="2200" ACCURACY="0.711608768" QUALITY_DETAIL="359 words, 1851 chars, 1227 with recognition greater than 50% (66.29%)">
      <TopMargin ID="P461_TM00001" HPOS="0" VPOS="0" WIDTH="2200" HEIGHT="259" />
      <LeftMargin ID="P461_LM00001" HPOS="0" VPOS="259" WIDTH="326" HEIGHT="2682" />
      <RightMargin ID="P461_RM00001" HPOS="1885" VPOS="259" WIDTH="315" HEIGHT="2682" />
      <BottomMargin ID="P461_BM00001" HPOS="0" VPOS="2941" WIDTH="2200" HEIGHT="359" />
      <PrintSpace ID="P461_PS00001" HPOS="326" VPOS="259" WIDTH="1559" HEIGHT="2682">
        <TextBlock ID="P461_TB00001" HPOS="326" VPOS="259" WIDTH="1559" HEIGHT="2682">
          <TextLine ID="P461_TL00001" HPOS="336" VPOS="267" WIDTH="1209" HEIGHT="31">
            <String ID="P461_S00001" HPOS="337" VPOS="269" WIDTH="100" HEIGHT="40" STYLEREFS="StyleId-0" CONTENT="460" WC="0.25" CC="777" />
            <SP ID="P461_SP00001" WIDTH="0" HPOS="0" VPOS="0" />
            <String ID="P461_S00002" HPOS="639" VPOS="264" WIDTH="222" HEIGHT="45" STYLEREFS="StyleId-0" CONTENT="History" WC="0.582857132" CC="7054074" />
            <SP ID="P461_SP00002" WIDTH="0" HPOS="0" VPOS="0" />
            <String ID="P461_S00003" HPOS="889" VPOS="273" WIDTH="63" HEIGHT="36" STYLEREFS="StyleId-0" CONTENT="of" WC="0.6" CC="16" />
            <SP ID="P461_SP00003" WIDTH="0" HPOS="0" VPOS="0" />
            <String ID="P461_S00004" HPOS="979" VPOS="272" WIDTH="96" HEIGHT="37" STYLEREFS="StyleId-0" CONTENT="the" WC="0.7633333" CC="070" />
            <SP ID="P461_SP00004" WIDTH="0" HPOS="0" VPOS="0" />
            <String ID="P461_S00005" HPOS="1100" VPOS="260" WIDTH="167" HEIGHT="49" STYLEREFS="StyleId-0" CONTENT="Black" WC="0.376" CC="67556" />
            <SP ID="P461_SP00005" WIDTH="0" HPOS="0" VPOS="0" />
            <String ID="P461_S00006" HPOS="1290" VPOS="257" WIDTH="255" HEIGHT="52" STYLEREFS="StyleId-0" CONTENT="Phalanx." WC="0.36" CC="767719101" />
          </TextLine>
          <TextLine ID="P461_TL00002" HPOS="341" VPOS="391" WIDTH="1510" HEIGHT="38">
            <String ID="P461_S00007" HPOS="341" VPOS="399" WIDTH="59" HEIGHT="35" STYLEREFS="StyleId-1" CONTENT="He" WC="0.59" CC="52" />
            <SP ID="P461_SP00006" WIDTH="0" HPOS="0" VPOS="0" />
            <String ID="P461_S00008" HPOS="416" VPOS="408" WIDTH="78" HEIGHT="26" STYLEREFS="StyleId-1" CONTENT="was" WC="0.5733333" CC="606" />
            <SP ID="P461_SP00007" WIDTH="0" HPOS="0" VPOS="0" />
            <String ID="P461_S00009" HPOS="512" VPOS="396" WIDTH="275" HEIGHT="42" STYLEREFS="StyleId-1" CONTENT="out-marched," WC="0.6075" CC="085036407084" />
            <SP ID="P461_SP00008" WIDTH="0" HPOS="0" VPOS="0" />
            <String ID="P461_S00010" HPOS="806" VPOS="395" WIDTH="243" HEIGHT="43" STYLEREFS="StyleId-1" CONTENT="out-fought^" WC="0.606363654" CC="07130075729" />
            <SP ID="P461_SP00009" WIDTH="0" HPOS="0" VPOS="0" />
            <String ID="P461_S00011" HPOS="1059" VPOS="390" WIDTH="225" HEIGHT="48" STYLEREFS="StyleId-1" CONTENT="out-witted," WC="0.773636341" CC="00516400022" />
            <SP ID="P461_SP00010" WIDTH="0" HPOS="0" VPOS="0" />
            <String ID="P461_S00012" HPOS="1301" VPOS="376" WIDTH="497" HEIGHT="62" STYLEREFS="StyleId-1" CONTENT="out-generaled—defeated" WC="0.73" CC="0090408050007900303800" />
            <SP ID="P461_SP00011" WIDTH="0" HPOS="0" VPOS="0" />
            <String ID="P461_S00013" HPOS="1812" VPOS="376" WIDTH="39" HEIGHT="62" STYLEREFS="StyleId-1" CONTENT="iD" WC="0.625" CC="07" />
          </TextLine>
          <TextLine ID="P461_TL00003" HPOS="340" VPOS="446" WIDTH="1510" HEIGHT="37">
            <String ID="P461_S00014" HPOS="341" VPOS="466" WIDTH="114" HEIGHT="29" STYLEREFS="StyleId-1" CONTENT="every" WC="0.576" CC="77042" />
            <SP ID="P461_SP00012" WIDTH="0" HPOS="0" VPOS="0" />
            <String ID="P461_S00015" HPOS="478" VPOS="452" WIDTH="166" HEIGHT="45" STYLEREFS="StyleId-1" CONTENT="possible" WC="0.53375" CC="40575670" />
            <SP ID="P461_SP00013" WIDTH="0" HPOS="0" VPOS="0" />
            <String ID="P461_S00016" HPOS="659" VPOS="462" WIDTH="95" HEIGHT="35" STYLEREFS="StyleId-1" CONTENT="way." WC="0.69" CC="4250" />
            <SP ID="P461_SP00014" WIDTH="0" HPOS="0" VPOS="0" />
            <String ID="P461_S00017" HPOS="796" VPOS="450" WIDTH="60" HEIGHT="47" STYLEREFS="StyleId-1" CONTENT="He" WC="0.45" CC="64" />
            <SP ID="P461_SP00015" WIDTH="0" HPOS="0" VPOS="0" />
            <String ID="P461_S00018" HPOS="876" VPOS="450" WIDTH="78" HEIGHT="47" STYLEREFS="StyleId-1" CONTENT="and" WC="0.473333329" CC="087" />
            <SP ID="P461_SP00016" WIDTH="0" HPOS="0" VPOS="0" />
            <String ID="P461_S00019" HPOS="973" VPOS="449" WIDTH="60" HEIGHT="48" STYLEREFS="StyleId-1" CONTENT="his" WC="0.473333329" CC="716" />
            <SP ID="P461_SP00017" WIDTH="0" HPOS="0" VPOS="0" />
            <String ID="P461_S00020" HPOS="1053" VPOS="458" WIDTH="122" HEIGHT="39" STYLEREFS="StyleId-1" CONTENT="army," WC="0.48" CC="803103" />
            <SP ID="P461_SP00018" WIDTH="0" HPOS="0" VPOS="0" />
            <String ID="P461_S00021" HPOS="1191" VPOS="455" WIDTH="112" HEIGHT="42" STYLEREFS="StyleId-1" CONTENT="every" WC="0.582" CC="070310" />
            <SP ID="P461_SP00019" WIDTH="0" HPOS="0" VPOS="0" />
            <String ID="P461_S00022" HPOS="1316" VPOS="453" WIDTH="103" HEIGHT="44" STYLEREFS="StyleId-1" CONTENT="man," WC="0.6275" CC="7070" />
            <SP ID="P461_SP00020" WIDTH="0" HPOS="0" VPOS="0" />
            <String ID="P461_S00023" HPOS="1443" VPOS="436" WIDTH="230" HEIGHT="61" STYLEREFS="StyleId-1" CONTENT="numbering" WC="0.411111116" CC="759424477" />
            <SP ID="P461_SP00021" WIDTH="0" HPOS="0" VPOS="0" />
            <String ID="P461_S00024" HPOS="1691" VPOS="431" WIDTH="159" HEIGHT="66" STYLEREFS="StyleId-1" CONTENT="27,516," WC="0.567142844" CC="7446006" />
          </TextLine>
          <TextLine ID="P461_TL00004" HPOS="344" VPOS="501" WIDTH="1485" HEIGHT="37">
            <String ID="P461_S00025" HPOS="344" VPOS="507" WIDTH="258" HEIGHT="38" STYLEREFS="StyleId-1" CONTENT="surrendered." WC="0.663333356" CC="776506002040" />
            <SP ID="P461_SP00022" WIDTH="0" HPOS="0" VPOS="0" />
            <String ID="P461_S00026" HPOS="647" VPOS="507" WIDTH="58" HEIGHT="38" STYLEREFS="StyleId-1" CONTENT="He" WC="0.635" CC="70" />
            <SP ID="P461_SP00023" WIDTH="0" HPOS="0" VPOS="0" />
            <String ID="P461_S00027" HPOS="720" VPOS="506" WIDTH="77" HEIGHT="39" STYLEREFS="StyleId-1" CONTENT="and" WC="0.123333335" CC="979" />
            <SP ID="P461_SP00024" WIDTH="0" HPOS="0" VPOS="0" />
            <String ID="P461_S00028" HPOS="810" VPOS="505" WIDTH="59" HEIGHT="40" STYLEREFS="StyleId-1" CONTENT="his" WC="0.66" CC="037" />
            <SP ID="P461_SP00025" WIDTH="0" HPOS="0" VPOS="0" />
            <String ID="P461_S00029" HPOS="884" VPOS="515" WIDTH="121" HEIGHT="31" STYLEREFS="StyleId-1" CONTENT="army," WC="0.488" CC="941002" />
            <SP ID="P461_SP00026" WIDTH="0" HPOS="0" VPOS="0" />
            <String ID="P461_S00030" HPOS="1021" VPOS="510" WIDTH="112" HEIGHT="36" STYLEREFS="StyleId-1" CONTENT="every" WC="0.604" CC="040510" />
            <SP ID="P461_SP00027" WIDTH="0" HPOS="0" VPOS="0" />
            <String ID="P461_S00031" HPOS="1146" VPOS="512" WIDTH="102" HEIGHT="34" STYLEREFS="StyleId-1" CONTENT="man," WC="0.7375" CC="0063" />
            <SP ID="P461_SP00028" WIDTH="0" HPOS="0" VPOS="0" />
            <String ID="P461_S00032" HPOS="1265" VPOS="509" WIDTH="78" HEIGHT="37" STYLEREFS="StyleId-1" CONTENT="was" WC="0.5133333" CC="905" />
            <SP ID="P461_SP00029" WIDTH="0" HPOS="0" VPOS="0" />
            <String ID="P461_S00033" HPOS="1358" VPOS="496" WIDTH="59" HEIGHT="50" STYLEREFS="StyleId-1" CONTENT="fed" WC="1" CC="000" />
            <SP ID="P461_SP00030" WIDTH="0" HPOS="0" VPOS="0" />
            <String ID="P461_S00034" HPOS="1431" VPOS="496" WIDTH="54" HEIGHT="50" STYLEREFS="StyleId-1" CONTENT="by" WC="1" CC="00" />
            <SP ID="P461_SP00031" WIDTH="0" HPOS="0" VPOS="0" />
            <String ID="P461_S00035" HPOS="1499" VPOS="494" WIDTH="67" HEIGHT="52" STYLEREFS="StyleId-1" CONTENT="the" WC="0.79" CC="006" />
            <SP ID="P461_SP00032" WIDTH="0" HPOS="0" VPOS="0" />
            <String ID="P461_S00036" HPOS="1580" VPOS="486" WIDTH="249" HEIGHT="60" STYLEREFS="StyleId-1" CONTENT="conqueror.&quot;" WC="0.6736364" CC="00706570531" />
          </TextLine>
          <TextLine ID="P461_TL00005" HPOS="445" VPOS="594" WIDTH="1406" HEIGHT="42">
            <String ID="P461_S00037" HPOS="445" VPOS="598" WIDTH="145" HEIGHT="42" STYLEREFS="StyleId-0" CONTENT="From" WC="0.41" CC="10606" />
            <SP ID="P461_SP00033" WIDTH="0" HPOS="0" VPOS="0" />
            <String ID="P461_S00038" HPOS="618" VPOS="597" WIDTH="83" HEIGHT="43" STYLEREFS="StyleId-0" CONTENT="the" WC="0.563333333" CC="570" />
            <SP ID="P461_SP00034" WIDTH="0" HPOS="0" VPOS="0" />
            <String ID="P461_S00039" HPOS="727" VPOS="597" WIDTH="113" HEIGHT="43" STYLEREFS="StyleId-0" CONTENT="date" WC="0.585" CC="6450" />
            <SP ID="P461_SP00035" WIDTH="0" HPOS="0" VPOS="0" />
            <String ID="P461_S00040" HPOS="867" VPOS="595" WIDTH="53" HEIGHT="45" STYLEREFS="StyleId-0" CONTENT="of" WC="0.815" CC="03" />
            <SP ID="P461_SP00036" WIDTH="0" HPOS="0" VPOS="0" />
            <String ID="P461_S00041" HPOS="948" VPOS="594" WIDTH="133" HEIGHT="46" STYLEREFS="StyleId-0" CONTENT="Lee's" WC="0.75" CC="10046" />
            <SP ID="P461_SP00037" WIDTH="0" HPOS="0" VPOS="0" />
            <String ID="P461_S00042" HPOS="1117" VPOS="591" WIDTH="258" HEIGHT="50" STYLEREFS="StyleId-0" CONTENT="surrender," WC="0.445" CC="4975736273" />
            <SP ID="P461_SP00038" WIDTH="0" HPOS="0" VPOS="0" />
            <String ID="P461_S00043" HPOS="1402" VPOS="587" WIDTH="85" HEIGHT="54" STYLEREFS="StyleId-0" CONTENT="the" WC="0.453333348" CC="880" />
            <SP ID="P461_SP00039" WIDTH="0" HPOS="0" VPOS="0" />
            <String ID="P461_S00044" HPOS="1514" VPOS="581" WIDTH="337" HEIGHT="60" STYLEREFS="StyleId-0" CONTENT="confederates," WC="0.6969231" CC="0260001468053" />
          </TextLine>
          <TextLine ID="P461_TL00006" HPOS="341" VPOS="660" WIDTH="1511" HEIGHT="45">
            <String ID="P461_S00045" HPOS="342" VPOS="666" WIDTH="125" HEIGHT="41" STYLEREFS="StyleId-0" CONTENT="from" WC="0.6475" CC="3550" />
            <SP ID="P461_SP00040" WIDTH="0" HPOS="0" VPOS="0" />
            <String ID="P461_S00046" HPOS="489" VPOS="662" WIDTH="214" HEIGHT="55" STYLEREFS="StyleId-0" CONTENT="Virginia" WC="0.48875" CC="707720610" />
            <SP ID="P461_SP00041" WIDTH="0" HPOS="0" VPOS="0" />
            <String ID="P461_S00047" HPOS="720" VPOS="664" WIDTH="56" HEIGHT="53" STYLEREFS="StyleId-0" CONTENT="to" WC="0.805" CC="03" />
            <SP ID="P461_SP00042" WIDTH="0" HPOS="0" VPOS="0" />
            <String ID="P461_S00048" HPOS="794" VPOS="662" WIDTH="83" HEIGHT="55" STYLEREFS="StyleId-0" CONTENT="the" WC="0.766666651" CC="060" />
            <SP ID="P461_SP00043" WIDTH="0" HPOS="0" VPOS="0" />
            <String ID="P461_S00049" HPOS="893" VPOS="658" WIDTH="294" HEIGHT="59" STYLEREFS="StyleId-0" CONTENT="Mississippi," WC="0.6766667" CC="006507503406" />
            <SP ID="P461_SP00044" WIDTH="0" HPOS="0" VPOS="0" />
            <String ID="P461_S00050" HPOS="1206" VPOS="658" WIDTH="156" HEIGHT="59" STYLEREFS="StyleId-0" CONTENT="began" WC="0.18" CC="866910" />
            <SP ID="P461_SP00045" WIDTH="0" HPOS="0" VPOS="0" />
            <String ID="P461_S00051" HPOS="1386" VPOS="656" WIDTH="59" HEIGHT="61" STYLEREFS="StyleId-0" CONTENT="to" WC="0.24" CC="96" />
            <SP ID="P461_SP00046" WIDTH="0" HPOS="0" VPOS="0" />
            <String ID="P461_S00052" HPOS="1471" VPOS="651" WIDTH="83" HEIGHT="66" STYLEREFS="StyleId-0" CONTENT="lay" WC="0.426666677" CC="0107" />
            <SP ID="P461_SP00047" WIDTH="0" HPOS="0" VPOS="0" />
            <String ID="P461_S00053" HPOS="1572" VPOS="648" WIDTH="140" HEIGHT="69" STYLEREFS="StyleId-0" CONTENT="down" WC="0.845" CC="0060" />
            <SP ID="P461_SP00048" WIDTH="0" HPOS="0" VPOS="0" />
            <String ID="P461_S00054" HPOS="1727" VPOS="645" WIDTH="125" HEIGHT="72" STYLEREFS="StyleId-0" CONTENT="their" WC="0.492" CC="07566" />
          </TextLine>
          <TextLine ID="P461_TL00007" HPOS="344" VPOS="726" WIDTH="1509" HEIGHT="38">
            <String ID="P461_S00055" HPOS="344" VPOS="743" WIDTH="146" HEIGHT="30" STYLEREFS="StyleId-0" CONTENT="arms." WC="0.562" CC="76034" />
            <SP ID="P461_SP00049" WIDTH="0" HPOS="0" VPOS="0" />
            <String ID="P461_S00056" HPOS="545" VPOS="727" WIDTH="183" HEIGHT="46" STYLEREFS="StyleId-0" CONTENT="Howell" WC="0.595" CC="763060" />
            <SP ID="P461_SP00050" WIDTH="0" HPOS="0" VPOS="0" />
            <String ID="P461_S00057" HPOS="754" VPOS="725" WIDTH="131" HEIGHT="48" STYLEREFS="StyleId-0" CONTENT="Cobb" WC="0.3" CC="6578" />
            <SP ID="P461_SP00051" WIDTH="0" HPOS="0" VPOS="0" />
            <String ID="P461_S00058" HPOS="910" VPOS="723" WIDTH="303" HEIGHT="50" STYLEREFS="StyleId-0" CONTENT="surrendered" WC="0.468181819" CC="666401088700" />
            <SP ID="P461_SP00052" WIDTH="0" HPOS="0" VPOS="0" />
            <String ID="P461_S00059" HPOS="1241" VPOS="724" WIDTH="57" HEIGHT="49" STYLEREFS="StyleId-0" CONTENT="at" WC="0.26" CC="86" />
            <SP ID="P461_SP00053" WIDTH="0" HPOS="0" VPOS="0" />
            <String ID="P461_S00060" HPOS="1330" VPOS="720" WIDTH="189" HEIGHT="53" STYLEREFS="StyleId-0" CONTENT="Macon," WC="0.845" CC="001061" />
            <SP ID="P461_SP00054" WIDTH="0" HPOS="0" VPOS="0" />
            <String ID="P461_S00061" HPOS="1549" VPOS="713" WIDTH="104" HEIGHT="60" STYLEREFS="StyleId-0" CONTENT="Ga.," WC="0.725" CC="7003" />
            <SP ID="P461_SP00055" WIDTH="0" HPOS="0" VPOS="0" />
            <String ID="P461_S00062" HPOS="1674" VPOS="725" WIDTH="63" HEIGHT="48" STYLEREFS="StyleId-0" CONTENT="on" WC="0.645" CC="07" />
            <SP ID="P461_SP00056" WIDTH="0" HPOS="0" VPOS="0" />
            <String ID="P461_S00063" HPOS="1770" VPOS="711" WIDTH="82" HEIGHT="62" STYLEREFS="StyleId-0" CONTENT="the" WC="0.8566667" CC="004" />
          </TextLine>
          <TextLine ID="P461_TL00008" HPOS="345" VPOS="792" WIDTH="1508" HEIGHT="42">
            <String ID="P461_S00064" HPOS="345" VPOS="798" WIDTH="137" HEIGHT="50" STYLEREFS="StyleId-0" CONTENT="21st;" WC="0.78" CC="70200" />
            <SP ID="P461_SP00057" WIDTH="0" HPOS="0" VPOS="0" />
            <String ID="P461_S00065" HPOS="503" VPOS="795" WIDTH="247" HEIGHT="53" STYLEREFS="StyleId-0" CONTENT="Johnston" WC="0.6075" CC="00667037" />
            <SP ID="P461_SP00058" WIDTH="0" HPOS="0" VPOS="0" />
            <String ID="P461_S00066" HPOS="779" VPOS="790" WIDTH="303" HEIGHT="58" STYLEREFS="StyleId-0" CONTENT="surrendered" WC="0.6409091" CC="107450700500" />
            <SP ID="P461_SP00059" WIDTH="0" HPOS="0" VPOS="0" />
            <String ID="P461_S00067" HPOS="1107" VPOS="791" WIDTH="57" HEIGHT="57" STYLEREFS="StyleId-0" CONTENT="to" WC="1" CC="00" />
            <SP ID="P461_SP00060" WIDTH="0" HPOS="0" VPOS="0" />
            <String ID="P461_S00068" HPOS="1192" VPOS="785" WIDTH="198" HEIGHT="63" STYLEREFS="StyleId-0" CONTENT="General" WC="0.6785714" CC="6260600" />
            <SP ID="P461_SP00061" WIDTH="0" HPOS="0" VPOS="0" />
            <String ID="P461_S00069" HPOS="1416" VPOS="783" WIDTH="231" HEIGHT="65" STYLEREFS="StyleId-0" CONTENT="Sherman" WC="0.5757143" CC="71005006" />
            <SP ID="P461_SP00062" WIDTH="0" HPOS="0" VPOS="0" />
            <String ID="P461_S00070" HPOS="1674" VPOS="791" WIDTH="63" HEIGHT="57" STYLEREFS="StyleId-0" CONTENT="on" WC="0.635" CC="16" />
            <SP ID="P461_SP00063" WIDTH="0" HPOS="0" VPOS="0" />
            <String ID="P461_S00071" HPOS="1770" VPOS="777" WIDTH="83" HEIGHT="71" STYLEREFS="StyleId-0" CONTENT="the" WC="0.8333333" CC="005" />
          </TextLine>
          <TextLine ID="P461_TL00009" HPOS="345" VPOS="858" WIDTH="1507" HEIGHT="43">
            <String ID="P461_S00072" HPOS="346" VPOS="863" WIDTH="136" HEIGHT="51" STYLEREFS="StyleId-0" CONTENT="26th," WC="0.676" CC="95001" />
            <SP ID="P461_SP00064" WIDTH="0" HPOS="0" VPOS="0" />
            <String ID="P461_S00073" HPOS="502" VPOS="862" WIDTH="49" HEIGHT="52" STYLEREFS="StyleId-0" CONTENT="in" WC="0.735" CC="05" />
            <SP ID="P461_SP00065" WIDTH="0" HPOS="0" VPOS="0" />
            <String ID="P461_S00074" HPOS="569" VPOS="860" WIDTH="157" HEIGHT="54" STYLEREFS="StyleId-0" CONTENT="North" WC="0.752" CC="60600" />
            <SP ID="P461_SP00066" WIDTH="0" HPOS="0" VPOS="0" />
            <String ID="P461_S00075" HPOS="755" VPOS="857" WIDTH="244" HEIGHT="57" STYLEREFS="StyleId-0" CONTENT="Carolina;" WC="0.594444454" CC="696610600" />
            <SP ID="P461_SP00067" WIDTH="0" HPOS="0" VPOS="0" />
            <String ID="P461_S00076" HPOS="1029" VPOS="855" WIDTH="113" HEIGHT="59" STYLEREFS="StyleId-0" CONTENT="Dick" WC="0.7975" CC="7000" />
            <SP ID="P461_SP00068" WIDTH="0" HPOS="0" VPOS="0" />
            <String ID="P461_S00077" HPOS="1168" VPOS="853" WIDTH="194" HEIGHT="61" STYLEREFS="StyleId-0" CONTENT="Taylor," WC="0.6857143" CC="3070074" />
            <SP ID="P461_SP00069" WIDTH="0" HPOS="0" VPOS="0" />
            <String ID="P461_S00078" HPOS="1383" VPOS="851" WIDTH="106" HEIGHT="63" STYLEREFS="StyleId-0" CONTENT="east" WC="0.6275" CC="0950" />
            <SP ID="P461_SP00070" WIDTH="0" HPOS="0" VPOS="0" />
            <String ID="P461_S00079" HPOS="1509" VPOS="848" WIDTH="53" HEIGHT="66" STYLEREFS="StyleId-0" CONTENT="of" WC="0.805" CC="30" />
            <SP ID="P461_SP00071" WIDTH="0" HPOS="0" VPOS="0" />
            <String ID="P461_S00080" HPOS="1580" VPOS="846" WIDTH="84" HEIGHT="68" STYLEREFS="StyleId-0" CONTENT="the" WC="1" CC="000" />
            <SP ID="P461_SP00072" WIDTH="0" HPOS="0" VPOS="0" />
            <String ID="P461_S00081" HPOS="1680" VPOS="843" WIDTH="172" HEIGHT="71" STYLEREFS="StyleId-0" CONTENT="Missis¬" WC="0.34" CC="56785102" />
          </TextLine>
          <TextLine ID="P461_TL00010" HPOS="345" VPOS="924" WIDTH="1506" HEIGHT="44">
            <String ID="P461_S00082" HPOS="345" VPOS="929" WIDTH="139" HEIGHT="54" STYLEREFS="StyleId-0" CONTENT="sippi," WC="0.433333337" CC="763763" />
            <SP ID="P461_SP00073" WIDTH="0" HPOS="0" VPOS="0" />
            <String ID="P461_S00083" HPOS="505" VPOS="942" WIDTH="64" HEIGHT="41" STYLEREFS="StyleId-0" CONTENT="on" WC="0.665" CC="06" />
            <SP ID="P461_SP00074" WIDTH="0" HPOS="0" VPOS="0" />
            <String ID="P461_S00084" HPOS="585" VPOS="928" WIDTH="84" HEIGHT="55" STYLEREFS="StyleId-0" CONTENT="the" WC="0.566666663" CC="075" />
            <SP ID="P461_SP00075" WIDTH="0" HPOS="0" VPOS="0" />
            <String ID="P461_S00085" HPOS="694" VPOS="925" WIDTH="91" HEIGHT="58" STYLEREFS="StyleId-0" CONTENT="4th" WC="0.333333343" CC="10010" />
            <SP ID="P461_SP00076" WIDTH="0" HPOS="0" VPOS="0" />
            <String ID="P461_S00086" HPOS="814" VPOS="924" WIDTH="53" HEIGHT="59" STYLEREFS="StyleId-0" CONTENT="of" WC="0.795" CC="03" />
            <SP ID="P461_SP00077" WIDTH="0" HPOS="0" VPOS="0" />
            <String ID="P461_S00087" HPOS="887" VPOS="922" WIDTH="129" HEIGHT="61" STYLEREFS="StyleId-0" CONTENT="May," WC="0.81" CC="0304" />
            <SP ID="P461_SP00078" WIDTH="0" HPOS="0" VPOS="0" />
            <String ID="P461_S00088" HPOS="1046" VPOS="921" WIDTH="97" HEIGHT="62" STYLEREFS="StyleId-0" CONTENT="and" WC="0.776666641" CC="060" />
            <SP ID="P461_SP00079" WIDTH="0" HPOS="0" VPOS="0" />
            <String ID="P461_S00089" HPOS="1169" VPOS="933" WIDTH="64" HEIGHT="50" STYLEREFS="StyleId-0" CONTENT="on" WC="0.43" CC="47" />
            <SP ID="P461_SP00080" WIDTH="0" HPOS="0" VPOS="0" />
            <String ID="P461_S00090" HPOS="1258" VPOS="919" WIDTH="84" HEIGHT="64" STYLEREFS="StyleId-0" CONTENT="the" WC="1" CC="000" />
            <SP ID="P461_SP00081" WIDTH="0" HPOS="0" VPOS="0" />
            <String ID="P461_S00091" HPOS="1367" VPOS="915" WIDTH="125" HEIGHT="68" STYLEREFS="StyleId-0" CONTENT="26th" WC="0.6325" CC="7007" />
            <SP ID="P461_SP00082" WIDTH="0" HPOS="0" VPOS="0" />
            <String ID="P461_S00092" HPOS="1516" VPOS="912" WIDTH="156" HEIGHT="71" STYLEREFS="StyleId-0" CONTENT="Kirby" WC="0.76" CC="60500" />
            <SP ID="P461_SP00083" WIDTH="0" HPOS="0" VPOS="0" />
            <String ID="P461_S00093" HPOS="1699" VPOS="910" WIDTH="151" HEIGHT="73" STYLEREFS="StyleId-0" CONTENT="Smith" WC="0.67" CC="600010" />
          </TextLine>
          <TextLine ID="P461_TL00011" HPOS="347" VPOS="990" WIDTH="1502" HEIGHT="41">
            <String ID="P461_S00094" HPOS="347" VPOS="993" WIDTH="304" HEIGHT="44" STYLEREFS="StyleId-0" CONTENT="surrendered" WC="0.5354546" CC="75668602600" />
            <SP ID="P461_SP00084" WIDTH="0" HPOS="0" VPOS="0" />
            <String ID="P461_S00095" HPOS="669" VPOS="992" WIDTH="74" HEIGHT="45" STYLEREFS="StyleId-0" CONTENT="his" WC="0.8" CC="006" />
            <SP ID="P461_SP00085" WIDTH="0" HPOS="0" VPOS="0" />
            <String ID="P461_S00096" HPOS="761" VPOS="990" WIDTH="148" HEIGHT="47" STYLEREFS="StyleId-0" CONTENT="forces" WC="0.635" CC="047306" />
            <SP ID="P461_SP00086" WIDTH="0" HPOS="0" VPOS="0" />
            <String ID="P461_S00097" HPOS="928" VPOS="989" WIDTH="115" HEIGHT="48" STYLEREFS="StyleId-0" CONTENT="west" WC="0.5925" CC="9060" />
            <SP ID="P461_SP00087" WIDTH="0" HPOS="0" VPOS="0" />
            <String ID="P461_S00098" HPOS="1063" VPOS="986" WIDTH="53" HEIGHT="51" STYLEREFS="StyleId-0" CONTENT="of" WC="0.73" CC="50" />
            <SP ID="P461_SP00088" WIDTH="0" HPOS="0" VPOS="0" />
            <String ID="P461_S00099" HPOS="1135" VPOS="986" WIDTH="83" HEIGHT="51" STYLEREFS="StyleId-0" CONTENT="the" WC="0.6666667" CC="0100" />
            <SP ID="P461_SP00089" WIDTH="0" HPOS="0" VPOS="0" />
            <String ID="P461_S00100" HPOS="1235" VPOS="979" WIDTH="294" HEIGHT="58" STYLEREFS="StyleId-0" CONTENT="Mississippi." WC="0.7008333" CC="00101006600002" />
            <SP ID="P461_SP00090" WIDTH="0" HPOS="0" VPOS="0" />
            <String ID="P461_S00101" HPOS="1583" VPOS="977" WIDTH="102" HEIGHT="60" STYLEREFS="StyleId-0" CONTENT="Jeff." WC="0.92" CC="10002" />
            <SP ID="P461_SP00091" WIDTH="0" HPOS="0" VPOS="0" />
            <String ID="P461_S00102" HPOS="1706" VPOS="976" WIDTH="143" HEIGHT="61" STYLEREFS="StyleId-0" CONTENT="Davis" WC="0.584" CC="70706" />
          </TextLine>
          <TextLine ID="P461_TL00012" HPOS="345" VPOS="1057" WIDTH="1504" HEIGHT="43">
            <String ID="P461_S00103" HPOS="346" VPOS="1061" WIDTH="100" HEIGHT="41" STYLEREFS="StyleId-0" CONTENT="had" WC="0.74666667" CC="700" />
            <SP ID="P461_SP00092" WIDTH="0" HPOS="0" VPOS="0" />
            <String ID="P461_S00104" HPOS="472" VPOS="1061" WIDTH="114" HEIGHT="41" STYLEREFS="StyleId-0" CONTENT="been" WC="0.88" CC="0103" />
            <SP ID="P461_SP00093" WIDTH="0" HPOS="0" VPOS="0" />
            <String ID="P461_S00105" HPOS="614" VPOS="1057" WIDTH="242" HEIGHT="55" STYLEREFS="StyleId-0" CONTENT="captured," WC="0.6388889" CC="380078003" />
            <SP ID="P461_SP00094" WIDTH="0" HPOS="0" VPOS="0" />
            <String ID="P461_S00106" HPOS="888" VPOS="1052" WIDTH="237" HEIGHT="60" STYLEREFS="StyleId-0" CONTENT="disguised" WC="0.697777748" CC="707070500" />
            <SP ID="P461_SP00095" WIDTH="0" HPOS="0" VPOS="0" />
            <String ID="P461_S00107" HPOS="1153" VPOS="1064" WIDTH="55" HEIGHT="48" STYLEREFS="StyleId-0" CONTENT="as" WC="0.18" CC="96" />
            <SP ID="P461_SP00096" WIDTH="0" HPOS="0" VPOS="0" />
            <String ID="P461_S00108" HPOS="1236" VPOS="1063" WIDTH="31" HEIGHT="49" STYLEREFS="StyleId-0" CONTENT="a" WC="0.07" CC="9" />
            <SP ID="P461_SP00097" WIDTH="0" HPOS="0" VPOS="0" />
            <String ID="P461_S00109" HPOS="1292" VPOS="1059" WIDTH="203" HEIGHT="53" STYLEREFS="StyleId-0" CONTENT="woman," WC="0.6" CC="930064" />
            <SP ID="P461_SP00098" WIDTH="0" HPOS="0" VPOS="0" />
            <String ID="P461_S00110" HPOS="1517" VPOS="1044" WIDTH="96" HEIGHT="68" STYLEREFS="StyleId-0" CONTENT="and" WC="0.49" CC="860" />
            <SP ID="P461_SP00099" WIDTH="0" HPOS="0" VPOS="0" />
            <String ID="P461_S00111" HPOS="1637" VPOS="1044" WIDTH="115" HEIGHT="68" STYLEREFS="StyleId-0" CONTENT="thus" WC="0.635" CC="0077" />
            <SP ID="P461_SP00100" WIDTH="0" HPOS="0" VPOS="0" />
            <String ID="P461_S00112" HPOS="1768" VPOS="1043" WIDTH="81" HEIGHT="69" STYLEREFS="StyleId-0" CONTENT="the" WC="0.6666667" CC="0100" />
          </TextLine>
          <TextLine ID="P461_TL00013" HPOS="347" VPOS="1124" WIDTH="1503" HEIGHT="43">
            <String ID="P461_S00113" HPOS="347" VPOS="1139" WIDTH="154" HEIGHT="36" STYLEREFS="StyleId-0" CONTENT="cause," WC="0.515" CC="597700" />
            <SP ID="P461_SP00101" WIDTH="0" HPOS="0" VPOS="0" />
            <String ID="P461_S00114" HPOS="523" VPOS="1125" WIDTH="147" HEIGHT="50" STYLEREFS="StyleId-0" CONTENT="which" WC="0.8" CC="010000" />
            <SP ID="P461_SP00102" WIDTH="0" HPOS="0" VPOS="0" />
            <String ID="P461_S00115" HPOS="698" VPOS="1121" WIDTH="267" HEIGHT="57" STYLEREFS="StyleId-0" CONTENT="originated" WC="0.705" CC="06210460000" />
            <SP ID="P461_SP00103" WIDTH="0" HPOS="0" VPOS="0" />
            <String ID="P461_S00116" HPOS="994" VPOS="1119" WIDTH="49" HEIGHT="59" STYLEREFS="StyleId-0" CONTENT="in" WC="0.505" CC="27" />
            <SP ID="P461_SP00104" WIDTH="0" HPOS="0" VPOS="0" />
            <String ID="P461_S00117" HPOS="1069" VPOS="1120" WIDTH="212" HEIGHT="58" STYLEREFS="StyleId-0" CONTENT="treason," WC="0.75" CC="06024014" />
            <SP ID="P461_SP00105" WIDTH="0" HPOS="0" VPOS="0" />
            <String ID="P461_S00118" HPOS="1300" VPOS="1113" WIDTH="148" HEIGHT="65" STYLEREFS="StyleId-0" CONTENT="based" WC="0.516" CC="107600" />
            <SP ID="P461_SP00106" WIDTH="0" HPOS="0" VPOS="0" />
            <String ID="P461_S00119" HPOS="1468" VPOS="1125" WIDTH="63" HEIGHT="53" STYLEREFS="StyleId-0" CONTENT="on" WC="0.7" CC="06" />
            <SP ID="P461_SP00107" WIDTH="0" HPOS="0" VPOS="0" />
            <String ID="P461_S00120" HPOS="1548" VPOS="1112" WIDTH="83" HEIGHT="66" STYLEREFS="StyleId-0" CONTENT="the" WC="1" CC="000" />
            <SP ID="P461_SP00108" WIDTH="0" HPOS="0" VPOS="0" />
            <String ID="P461_S00121" HPOS="1647" VPOS="1110" WIDTH="202" HEIGHT="68" STYLEREFS="StyleId-0" CONTENT="enslave¬" WC="0.56625" CC="06609704" />
          </TextLine>
          <TextLine ID="P461_TL00014" HPOS="348" VPOS="1190" WIDTH="1500" HEIGHT="40">
            <String ID="P461_S00122" HPOS="348" VPOS="1195" WIDTH="133" HEIGHT="39" STYLEREFS="StyleId-0" CONTENT="ment" WC="0.82" CC="0070" />
            <SP ID="P461_SP00109" WIDTH="0" HPOS="0" VPOS="0" />
            <String ID="P461_S00123" HPOS="508" VPOS="1192" WIDTH="53" HEIGHT="42" STYLEREFS="StyleId-0" CONTENT="of" WC="0.995" CC="00" />
            <SP ID="P461_SP00110" WIDTH="0" HPOS="0" VPOS="0" />
            <String ID="P461_S00124" HPOS="583" VPOS="1203" WIDTH="31" HEIGHT="31" STYLEREFS="StyleId-0" CONTENT="a" WC="1" CC="0" />
            <SP ID="P461_SP00111" WIDTH="0" HPOS="0" VPOS="0" />
            <String ID="P461_S00125" HPOS="638" VPOS="1202" WIDTH="119" HEIGHT="39" STYLEREFS="StyleId-0" CONTENT="race," WC="0.782" CC="60004" />
            <SP ID="P461_SP00112" WIDTH="0" HPOS="0" VPOS="0" />
            <String ID="P461_S00126" HPOS="781" VPOS="1189" WIDTH="95" HEIGHT="52" STYLEREFS="StyleId-0" CONTENT="and" WC="0.77" CC="060" />
            <SP ID="P461_SP00113" WIDTH="0" HPOS="0" VPOS="0" />
            <String ID="P461_S00127" HPOS="905" VPOS="1186" WIDTH="145" HEIGHT="55" STYLEREFS="StyleId-0" CONTENT="which" WC="0.86" CC="07000" />
            <SP ID="P461_SP00114" WIDTH="0" HPOS="0" VPOS="0" />
            <String ID="P461_S00128" HPOS="1070" VPOS="1183" WIDTH="186" HEIGHT="58" STYLEREFS="StyleId-0" CONTENT="derived" WC="0.9114286" CC="0060000" />
            <SP ID="P461_SP00115" WIDTH="0" HPOS="0" VPOS="0" />
            <String ID="P461_S00129" HPOS="1275" VPOS="1182" WIDTH="65" HEIGHT="59" STYLEREFS="StyleId-0" CONTENT="its" WC="0.646666646" CC="406" />
            <SP ID="P461_SP00116" WIDTH="0" HPOS="0" VPOS="0" />
            <String ID="P461_S00130" HPOS="1359" VPOS="1180" WIDTH="112" HEIGHT="61" STYLEREFS="StyleId-0" CONTENT="only" WC="0.8125" CC="0700" />
            <SP ID="P461_SP00117" WIDTH="0" HPOS="0" VPOS="0" />
            <String ID="P461_S00131" HPOS="1490" VPOS="1179" WIDTH="171" HEIGHT="62" STYLEREFS="StyleId-0" CONTENT="chance" WC="0.7" CC="070730" />
            <SP ID="P461_SP00118" WIDTH="0" HPOS="0" VPOS="0" />
            <String ID="P461_S00132" HPOS="1680" VPOS="1176" WIDTH="53" HEIGHT="65" STYLEREFS="StyleId-0" CONTENT="of" WC="1" CC="00" />
            <SP ID="P461_SP00119" WIDTH="0" HPOS="0" VPOS="0" />
            <String ID="P461_S00133" HPOS="1753" VPOS="1188" WIDTH="95" HEIGHT="53" STYLEREFS="StyleId-0" CONTENT="suc¬" WC="0.5325" CC="6704" />
          </TextLine>
          <TextLine ID="P461_TL00015" HPOS="347" VPOS="1256" WIDTH="1498" HEIGHT="38">
            <String ID="P461_S00134" HPOS="348" VPOS="1271" WIDTH="100" HEIGHT="30" STYLEREFS="StyleId-0" CONTENT="cess" WC="0.5225" CC="6254" />
            <SP ID="P461_SP00120" WIDTH="0" HPOS="0" VPOS="0" />
            <String ID="P461_S00135" HPOS="482" VPOS="1258" WIDTH="123" HEIGHT="43" STYLEREFS="StyleId-0" CONTENT="from" WC="0.8375" CC="0600" />
            <SP ID="P461_SP00121" WIDTH="0" HPOS="0" VPOS="0" />
            <String ID="P461_S00136" HPOS="632" VPOS="1269" WIDTH="106" HEIGHT="32" STYLEREFS="StyleId-0" CONTENT="men" WC="1" CC="000" />
            <SP ID="P461_SP00122" WIDTH="0" HPOS="0" VPOS="0" />
            <String ID="P461_S00137" HPOS="764" VPOS="1255" WIDTH="104" HEIGHT="46" STYLEREFS="StyleId-0" CONTENT="who" WC="0.7966667" CC="006" />
            <SP ID="P461_SP00123" WIDTH="0" HPOS="0" VPOS="0" />
            <String ID="P461_S00138" HPOS="897" VPOS="1265" WIDTH="114" HEIGHT="36" STYLEREFS="StyleId-0" CONTENT="were" WC="0.6225" CC="9050" />
            <SP ID="P461_SP00124" WIDTH="0" HPOS="0" VPOS="0" />
            <String ID="P461_S00139" HPOS="1035" VPOS="1250" WIDTH="116" HEIGHT="51" STYLEREFS="StyleId-0" CONTENT="false" WC="0.524" CC="38470" />
            <SP ID="P461_SP00125" WIDTH="0" HPOS="0" VPOS="0" />
            <String ID="P461_S00140" HPOS="1176" VPOS="1252" WIDTH="57" HEIGHT="49" STYLEREFS="StyleId-0" CONTENT="to" WC="1" CC="00" />
            <SP ID="P461_SP00126" WIDTH="0" HPOS="0" VPOS="0" />
            <String ID="P461_S00141" HPOS="1258" VPOS="1248" WIDTH="125" HEIGHT="53" STYLEREFS="StyleId-0" CONTENT="their" WC="0.646" CC="06316" />
            <SP ID="P461_SP00127" WIDTH="0" HPOS="0" VPOS="0" />
            <String ID="P461_S00142" HPOS="1410" VPOS="1245" WIDTH="160" HEIGHT="56" STYLEREFS="StyleId-0" CONTENT="oaths," WC="0.7683333" CC="200073" />
            <SP ID="P461_SP00128" WIDTH="0" HPOS="0" VPOS="0" />
            <String ID="P461_S00143" HPOS="1599" VPOS="1241" WIDTH="246" HEIGHT="60" STYLEREFS="StyleId-0" CONTENT="collapsed." WC="0.549" CC="00775010194" />
          </TextLine>
          <TextLine ID="P461_TL00016" HPOS="351" VPOS="1323" WIDTH="1498" HEIGHT="42">
            <String ID="P461_S00144" HPOS="351" VPOS="1325" WIDTH="100" HEIGHT="41" STYLEREFS="StyleId-0" CONTENT="The" WC="0.766666651" CC="204" />
            <SP ID="P461_SP00129" WIDTH="0" HPOS="0" VPOS="0" />
            <String ID="P461_S00145" HPOS="467" VPOS="1322" WIDTH="247" HEIGHT="56" STYLEREFS="StyleId-0" CONTENT="mightiest" WC="0.7977778" CC="217000160" />
            <SP ID="P461_SP00130" WIDTH="0" HPOS="0" VPOS="0" />
            <String ID="P461_S00146" HPOS="740" VPOS="1321" WIDTH="122" HEIGHT="57" STYLEREFS="StyleId-0" CONTENT="blow" WC="1" CC="0000" />
            <SP ID="P461_SP00131" WIDTH="0" HPOS="0" VPOS="0" />
            <String ID="P461_S00147" HPOS="888" VPOS="1319" WIDTH="139" HEIGHT="59" STYLEREFS="StyleId-0" CONTENT="given" WC="0.57" CC="901010" />
            <SP ID="P461_SP00132" WIDTH="0" HPOS="0" VPOS="0" />
            <String ID="P461_S00148" HPOS="1053" VPOS="1317" WIDTH="83" HEIGHT="61" STYLEREFS="StyleId-0" CONTENT="the" WC="1" CC="000" />
            <SP ID="P461_SP00133" WIDTH="0" HPOS="0" VPOS="0" />
            <String ID="P461_S00149" HPOS="1161" VPOS="1314" WIDTH="304" HEIGHT="64" STYLEREFS="StyleId-0" CONTENT="confederacy" WC="0.806363642" CC="00740045000" />
            <SP ID="P461_SP00134" WIDTH="0" HPOS="0" VPOS="0" />
            <String ID="P461_S00150" HPOS="1489" VPOS="1323" WIDTH="98" HEIGHT="55" STYLEREFS="StyleId-0" CONTENT="was" WC="0.5466667" CC="076" />
            <SP ID="P461_SP00135" WIDTH="0" HPOS="0" VPOS="0" />
            <String ID="P461_S00151" HPOS="1606" VPOS="1309" WIDTH="160" HEIGHT="69" STYLEREFS="StyleId-0" CONTENT="struck" WC="0.748333335" CC="403700" />
            <SP ID="P461_SP00136" WIDTH="0" HPOS="0" VPOS="0" />
            <String ID="P461_S00152" HPOS="1785" VPOS="1308" WIDTH="64" HEIGHT="70" STYLEREFS="StyleId-0" CONTENT="by" WC="0.5" CC="010" />
          </TextLine>
          <TextLine ID="P461_TL00017" HPOS="349" VPOS="1389" WIDTH="1501" HEIGHT="39">
            <String ID="P461_S00153" HPOS="349" VPOS="1391" WIDTH="86" HEIGHT="42" STYLEREFS="StyleId-0" CONTENT="the" WC="0.716666639" CC="800" />
            <SP ID="P461_SP00137" WIDTH="0" HPOS="0" VPOS="0" />
            <String ID="P461_S00154" HPOS="452" VPOS="1388" WIDTH="247" HEIGHT="45" STYLEREFS="StyleId-0" CONTENT="immortal" WC="0.83375" CC="00005080" />
            <SP ID="P461_SP00138" WIDTH="0" HPOS="0" VPOS="0" />
            <String ID="P461_S00155" HPOS="718" VPOS="1384" WIDTH="359" HEIGHT="49" STYLEREFS="StyleId-0" CONTENT="Proclamation" WC="0.7316667" CC="750050080004" />
            <SP ID="P461_SP00139" WIDTH="0" HPOS="0" VPOS="0" />
            <String ID="P461_S00156" HPOS="1098" VPOS="1382" WIDTH="52" HEIGHT="51" STYLEREFS="StyleId-0" CONTENT="of" WC="1" CC="00" />
            <SP ID="P461_SP00140" WIDTH="0" HPOS="0" VPOS="0" />
            <String ID="P461_S00157" HPOS="1164" VPOS="1378" WIDTH="381" HEIGHT="55" STYLEREFS="StyleId-0" CONTENT="Emancipation," WC="0.741538465" CC="0060070902034" />
            <SP ID="P461_SP00141" WIDTH="0" HPOS="0" VPOS="0" />
            <String ID="P461_S00158" HPOS="1566" VPOS="1375" WIDTH="163" HEIGHT="58" STYLEREFS="StyleId-0" CONTENT="giving" WC="0.88" CC="000070" />
            <SP ID="P461_SP00142" WIDTH="0" HPOS="0" VPOS="0" />
            <String ID="P461_S00159" HPOS="1746" VPOS="1374" WIDTH="104" HEIGHT="59" STYLEREFS="StyleId-0" CONTENT="free¬" WC="0.752" CC="07004" />
          </TextLine>
          <TextLine ID="P461_TL00018" HPOS="350" VPOS="1454" WIDTH="1498" HEIGHT="39">
            <String ID="P461_S00160" HPOS="351" VPOS="1459" WIDTH="115" HEIGHT="40" STYLEREFS="StyleId-0" CONTENT="dom" WC="0.7866667" CC="600" />
            <SP ID="P461_SP00143" WIDTH="0" HPOS="0" VPOS="0" />
            <String ID="P461_S00161" HPOS="493" VPOS="1458" WIDTH="57" HEIGHT="41" STYLEREFS="StyleId-0" CONTENT="to" WC="0.895" CC="02" />
            <SP ID="P461_SP00144" WIDTH="0" HPOS="0" VPOS="0" />
            <String ID="P461_S00162" HPOS="577" VPOS="1455" WIDTH="107" HEIGHT="44" STYLEREFS="StyleId-0" CONTENT="four" WC="0.545" CC="0575" />
            <SP ID="P461_SP00145" WIDTH="0" HPOS="0" VPOS="0" />
            <String ID="P461_S00163" HPOS="710" VPOS="1452" WIDTH="205" HEIGHT="47" STYLEREFS="StyleId-0" CONTENT="millions" WC="0.80625" CC="00500055" />
            <SP ID="P461_SP00146" WIDTH="0" HPOS="0" VPOS="0" />
            <String ID="P461_S00164" HPOS="942" VPOS="1450" WIDTH="53" HEIGHT="49" STYLEREFS="StyleId-0" CONTENT="of" WC="0.775" CC="40" />
            <SP ID="P461_SP00147" WIDTH="0" HPOS="0" VPOS="0" />
            <String ID="P461_S00165" HPOS="1016" VPOS="1450" WIDTH="176" HEIGHT="50" STYLEREFS="StyleId-0" CONTENT="slaves;" WC="0.7242857" CC="5300036" />
            <SP ID="P461_SP00148" WIDTH="0" HPOS="0" VPOS="0" />
            <String ID="P461_S00166" HPOS="1220" VPOS="1458" WIDTH="132" HEIGHT="42" STYLEREFS="StyleId-0" CONTENT="more" WC="0.715" CC="6050" />
            <SP ID="P461_SP00149" WIDTH="0" HPOS="0" VPOS="0" />
            <String ID="P461_S00167" HPOS="1375" VPOS="1445" WIDTH="124" HEIGHT="55" STYLEREFS="StyleId-0" CONTENT="than" WC="0.5925" CC="0636" />
            <SP ID="P461_SP00150" WIDTH="0" HPOS="0" VPOS="0" />
            <String ID="P461_S00168" HPOS="1523" VPOS="1445" WIDTH="98" HEIGHT="55" STYLEREFS="StyleId-0" CONTENT="two" WC="1" CC="000" />
            <SP ID="P461_SP00151" WIDTH="0" HPOS="0" VPOS="0" />
            <String ID="P461_S00169" HPOS="1639" VPOS="1439" WIDTH="209" HEIGHT="61" STYLEREFS="StyleId-0" CONTENT="hundred" WC="0.63" CC="0760038" />
          </TextLine>
          <TextLine ID="P461_TL00019" HPOS="349" VPOS="1520" WIDTH="1501" HEIGHT="40">
            <String ID="P461_S00170" HPOS="349" VPOS="1521" WIDTH="249" HEIGHT="44" STYLEREFS="StyleId-0" CONTENT="thousand" WC="0.515" CC="703551060" />
            <SP ID="P461_SP00152" WIDTH="0" HPOS="0" VPOS="0" />
            <String ID="P461_S00171" HPOS="628" VPOS="1519" WIDTH="54" HEIGHT="46" STYLEREFS="StyleId-0" CONTENT="of" WC="0.93" CC="01" />
            <SP ID="P461_SP00153" WIDTH="0" HPOS="0" VPOS="0" />
            <String ID="P461_S00172" HPOS="701" VPOS="1519" WIDTH="169" HEIGHT="50" STYLEREFS="StyleId-0" CONTENT="whom," WC="0.718" CC="100004" />
            <SP ID="P461_SP00154" WIDTH="0" HPOS="0" VPOS="0" />
            <String ID="P461_S00173" HPOS="890" VPOS="1516" WIDTH="114" HEIGHT="53" STYLEREFS="StyleId-0" CONTENT="with" WC="0.6975" CC="02010" />
            <SP ID="P461_SP00155" WIDTH="0" HPOS="0" VPOS="0" />
            <String ID="P461_S00174" HPOS="1031" VPOS="1514" WIDTH="121" HEIGHT="55" STYLEREFS="StyleId-0" CONTENT="dash" WC="0.16" CC="69710" />
            <SP ID="P461_SP00156" WIDTH="0" HPOS="0" VPOS="0" />
            <String ID="P461_S00175" HPOS="1180" VPOS="1513" WIDTH="95" HEIGHT="56" STYLEREFS="StyleId-0" CONTENT="and" WC="0.486666679" CC="860" />
            <SP ID="P461_SP00157" WIDTH="0" HPOS="0" VPOS="0" />
            <String ID="P461_S00176" HPOS="1300" VPOS="1510" WIDTH="250" HEIGHT="59" STYLEREFS="StyleId-0" CONTENT="gallantry" WC="0.8688889" CC="003002050" />
            <SP ID="P461_SP00158" WIDTH="0" HPOS="0" VPOS="0" />
            <String ID="P461_S00177" HPOS="1574" VPOS="1506" WIDTH="193" HEIGHT="63" STYLEREFS="StyleId-0" CONTENT="excelled" WC="0.865" CC="05004000" />
            <SP ID="P461_SP00159" WIDTH="0" HPOS="0" VPOS="0" />
            <String ID="P461_S00178" HPOS="1785" VPOS="1505" WIDTH="65" HEIGHT="64" STYLEREFS="StyleId-0" CONTENT="by" WC="1" CC="00" />
          </TextLine>
          <TextLine ID="P461_TL00020" HPOS="353" VPOS="1586" WIDTH="1497" HEIGHT="40">
            <String ID="P461_S00179" HPOS="353" VPOS="1602" WIDTH="65" HEIGHT="29" STYLEREFS="StyleId-0" CONTENT="no" WC="0.49" CC="63" />
            <SP ID="P461_SP00160" WIDTH="0" HPOS="0" VPOS="0" />
            <String ID="P461_S00180" HPOS="438" VPOS="1587" WIDTH="139" HEIGHT="44" STYLEREFS="StyleId-0" CONTENT="other" WC="0.736" CC="60006" />
            <SP ID="P461_SP00161" WIDTH="0" HPOS="0" VPOS="0" />
            <String ID="P461_S00181" HPOS="594" VPOS="1599" WIDTH="120" HEIGHT="39" STYLEREFS="StyleId-0" CONTENT="race," WC="0.574" CC="77014" />
            <SP ID="P461_SP00162" WIDTH="0" HPOS="0" VPOS="0" />
            <String ID="P461_S00182" HPOS="741" VPOS="1587" WIDTH="108" HEIGHT="51" STYLEREFS="StyleId-0" CONTENT="tore" WC="0.815" CC="0070" />
            <SP ID="P461_SP00163" WIDTH="0" HPOS="0" VPOS="0" />
            <String ID="P461_S00183" HPOS="875" VPOS="1582" WIDTH="138" HEIGHT="56" STYLEREFS="StyleId-0" CONTENT="down" WC="0.6425" CC="0085" />
            <SP ID="P461_SP00164" WIDTH="0" HPOS="0" VPOS="0" />
            <String ID="P461_S00184" HPOS="1037" VPOS="1580" WIDTH="83" HEIGHT="58" STYLEREFS="StyleId-0" CONTENT="the" WC="1" CC="000" />
            <SP ID="P461_SP00165" WIDTH="0" HPOS="0" VPOS="0" />
            <String ID="P461_S00185" HPOS="1144" VPOS="1577" WIDTH="223" HEIGHT="61" STYLEREFS="StyleId-0" CONTENT="traitor's" WC="0.776666641" CC="070000508" />
            <SP ID="P461_SP00166" WIDTH="0" HPOS="0" VPOS="0" />
            <String ID="P461_S00186" HPOS="1393" VPOS="1577" WIDTH="180" HEIGHT="61" STYLEREFS="StyleId-0" CONTENT="banner" WC="0.865" CC="000206" />
            <SP ID="P461_SP00167" WIDTH="0" HPOS="0" VPOS="0" />
            <String ID="P461_S00187" HPOS="1590" VPOS="1573" WIDTH="121" HEIGHT="65" STYLEREFS="StyleId-0" CONTENT="from" WC="0.89" CC="0400" />
            <SP ID="P461_SP00168" WIDTH="0" HPOS="0" VPOS="0" />
            <String ID="P461_S00188" HPOS="1728" VPOS="1571" WIDTH="122" HEIGHT="67" STYLEREFS="StyleId-0" CONTENT="their" WC="0.79" CC="00037" />
          </TextLine>
          <TextLine ID="P461_TL00021" HPOS="353" VPOS="1652" WIDTH="1496" HEIGHT="41">
            <String ID="P461_S00189" HPOS="354" VPOS="1653" WIDTH="188" HEIGHT="44" STYLEREFS="StyleId-0" CONTENT="deemed" WC="0.8016667" CC="700400" />
            <SP ID="P461_SP00169" WIDTH="0" HPOS="0" VPOS="0" />
            <String ID="P461_S00190" HPOS="561" VPOS="1649" WIDTH="321" HEIGHT="56" STYLEREFS="StyleId-0" CONTENT="impregnable" WC="0.7145454" CC="00063970050" />
            <SP ID="P461_SP00170" WIDTH="0" HPOS="0" VPOS="0" />
            <String ID="P461_S00191" HPOS="898" VPOS="1644" WIDTH="320" HEIGHT="61" STYLEREFS="StyleId-0" CONTENT="breastworks" WC="0.6918182" CC="06006700606" />
            <SP ID="P461_SP00171" WIDTH="0" HPOS="0" VPOS="0" />
            <String ID="P461_S00192" HPOS="1238" VPOS="1643" WIDTH="95" HEIGHT="62" STYLEREFS="StyleId-0" CONTENT="and" WC="0.6166667" CC="460" />
            <SP ID="P461_SP00172" WIDTH="0" HPOS="0" VPOS="0" />
            <String ID="P461_S00193" HPOS="1351" VPOS="1641" WIDTH="196" HEIGHT="64" STYLEREFS="StyleId-0" CONTENT="planted" WC="0.851428568" CC="0005400" />
            <SP ID="P461_SP00173" WIDTH="0" HPOS="0" VPOS="0" />
            <String ID="P461_S00194" HPOS="1565" VPOS="1640" WIDTH="50" HEIGHT="65" STYLEREFS="StyleId-0" CONTENT="in" WC="0.665" CC="06" />
            <SP ID="P461_SP00174" WIDTH="0" HPOS="0" VPOS="0" />
            <String ID="P461_S00195" HPOS="1630" VPOS="1639" WIDTH="67" HEIGHT="66" STYLEREFS="StyleId-0" CONTENT="its" WC="0.6666667" CC="0010" />
            <SP ID="P461_SP00175" WIDTH="0" HPOS="0" VPOS="0" />
            <String ID="P461_S00196" HPOS="1715" VPOS="1637" WIDTH="134" HEIGHT="68" STYLEREFS="StyleId-0" CONTENT="stead" WC="0.744" CC="63200" />
          </TextLine>
          <TextLine ID="P461_TL00022" HPOS="351" VPOS="1718" WIDTH="1498" HEIGHT="40">
            <String ID="P461_S00197" HPOS="351" VPOS="1721" WIDTH="88" HEIGHT="42" STYLEREFS="StyleId-0" CONTENT="the" WC="0.626666665" CC="902" />
            <SP ID="P461_SP00176" WIDTH="0" HPOS="0" VPOS="0" />
            <String ID="P461_S00198" HPOS="463" VPOS="1717" WIDTH="222" HEIGHT="46" STYLEREFS="StyleId-0" CONTENT="national" WC="0.53375" CC="790007103" />
            <SP ID="P461_SP00177" WIDTH="0" HPOS="0" VPOS="0" />
            <String ID="P461_S00199" HPOS="710" VPOS="1717" WIDTH="112" HEIGHT="52" STYLEREFS="StyleId-0" CONTENT="flag." WC="0.43" CC="228104" />
            <SP ID="P461_SP00178" WIDTH="0" HPOS="0" VPOS="0" />
            <String ID="P461_S00200" HPOS="883" VPOS="1713" WIDTH="131" HEIGHT="56" STYLEREFS="StyleId-0" CONTENT="That" WC="0.7725" CC="9000" />
            <SP ID="P461_SP00179" WIDTH="0" HPOS="0" VPOS="0" />
            <String ID="P461_S00201" HPOS="1047" VPOS="1710" WIDTH="211" HEIGHT="59" STYLEREFS="StyleId-0" CONTENT="emblem," WC="0.958571434" CC="0000002" />
            <SP ID="P461_SP00180" WIDTH="0" HPOS="0" VPOS="0" />
            <String ID="P461_S00202" HPOS="1286" VPOS="1709" WIDTH="157" HEIGHT="60" STYLEREFS="StyleId-0" CONTENT="whose" WC="0.87" CC="00060" />
            <SP ID="P461_SP00181" WIDTH="0" HPOS="0" VPOS="0" />
            <String ID="P461_S00203" HPOS="1476" VPOS="1706" WIDTH="205" HEIGHT="63" STYLEREFS="StyleId-0" CONTENT="crimson" WC="0.8" CC="0730003" />
            <SP ID="P461_SP00182" WIDTH="0" HPOS="0" VPOS="0" />
            <String ID="P461_S00204" HPOS="1713" VPOS="1703" WIDTH="136" HEIGHT="66" STYLEREFS="StyleId-0" CONTENT="folds," WC="0.591666639" CC="130764" />
          </TextLine>
          <TextLine ID="P461_TL00023" HPOS="355" VPOS="1784" WIDTH="1496" HEIGHT="41">
            <String ID="P461_S00205" HPOS="355" VPOS="1784" WIDTH="289" HEIGHT="55" STYLEREFS="StyleId-0" CONTENT="re-baptised" WC="0.6872727" CC="60309006610" />
            <SP ID="P461_SP00183" WIDTH="0" HPOS="0" VPOS="0" />
            <String ID="P461_S00206" HPOS="670" VPOS="1783" WIDTH="49" HEIGHT="56" STYLEREFS="StyleId-0" CONTENT="in" WC="0.955" CC="00" />
            <SP ID="P461_SP00184" WIDTH="0" HPOS="0" VPOS="0" />
            <String ID="P461_S00207" HPOS="744" VPOS="1781" WIDTH="82" HEIGHT="58" STYLEREFS="StyleId-0" CONTENT="the" WC="0.7633333" CC="070" />
            <SP ID="P461_SP00185" WIDTH="0" HPOS="0" VPOS="0" />
            <String ID="P461_S00208" HPOS="853" VPOS="1779" WIDTH="145" HEIGHT="60" STYLEREFS="StyleId-0" CONTENT="blood" WC="0.886" CC="03020" />
            <SP ID="P461_SP00186" WIDTH="0" HPOS="0" VPOS="0" />
            <String ID="P461_S00209" HPOS="1026" VPOS="1777" WIDTH="53" HEIGHT="62" STYLEREFS="StyleId-0" CONTENT="of" WC="0.925" CC="01" />
            <SP ID="P461_SP00187" WIDTH="0" HPOS="0" VPOS="0" />
            <String ID="P461_S00210" HPOS="1097" VPOS="1775" WIDTH="214" HEIGHT="64" STYLEREFS="StyleId-0" CONTENT="liberty's" WC="0.7222222" CC="017070035" />
            <SP ID="P461_SP00188" WIDTH="0" HPOS="0" VPOS="0" />
            <String ID="P461_S00211" HPOS="1338" VPOS="1776" WIDTH="225" HEIGHT="63" STYLEREFS="StyleId-0" CONTENT="martyrs," WC="0.58875" CC="004010674" />
            <SP ID="P461_SP00189" WIDTH="0" HPOS="0" VPOS="0" />
            <String ID="P461_S00212" HPOS="1583" VPOS="1770" WIDTH="179" HEIGHT="69" STYLEREFS="StyleId-0" CONTENT="invited" WC="0.9028571" CC="0600000" />
            <SP ID="P461_SP00190" WIDTH="0" HPOS="0" VPOS="0" />
            <String ID="P461_S00213" HPOS="1789" VPOS="1769" WIDTH="62" HEIGHT="70" STYLEREFS="StyleId-0" CONTENT="all" WC="0.7733333" CC="006" />
          </TextLine>
          <TextLine ID="P461_TL00024" HPOS="356" VPOS="1851" WIDTH="1495" HEIGHT="38">
            <String ID="P461_S00214" HPOS="356" VPOS="1865" WIDTH="121" HEIGHT="38" STYLEREFS="StyleId-0" CONTENT="men," WC="0.6925" CC="0074" />
            <SP ID="P461_SP00191" WIDTH="0" HPOS="0" VPOS="0" />
            <String ID="P461_S00215" HPOS="499" VPOS="1850" WIDTH="53" HEIGHT="53" STYLEREFS="StyleId-0" CONTENT="of" WC="0.775" CC="04" />
            <SP ID="P461_SP00192" WIDTH="0" HPOS="0" VPOS="0" />
            <String ID="P461_S00216" HPOS="581" VPOS="1849" WIDTH="64" HEIGHT="54" STYLEREFS="StyleId-0" CONTENT="all" WC="0.9" CC="030" />
            <SP ID="P461_SP00193" WIDTH="0" HPOS="0" VPOS="0" />
            <String ID="P461_S00217" HPOS="679" VPOS="1859" WIDTH="144" HEIGHT="44" STYLEREFS="StyleId-0" CONTENT="races," WC="0.658333361" CC="404074" />
            <SP ID="P461_SP00194" WIDTH="0" HPOS="0" VPOS="0" />
            <String ID="P461_S00218" HPOS="845" VPOS="1846" WIDTH="103" HEIGHT="57" STYLEREFS="StyleId-0" CONTENT="who" WC="0.72" CC="070" />
            <SP ID="P461_SP00195" WIDTH="0" HPOS="0" VPOS="0" />
            <String ID="P461_S00219" HPOS="983" VPOS="1843" WIDTH="154" HEIGHT="60" STYLEREFS="StyleId-0" CONTENT="would" WC="0.814" CC="00620" />
            <SP ID="P461_SP00196" WIDTH="0" HPOS="0" VPOS="0" />
            <String ID="P461_S00220" HPOS="1164" VPOS="1842" WIDTH="57" HEIGHT="61" STYLEREFS="StyleId-0" CONTENT="be" WC="1" CC="00" />
            <SP ID="P461_SP00197" WIDTH="0" HPOS="0" VPOS="0" />
            <String ID="P461_S00221" HPOS="1245" VPOS="1842" WIDTH="105" HEIGHT="61" STYLEREFS="StyleId-0" CONTENT="free," WC="0.798" CC="05004" />
            <SP ID="P461_SP00198" WIDTH="0" HPOS="0" VPOS="0" />
            <String ID="P461_S00222" HPOS="1368" VPOS="1841" WIDTH="58" HEIGHT="62" STYLEREFS="StyleId-0" CONTENT="to" WC="1" CC="00" />
            <SP ID="P461_SP00199" WIDTH="0" HPOS="0" VPOS="0" />
            <String ID="P461_S00223" HPOS="1452" VPOS="1839" WIDTH="173" HEIGHT="64" STYLEREFS="StyleId-0" CONTENT="gather" WC="0.831666648" CC="000036" />
            <SP ID="P461_SP00200" WIDTH="0" HPOS="0" VPOS="0" />
            <String ID="P461_S00224" HPOS="1650" VPOS="1836" WIDTH="201" HEIGHT="67" STYLEREFS="StyleId-0" CONTENT="beneath" WC="0.878571451" CC="0100700" />
          </TextLine>
          <TextLine ID="P461_TL00025" HPOS="355" VPOS="1916" WIDTH="1498" HEIGHT="40">
            <String ID="P461_S00225" HPOS="355" VPOS="1918" WIDTH="85" HEIGHT="41" STYLEREFS="StyleId-0" CONTENT="the" WC="0.71" CC="800" />
            <SP ID="P461_SP00201" WIDTH="0" HPOS="0" VPOS="0" />
            <String ID="P461_S00226" HPOS="457" VPOS="1916" WIDTH="239" HEIGHT="53" STYLEREFS="StyleId-0" CONTENT="effiulgent" WC="0.862" CC="0000760000" />
            <SP ID="P461_SP00202" WIDTH="0" HPOS="0" VPOS="0" />
            <String ID="P461_S00227" HPOS="711" VPOS="1913" WIDTH="133" HEIGHT="56" STYLEREFS="StyleId-0" CONTENT="glare" WC="0.766" CC="06050" />
            <SP ID="P461_SP00203" WIDTH="0" HPOS="0" VPOS="0" />
            <String ID="P461_S00228" HPOS="862" VPOS="1910" WIDTH="51" HEIGHT="59" STYLEREFS="StyleId-0" CONTENT="of" WC="0.75" CC="05" />
            <SP ID="P461_SP00204" WIDTH="0" HPOS="0" VPOS="0" />
            <String ID="P461_S00229" HPOS="933" VPOS="1910" WIDTH="66" HEIGHT="59" STYLEREFS="StyleId-0" CONTENT="its" WC="0.69" CC="305" />
            <SP ID="P461_SP00205" WIDTH="0" HPOS="0" VPOS="0" />
            <String ID="P461_S00230" HPOS="1024" VPOS="1906" WIDTH="378" HEIGHT="63" STYLEREFS="StyleId-0" CONTENT="heaven-lighted" WC="0.801428556" CC="00703504000060" />
            <SP ID="P461_SP00206" WIDTH="0" HPOS="0" VPOS="0" />
            <String ID="P461_S00231" HPOS="1428" VPOS="1907" WIDTH="146" HEIGHT="62" STYLEREFS="StyleId-0" CONTENT="stars," WC="0.533333361" CC="700577" />
            <SP ID="P461_SP00207" WIDTH="0" HPOS="0" VPOS="0" />
            <String ID="P461_S00232" HPOS="1593" VPOS="1903" WIDTH="259" HEIGHT="66" STYLEREFS="StyleId-0" CONTENT="regardless" WC="0.603" CC="6007704076" />
          </TextLine>
          <TextLine ID="P461_TL00026" HPOS="359" VPOS="1980" WIDTH="1495" HEIGHT="41">
            <String ID="P461_S00233" HPOS="359" VPOS="1983" WIDTH="55" HEIGHT="41" STYLEREFS="StyleId-0" CONTENT="of" WC="0.69" CC="60" />
            <SP ID="P461_SP00208" WIDTH="0" HPOS="0" VPOS="0" />
            <String ID="P461_S00234" HPOS="434" VPOS="1982" WIDTH="144" HEIGHT="50" STYLEREFS="StyleId-0" CONTENT="color," WC="0.64" CC="135063" />
            <SP ID="P461_SP00209" WIDTH="0" HPOS="0" VPOS="0" />
            <String ID="P461_S00235" HPOS="615" VPOS="1979" WIDTH="130" HEIGHT="53" STYLEREFS="StyleId-0" CONTENT="creed" WC="0.904" CC="04000" />
            <SP ID="P461_SP00210" WIDTH="0" HPOS="0" VPOS="0" />
            <String ID="P461_S00236" HPOS="781" VPOS="1990" WIDTH="55" HEIGHT="42" STYLEREFS="StyleId-0" CONTENT="or" WC="0.705" CC="05" />
            <SP ID="P461_SP00211" WIDTH="0" HPOS="0" VPOS="0" />
            <String ID="P461_S00237" HPOS="870" VPOS="1974" WIDTH="258" HEIGHT="58" STYLEREFS="StyleId-0" CONTENT="condition." WC="0.78" CC="2040001373" />
            <SP ID="P461_SP00212" WIDTH="0" HPOS="0" VPOS="0" />
            <String ID="P461_S00238" HPOS="1182" VPOS="1973" WIDTH="98" HEIGHT="59" STYLEREFS="StyleId-0" CONTENT="The" WC="1" CC="000" />
            <SP ID="P461_SP00213" WIDTH="0" HPOS="0" VPOS="0" />
            <String ID="P461_S00239" HPOS="1314" VPOS="1971" WIDTH="222" HEIGHT="61" STYLEREFS="StyleId-0" CONTENT="Phalanx" WC="0.638571441" CC="0005567" />
            <SP ID="P461_SP00214" WIDTH="0" HPOS="0" VPOS="0" />
            <String ID="P461_S00240" HPOS="1569" VPOS="1970" WIDTH="147" HEIGHT="62" STYLEREFS="StyleId-0" CONTENT="nobly" WC="0.854" CC="00700" />
            <SP ID="P461_SP00215" WIDTH="0" HPOS="0" VPOS="0" />
            <String ID="P461_S00241" HPOS="1741" VPOS="1969" WIDTH="113" HEIGHT="63" STYLEREFS="StyleId-0" CONTENT="bore" WC="0.8725" CC="0050" />
          </TextLine>
          <TextLine ID="P461_TL00027" HPOS="355" VPOS="2047" WIDTH="1498" HEIGHT="40">
            <String ID="P461_S00242" HPOS="356" VPOS="2048" WIDTH="126" HEIGHT="42" STYLEREFS="StyleId-0" CONTENT="their" WC="0.838" CC="00006" />
            <SP ID="P461_SP00216" WIDTH="0" HPOS="0" VPOS="0" />
            <String ID="P461_S00243" HPOS="500" VPOS="2048" WIDTH="114" HEIGHT="53" STYLEREFS="StyleId-0" CONTENT="part" WC="0.8025" CC="0070" />
            <SP ID="P461_SP00217" WIDTH="0" HPOS="0" VPOS="0" />
            <String ID="P461_S00244" HPOS="634" VPOS="2045" WIDTH="63" HEIGHT="56" STYLEREFS="StyleId-0" CONTENT="all" WC="1" CC="000" />
            <SP ID="P461_SP00218" WIDTH="0" HPOS="0" VPOS="0" />
            <String ID="P461_S00245" HPOS="720" VPOS="2042" WIDTH="215" HEIGHT="59" STYLEREFS="StyleId-0" CONTENT="through" WC="0.79285717" CC="0070700" />
            <SP ID="P461_SP00219" WIDTH="0" HPOS="0" VPOS="0" />
            <String ID="P461_S00246" HPOS="959" VPOS="2041" WIDTH="83" HEIGHT="60" STYLEREFS="StyleId-0" CONTENT="the" WC="1" CC="000" />
            <SP ID="P461_SP00220" WIDTH="0" HPOS="0" VPOS="0" />
            <String ID="P461_S00247" HPOS="1066" VPOS="2040" WIDTH="116" HEIGHT="61" STYLEREFS="StyleId-0" CONTENT="long" WC="0.5875" CC="10510" />
            <SP ID="P461_SP00221" WIDTH="0" HPOS="0" VPOS="0" />
            <String ID="P461_S00248" HPOS="1206" VPOS="2038" WIDTH="140" HEIGHT="63" STYLEREFS="StyleId-0" CONTENT="night" WC="0.794" CC="64000" />
            <SP ID="P461_SP00222" WIDTH="0" HPOS="0" VPOS="0" />
            <String ID="P461_S00249" HPOS="1365" VPOS="2037" WIDTH="54" HEIGHT="64" STYLEREFS="StyleId-0" CONTENT="of" WC="1" CC="00" />
            <SP ID="P461_SP00223" WIDTH="0" HPOS="0" VPOS="0" />
            <String ID="P461_S00250" HPOS="1437" VPOS="2049" WIDTH="112" HEIGHT="52" STYLEREFS="StyleId-0" CONTENT="war," WC="0.72" CC="0064" />
            <SP ID="P461_SP00224" WIDTH="0" HPOS="0" VPOS="0" />
            <String ID="P461_S00251" HPOS="1571" VPOS="2036" WIDTH="95" HEIGHT="65" STYLEREFS="StyleId-0" CONTENT="and" WC="0.533333361" CC="049" />
            <SP ID="P461_SP00225" WIDTH="0" HPOS="0" VPOS="0" />
            <String ID="P461_S00252" HPOS="1686" VPOS="2037" WIDTH="54" HEIGHT="64" STYLEREFS="StyleId-0" CONTENT="at" WC="1" CC="00" />
            <SP ID="P461_SP00226" WIDTH="0" HPOS="0" VPOS="0" />
            <String ID="P461_S00253" HPOS="1757" VPOS="2035" WIDTH="96" HEIGHT="66" STYLEREFS="StyleId-0" CONTENT="last" WC="0.7475" CC="3060" />
          </TextLine>
          <TextLine ID="P461_TL00028" HPOS="357" VPOS="2113" WIDTH="1499" HEIGHT="39">
            <String ID="P461_S00254" HPOS="357" VPOS="2114" WIDTH="119" HEIGHT="51" STYLEREFS="StyleId-0" CONTENT="they" WC="0.8175" CC="7000" />
            <SP ID="P461_SP00227" WIDTH="0" HPOS="0" VPOS="0" />
            <String ID="P461_S00255" HPOS="510" VPOS="2110" WIDTH="220" HEIGHT="55" STYLEREFS="StyleId-0" CONTENT="occupied" WC="0.7175" CC="57070100" />
            <SP ID="P461_SP00228" WIDTH="0" HPOS="0" VPOS="0" />
            <String ID="P461_S00256" HPOS="772" VPOS="2105" WIDTH="436" HEIGHT="60" STYLEREFS="StyleId-0" CONTENT="Charleston,—the" WC="0.6446667" CC="467500701049060" />
            <SP ID="P461_SP00229" WIDTH="0" HPOS="0" VPOS="0" />
            <String ID="P461_S00257" HPOS="1240" VPOS="2103" WIDTH="219" HEIGHT="62" STYLEREFS="StyleId-0" CONTENT="traitors'" WC="0.6577778" CC="870100463" />
            <SP ID="P461_SP00230" WIDTH="0" HPOS="0" VPOS="0" />
            <String ID="P461_S00258" HPOS="1496" VPOS="2101" WIDTH="359" HEIGHT="64" STYLEREFS="StyleId-0" CONTENT="nest,—Peters¬" WC="0.676153839" CC="0070397000464" />
          </TextLine>
          <TextLine ID="P461_TL00029" HPOS="358" VPOS="2178" WIDTH="1497" HEIGHT="40">
            <String ID="P461_S00259" HPOS="358" VPOS="2176" WIDTH="324" HEIGHT="56" STYLEREFS="StyleId-0" CONTENT="burg,—their" WC="0.474545449" CC="10561019010005" />
            <SP ID="P461_SP00231" WIDTH="0" HPOS="0" VPOS="0" />
            <String ID="P461_S00260" HPOS="715" VPOS="2177" WIDTH="188" HEIGHT="55" STYLEREFS="StyleId-0" CONTENT="eastern" WC="0.818571448" CC="0000066" />
            <SP ID="P461_SP00232" WIDTH="0" HPOS="0" VPOS="0" />
            <String ID="P461_S00261" HPOS="947" VPOS="2171" WIDTH="311" HEIGHT="61" STYLEREFS="StyleId-0" CONTENT="Gibraltar,—" WC="0.772727251" CC="00060000449" />
            <SP ID="P461_SP00233" WIDTH="0" HPOS="0" VPOS="0" />
            <String ID="P461_S00262" HPOS="1268" VPOS="2170" WIDTH="95" HEIGHT="62" STYLEREFS="StyleId-0" CONTENT="and" WC="0.49" CC="078" />
            <SP ID="P461_SP00234" WIDTH="0" HPOS="0" VPOS="0" />
            <String ID="P461_S00263" HPOS="1406" VPOS="2166" WIDTH="449" HEIGHT="66" STYLEREFS="StyleId-0" CONTENT="Richmond—their" WC="0.752857149" CC="72306000900006" />
          </TextLine>
          <TextLine ID="P461_TL00030" HPOS="357" VPOS="2244" WIDTH="1506" HEIGHT="41">
            <String ID="P461_S00264" HPOS="357" VPOS="2243" WIDTH="205" HEIGHT="54" STYLEREFS="StyleId-0" CONTENT="Capitol." WC="0.77375" CC="80000144" />
            <SP ID="P461_SP00235" WIDTH="0" HPOS="0" VPOS="0" />
            <String ID="P461_S00265" HPOS="615" VPOS="2241" WIDTH="131" HEIGHT="56" STYLEREFS="StyleId-0" CONTENT="They" WC="1" CC="0000" />
            <SP ID="P461_SP00236" WIDTH="0" HPOS="0" VPOS="0" />
            <String ID="P461_S00266" HPOS="772" VPOS="2238" WIDTH="219" HEIGHT="59" STYLEREFS="StyleId-0" CONTENT="marched" WC="0.9042857" CC="0060000" />
            <SP ID="P461_SP00237" WIDTH="0" HPOS="0" VPOS="0" />
            <String ID="P461_S00267" HPOS="1018" VPOS="2237" WIDTH="205" HEIGHT="60" STYLEREFS="StyleId-0" CONTENT="proudly" WC="0.6557143" CC="0607900" />
            <SP ID="P461_SP00238" WIDTH="0" HPOS="0" VPOS="0" />
            <String ID="P461_S00268" HPOS="1254" VPOS="2235" WIDTH="216" HEIGHT="62" STYLEREFS="StyleId-0" CONTENT="through" WC="0.687142849" CC="00407100" />
            <SP ID="P461_SP00239" WIDTH="0" HPOS="0" VPOS="0" />
            <String ID="P461_S00269" HPOS="1503" VPOS="2235" WIDTH="83" HEIGHT="62" STYLEREFS="StyleId-0" CONTENT="the" WC="0.75" CC="070" />
            <SP ID="P461_SP00240" WIDTH="0" HPOS="0" VPOS="0" />
            <String ID="P461_S00270" HPOS="1613" VPOS="2235" WIDTH="169" HEIGHT="62" STYLEREFS="StyleId-0" CONTENT="streets" WC="0.605714262" CC="7040087" />
            <SP ID="P461_SP00241" WIDTH="0" HPOS="0" VPOS="0" />
            <String ID="P461_S00271" HPOS="1809" VPOS="2231" WIDTH="54" HEIGHT="66" STYLEREFS="StyleId-0" CONTENT="of" WC="0.915" CC="10" />
          </TextLine>
          <TextLine ID="P461_TL00031" HPOS="357" VPOS="2309" WIDTH="1506" HEIGHT="43">
            <String ID="P461_S00272" HPOS="357" VPOS="2310" WIDTH="136" HEIGHT="41" STYLEREFS="StyleId-0" CONTENT="these" WC="0.726" CC="90031" />
            <SP ID="P461_SP00242" WIDTH="0" HPOS="0" VPOS="0" />
            <String ID="P461_S00273" HPOS="511" VPOS="2320" WIDTH="114" HEIGHT="31" STYLEREFS="StyleId-0" CONTENT="once" WC="0.725" CC="0640" />
            <SP ID="P461_SP00243" WIDTH="0" HPOS="0" VPOS="0" />
            <String ID="P461_S00274" HPOS="641" VPOS="2304" WIDTH="320" HEIGHT="55" STYLEREFS="StyleId-0" CONTENT="impregnable" WC="0.8018182" CC="00060058010" />
            <SP ID="P461_SP00244" WIDTH="0" HPOS="0" VPOS="0" />
            <String ID="P461_S00275" HPOS="977" VPOS="2303" WIDTH="261" HEIGHT="56" STYLEREFS="StyleId-0" CONTENT="fortresses," WC="0.6645455" CC="00606075073" />
            <SP ID="P461_SP00245" WIDTH="0" HPOS="0" VPOS="0" />
            <String ID="P461_S00276" HPOS="1257" VPOS="2302" WIDTH="50" HEIGHT="57" STYLEREFS="StyleId-0" CONTENT="in" WC="0.72" CC="05" />
            <SP ID="P461_SP00246" WIDTH="0" HPOS="0" VPOS="0" />
            <String ID="P461_S00277" HPOS="1325" VPOS="2301" WIDTH="65" HEIGHT="58" STYLEREFS="StyleId-0" CONTENT="all" WC="0.81" CC="050" />
            <SP ID="P461_SP00247" WIDTH="0" HPOS="0" VPOS="0" />
            <String ID="P461_S00278" HPOS="1408" VPOS="2302" WIDTH="54" HEIGHT="57" STYLEREFS="StyleId-0" CONTENT="of" WC="0.835" CC="02" />
            <SP ID="P461_SP00248" WIDTH="0" HPOS="0" VPOS="0" />
            <String ID="P461_S00279" HPOS="1482" VPOS="2301" WIDTH="147" HEIGHT="58" STYLEREFS="StyleId-0" CONTENT="which" WC="0.944" CC="00200" />
            <SP ID="P461_SP00249" WIDTH="0" HPOS="0" VPOS="0" />
            <String ID="P461_S00280" HPOS="1645" VPOS="2311" WIDTH="148" HEIGHT="48" STYLEREFS="StyleId-0" CONTENT="many" WC="0.5975" CC="9070" />
            <SP ID="P461_SP00250" WIDTH="0" HPOS="0" VPOS="0" />
            <String ID="P461_S00281" HPOS="1811" VPOS="2298" WIDTH="51" HEIGHT="61" STYLEREFS="StyleId-0" CONTENT="of" WC="0.61" CC="24" />
          </TextLine>
          <TextLine ID="P461_TL00032" HPOS="357" VPOS="2375" WIDTH="1501" HEIGHT="30">
            <String ID="P461_S00282" HPOS="357" VPOS="2375" WIDTH="86" HEIGHT="41" STYLEREFS="StyleId-0" CONTENT="the" WC="0.75666666" CC="700" />
            <SP ID="P461_SP00251" WIDTH="0" HPOS="0" VPOS="0" />
            <String ID="P461_S00283" HPOS="462" VPOS="2373" WIDTH="194" HEIGHT="43" STYLEREFS="StyleId-0" CONTENT="soldiers" WC="0.5525" CC="771100063" />
            <SP ID="P461_SP00252" WIDTH="0" HPOS="0" VPOS="0" />
            <String ID="P461_S00284" HPOS="676" VPOS="2372" WIDTH="53" HEIGHT="44" STYLEREFS="StyleId-0" CONTENT="of" WC="0.84" CC="03" />
            <SP ID="P461_SP00253" WIDTH="0" HPOS="0" VPOS="0" />
            <String ID="P461_S00285" HPOS="748" VPOS="2371" WIDTH="82" HEIGHT="45" STYLEREFS="StyleId-0" CONTENT="the" WC="1" CC="000" />
            <SP ID="P461_SP00254" WIDTH="0" HPOS="0" VPOS="0" />
            <String ID="P461_S00286" HPOS="848" VPOS="2370" WIDTH="221" HEIGHT="46" STYLEREFS="StyleId-0" CONTENT="Phalanx" WC="0.6342857" CC="00008710" />
            <SP ID="P461_SP00255" WIDTH="0" HPOS="0" VPOS="0" />
            <String ID="P461_S00287" HPOS="1086" VPOS="2368" WIDTH="97" HEIGHT="48" STYLEREFS="StyleId-0" CONTENT="had" WC="0.473333329" CC="780" />
            <SP ID="P461_SP00256" WIDTH="0" HPOS="0" VPOS="0" />
            <String ID="P461_S00288" HPOS="1210" VPOS="2368" WIDTH="114" HEIGHT="48" STYLEREFS="StyleId-0" CONTENT="been" WC="0.9425" CC="0002" />
            <SP ID="P461_SP00257" WIDTH="0" HPOS="0" VPOS="0" />
            <String ID="P461_S00289" HPOS="1351" VPOS="2367" WIDTH="168" HEIGHT="49" STYLEREFS="StyleId-0" CONTENT="slaves." WC="0.54" CC="73010064" />
            <SP ID="P461_SP00258" WIDTH="0" HPOS="0" VPOS="0" />
            <String ID="P461_S00290" HPOS="1557" VPOS="2365" WIDTH="94" HEIGHT="51" STYLEREFS="StyleId-0" CONTENT="Oh!" WC="0.7366667" CC="304" />
            <SP ID="P461_SP00259" WIDTH="0" HPOS="0" VPOS="0" />
            <String ID="P461_S00291" HPOS="1679" VPOS="2366" WIDTH="130" HEIGHT="50" STYLEREFS="StyleId-0" CONTENT="what" WC="1" CC="0000" />
            <SP ID="P461_SP00260" WIDTH="0" HPOS="0" VPOS="0" />
            <String ID="P461_S00292" HPOS="1827" VPOS="2376" WIDTH="31" HEIGHT="40" STYLEREFS="StyleId-0" CONTENT="a" WC="0.06" CC="9" />
          </TextLine>
          <TextLine ID="P461_TL00033" HPOS="358" VPOS="2440" WIDTH="1501" HEIGHT="43">
            <String ID="P461_S00293" HPOS="359" VPOS="2438" WIDTH="281" HEIGHT="43" STYLEREFS="StyleId-0" CONTENT="realization" WC="0.75272727" CC="60054100007" />
            <SP ID="P461_SP00261" WIDTH="0" HPOS="0" VPOS="0" />
            <String ID="P461_S00294" HPOS="667" VPOS="2437" WIDTH="54" HEIGHT="44" STYLEREFS="StyleId-0" CONTENT="of" WC="0.74" CC="05" />
            <SP ID="P461_SP00262" WIDTH="0" HPOS="0" VPOS="0" />
            <String ID="P461_S00295" HPOS="746" VPOS="2437" WIDTH="84" HEIGHT="44" STYLEREFS="StyleId-0" CONTENT="the" WC="0.76" CC="070" />
            <SP ID="P461_SP00263" WIDTH="0" HPOS="0" VPOS="0" />
            <String ID="P461_S00296" HPOS="856" VPOS="2448" WIDTH="155" HEIGHT="42" STYLEREFS="StyleId-0" CONTENT="power" WC="0.836" CC="00007" />
            <SP ID="P461_SP00264" WIDTH="0" HPOS="0" VPOS="0" />
            <String ID="P461_S00297" HPOS="1038" VPOS="2434" WIDTH="54" HEIGHT="56" STYLEREFS="StyleId-0" CONTENT="of" WC="0.665" CC="06" />
            <SP ID="P461_SP00265" WIDTH="0" HPOS="0" VPOS="0" />
            <String ID="P461_S00298" HPOS="1110" VPOS="2433" WIDTH="131" HEIGHT="57" STYLEREFS="StyleId-0" CONTENT="right" WC="0.872" CC="14000" />
            <SP ID="P461_SP00266" WIDTH="0" HPOS="0" VPOS="0" />
            <String ID="P461_S00299" HPOS="1277" VPOS="2445" WIDTH="113" HEIGHT="45" STYLEREFS="StyleId-0" CONTENT="over" WC="0.755" CC="2007" />
            <SP ID="P461_SP00267" WIDTH="0" HPOS="0" VPOS="0" />
            <String ID="P461_S00300" HPOS="1425" VPOS="2432" WIDTH="169" HEIGHT="58" STYLEREFS="StyleId-0" CONTENT="might." WC="0.691666663" CC="050093" />
            <SP ID="P461_SP00268" WIDTH="0" HPOS="0" VPOS="0" />
            <String ID="P461_S00301" HPOS="1646" VPOS="2431" WIDTH="147" HEIGHT="59" STYLEREFS="StyleId-0" CONTENT="What" WC="0.7825" CC="7010" />
            <SP ID="P461_SP00269" WIDTH="0" HPOS="0" VPOS="0" />
            <String ID="P461_S00302" HPOS="1828" VPOS="2442" WIDTH="31" HEIGHT="48" STYLEREFS="StyleId-0" CONTENT="a" WC="0.55" CC="4" />
          </TextLine>
          <TextLine ID="P461_TL00034" HPOS="360" VPOS="2504" WIDTH="1499" HEIGHT="44">
            <String ID="P461_S00303" HPOS="360" VPOS="2503" WIDTH="183" HEIGHT="56" STYLEREFS="StyleId-0" CONTENT="picture" WC="0.69" CC="1510760" />
            <SP ID="P461_SP00270" WIDTH="0" HPOS="0" VPOS="0" />
            <String ID="P461_S00304" HPOS="566" VPOS="2503" WIDTH="76" HEIGHT="56" STYLEREFS="StyleId-0" CONTENT="for" WC="0.5566667" CC="236" />
            <SP ID="P461_SP00271" WIDTH="0" HPOS="0" VPOS="0" />
            <String ID="P461_S00305" HPOS="665" VPOS="2502" WIDTH="84" HEIGHT="57" STYLEREFS="StyleId-0" CONTENT="the" WC="0.416666657" CC="1070" />
            <SP ID="P461_SP00272" WIDTH="0" HPOS="0" VPOS="0" />
            <String ID="P461_S00306" HPOS="772" VPOS="2500" WIDTH="281" HEIGHT="59" STYLEREFS="StyleId-0" CONTENT="historian's" WC="0.5772727" CC="701000607616" />
            <SP ID="P461_SP00273" WIDTH="0" HPOS="0" VPOS="0" />
            <String ID="P461_S00307" HPOS="1078" VPOS="2498" WIDTH="247" HEIGHT="61" STYLEREFS="StyleId-0" CONTENT="immortal" WC="0.87125" CC="00004060" />
            <SP ID="P461_SP00274" WIDTH="0" HPOS="0" VPOS="0" />
            <String ID="P461_S00308" HPOS="1350" VPOS="2510" WIDTH="89" HEIGHT="49" STYLEREFS="StyleId-0" CONTENT="pen" WC="1" CC="000" />
            <SP ID="P461_SP00275" WIDTH="0" HPOS="0" VPOS="0" />
            <String ID="P461_S00309" HPOS="1465" VPOS="2500" WIDTH="57" HEIGHT="59" STYLEREFS="StyleId-0" CONTENT="to" WC="1" CC="00" />
            <SP ID="P461_SP00276" WIDTH="0" HPOS="0" VPOS="0" />
            <String ID="P461_S00310" HPOS="1548" VPOS="2497" WIDTH="141" HEIGHT="62" STYLEREFS="StyleId-0" CONTENT="paint" WC="0.796" CC="00450" />
            <SP ID="P461_SP00277" WIDTH="0" HPOS="0" VPOS="0" />
            <String ID="P461_S00311" HPOS="1706" VPOS="2498" WIDTH="55" HEIGHT="61" STYLEREFS="StyleId-0" CONTENT="of" WC="0.835" CC="30" />
            <SP ID="P461_SP00278" WIDTH="0" HPOS="0" VPOS="0" />
            <String ID="P461_S00312" HPOS="1780" VPOS="2496" WIDTH="78" HEIGHT="63" STYLEREFS="StyleId-0" CONTENT="the" WC="0.99" CC="000" />
          </TextLine>
          <TextLine ID="P461_TL00035" HPOS="360" VPOS="2570" WIDTH="1500" HEIGHT="45">
            <String ID="P461_S00313" HPOS="360" VPOS="2572" WIDTH="199" HEIGHT="40" STYLEREFS="StyleId-0" CONTENT="freemen" WC="0.822857141" CC="2200007" />
            <SP ID="P461_SP00279" WIDTH="0" HPOS="0" VPOS="0" />
            <String ID="P461_S00314" HPOS="594" VPOS="2567" WIDTH="53" HEIGHT="45" STYLEREFS="StyleId-0" CONTENT="of" WC="0.985" CC="00" />
            <SP ID="P461_SP00280" WIDTH="0" HPOS="0" VPOS="0" />
            <String ID="P461_S00315" HPOS="668" VPOS="2567" WIDTH="225" HEIGHT="51" STYLEREFS="StyleId-0" CONTENT="America," WC="0.6525" CC="60073092" />
            <SP ID="P461_SP00281" WIDTH="0" HPOS="0" VPOS="0" />
            <String ID="P461_S00316" HPOS="924" VPOS="2567" WIDTH="154" HEIGHT="51" STYLEREFS="StyleId-0" CONTENT="whose" WC="0.882" CC="00050" />
            <SP ID="P461_SP00282" WIDTH="0" HPOS="0" VPOS="0" />
            <String ID="P461_S00317" HPOS="1111" VPOS="2564" WIDTH="246" HEIGHT="54" STYLEREFS="StyleId-0" CONTENT="sufferings" WC="0.62" CC="6711060608" />
            <SP ID="P461_SP00283" WIDTH="0" HPOS="0" VPOS="0" />
            <String ID="P461_S00318" HPOS="1390" VPOS="2576" WIDTH="116" HEIGHT="42" STYLEREFS="StyleId-0" CONTENT="were" WC="1" CC="0000" />
            <SP ID="P461_SP00284" WIDTH="0" HPOS="0" VPOS="0" />
            <String ID="P461_S00319" HPOS="1539" VPOS="2564" WIDTH="129" HEIGHT="54" STYLEREFS="StyleId-0" CONTENT="long," WC="0.878" CC="10300" />
            <SP ID="P461_SP00285" WIDTH="0" HPOS="0" VPOS="0" />
            <String ID="P461_S00320" HPOS="1704" VPOS="2563" WIDTH="156" HEIGHT="55" STYLEREFS="StyleId-0" CONTENT="wThose" WC="0.6933333" CC="075030" />
          </TextLine>
          <TextLine ID="P461_TL00036" HPOS="360" VPOS="2637" WIDTH="1495" HEIGHT="45">
            <String ID="P461_S00321" HPOS="361" VPOS="2635" WIDTH="215" HEIGHT="55" STYLEREFS="StyleId-0" CONTENT="struggle" WC="0.54125" CC="70649045" />
            <SP ID="P461_SP00286" WIDTH="0" HPOS="0" VPOS="0" />
            <String ID="P461_S00322" HPOS="594" VPOS="2646" WIDTH="97" HEIGHT="44" STYLEREFS="StyleId-0" CONTENT="was" WC="0.77" CC="006" />
            <SP ID="P461_SP00287" WIDTH="0" HPOS="0" VPOS="0" />
            <String ID="P461_S00323" HPOS="709" VPOS="2632" WIDTH="226" HEIGHT="58" STYLEREFS="StyleId-0" CONTENT="gigantic," WC="0.7511111" CC="050060333" />
            <SP ID="P461_SP00288" WIDTH="0" HPOS="0" VPOS="0" />
            <String ID="P461_S00324" HPOS="957" VPOS="2631" WIDTH="95" HEIGHT="59" STYLEREFS="StyleId-0" CONTENT="and" WC="0.766666651" CC="070" />
            <SP ID="P461_SP00289" WIDTH="0" HPOS="0" VPOS="0" />
            <String ID="P461_S00325" HPOS="1072" VPOS="2630" WIDTH="154" HEIGHT="60" STYLEREFS="StyleId-0" CONTENT="whose" WC="0.858" CC="00051" />
            <SP ID="P461_SP00290" WIDTH="0" HPOS="0" VPOS="0" />
            <String ID="P461_S00326" HPOS="1253" VPOS="2628" WIDTH="320" HEIGHT="62" STYLEREFS="StyleId-0" CONTENT="achievement" WC="0.848181844" CC="00060000063" />
            <SP ID="P461_SP00291" WIDTH="0" HPOS="0" VPOS="0" />
            <String ID="P461_S00327" HPOS="1592" VPOS="2641" WIDTH="97" HEIGHT="49" STYLEREFS="StyleId-0" CONTENT="was" WC="0.7866667" CC="006" />
            <SP ID="P461_SP00292" WIDTH="0" HPOS="0" VPOS="0" />
            <String ID="P461_S00328" HPOS="1715" VPOS="2641" WIDTH="32" HEIGHT="49" STYLEREFS="StyleId-0" CONTENT="a" WC="1" CC="0" />
            <SP ID="P461_SP00293" WIDTH="0" HPOS="0" VPOS="0" />
            <String ID="P461_S00329" HPOS="1763" VPOS="2628" WIDTH="92" HEIGHT="62" STYLEREFS="StyleId-0" CONTENT="glo-" WC="0.6875" CC="0264" />
          </TextLine>
          <TextLine ID="P461_TL00037" HPOS="360" VPOS="2703" WIDTH="987" HEIGHT="44">
            <String ID="P461_S00330" HPOS="360" VPOS="2702" WIDTH="136" HEIGHT="41" STYLEREFS="StyleId-0" CONTENT="rious" WC="0.514" CC="80087" />
            <SP ID="P461_SP00294" WIDTH="0" HPOS="0" VPOS="0" />
            <String ID="P461_S00331" HPOS="521" VPOS="2699" WIDTH="221" HEIGHT="55" STYLEREFS="StyleId-0" CONTENT="personal" WC="0.71875" CC="03561500" />
            <SP ID="P461_SP00295" WIDTH="0" HPOS="0" VPOS="0" />
            <String ID="P461_S00332" HPOS="760" VPOS="2698" WIDTH="96" HEIGHT="56" STYLEREFS="StyleId-0" CONTENT="and" WC="0.5933333" CC="830" />
            <SP ID="P461_SP00296" WIDTH="0" HPOS="0" VPOS="0" />
            <String ID="P461_S00333" HPOS="882" VPOS="2696" WIDTH="213" HEIGHT="58" STYLEREFS="StyleId-0" CONTENT="political" WC="0.91" CC="042000100" />
            <SP ID="P461_SP00297" WIDTH="0" HPOS="0" VPOS="0" />
            <String ID="P461_S00334" HPOS="1119" VPOS="2695" WIDTH="227" HEIGHT="59" STYLEREFS="StyleId-0" CONTENT="freedom!" WC="0.925" CC="05000000" />
          </TextLine>
          <TextLine ID="P461_TL00038" HPOS="462" VPOS="2766" WIDTH="1401" HEIGHT="47">
            <String ID="P461_S00335" HPOS="462" VPOS="2767" WIDTH="67" HEIGHT="41" STYLEREFS="StyleId-0" CONTENT="At" WC="0.655" CC="60" />
            <SP ID="P461_SP00298" WIDTH="0" HPOS="0" VPOS="0" />
            <String ID="P461_S00336" HPOS="552" VPOS="2766" WIDTH="83" HEIGHT="42" STYLEREFS="StyleId-0" CONTENT="the" WC="1" CC="000" />
            <SP ID="P461_SP00299" WIDTH="0" HPOS="0" VPOS="0" />
            <String ID="P461_S00337" HPOS="653" VPOS="2765" WIDTH="122" HEIGHT="43" STYLEREFS="StyleId-0" CONTENT="close" WC="0.746" CC="32070" />
            <SP ID="P461_SP00300" WIDTH="0" HPOS="0" VPOS="0" />
            <String ID="P461_S00338" HPOS="794" VPOS="2763" WIDTH="53" HEIGHT="45" STYLEREFS="StyleId-0" CONTENT="of" WC="0.925" CC="01" />
            <SP ID="P461_SP00301" WIDTH="0" HPOS="0" VPOS="0" />
            <String ID="P461_S00339" HPOS="865" VPOS="2763" WIDTH="83" HEIGHT="45" STYLEREFS="StyleId-0" CONTENT="the" WC="0.6666667" CC="0100" />
            <SP ID="P461_SP00302" WIDTH="0" HPOS="0" VPOS="0" />
            <String ID="P461_S00340" HPOS="964" VPOS="2774" WIDTH="111" HEIGHT="39" STYLEREFS="StyleId-0" CONTENT="war," WC="0.7725" CC="0062" />
            <SP ID="P461_SP00303" WIDTH="0" HPOS="0" VPOS="0" />
            <String ID="P461_S00341" HPOS="1095" VPOS="2761" WIDTH="83" HEIGHT="52" STYLEREFS="StyleId-0" CONTENT="the" WC="1" CC="000" />
            <SP ID="P461_SP00304" WIDTH="0" HPOS="0" VPOS="0" />
            <String ID="P461_S00342" HPOS="1195" VPOS="2761" WIDTH="325" HEIGHT="53" STYLEREFS="StyleId-0" CONTENT="government," WC="0.7763636" CC="00006600704" />
            <SP ID="P461_SP00305" WIDTH="0" HPOS="0" VPOS="0" />
            <String ID="P461_S00343" HPOS="1543" VPOS="2759" WIDTH="320" HEIGHT="55" STYLEREFS="StyleId-0" CONTENT="anticipating" WC="0.675833344" CC="0700060806010" />
          </TextLine>
          <TextLine ID="P461_TL00039" HPOS="360" VPOS="2833" WIDTH="1502" HEIGHT="35">
            <String ID="P461_S00344" HPOS="360" VPOS="2832" WIDTH="195" HEIGHT="44" STYLEREFS="StyleId-0" CONTENT="trouble" WC="0.5814286" CC="6707051" />
            <SP ID="P461_SP00306" WIDTH="0" HPOS="0" VPOS="0" />
            <String ID="P461_S00345" HPOS="578" VPOS="2831" WIDTH="50" HEIGHT="45" STYLEREFS="StyleId-0" CONTENT="in" WC="0.625" CC="07" />
            <SP ID="P461_SP00307" WIDTH="0" HPOS="0" VPOS="0" />
            <String ID="P461_S00346" HPOS="653" VPOS="2830" WIDTH="168" HEIGHT="49" STYLEREFS="StyleId-0" CONTENT="Texas," WC="0.795" CC="0000102" />
            <SP ID="P461_SP00308" WIDTH="0" HPOS="0" VPOS="0" />
            <String ID="P461_S00347" HPOS="843" VPOS="2827" WIDTH="193" HEIGHT="52" STYLEREFS="StyleId-0" CONTENT="ordered" WC="0.7614286" CC="4600600" />
            <SP ID="P461_SP00309" WIDTH="0" HPOS="0" VPOS="0" />
            <String ID="P461_S00348" HPOS="1055" VPOS="2825" WIDTH="195" HEIGHT="54" STYLEREFS="StyleId-0" CONTENT="General" WC="0.69" CC="9020702" />
            <SP ID="P461_SP00310" WIDTH="0" HPOS="0" VPOS="0" />
            <String ID="P461_S00349" HPOS="1268" VPOS="2823" WIDTH="148" HEIGHT="56" STYLEREFS="StyleId-0" CONTENT="Steele" WC="0.808333337" CC="600030" />
            <SP ID="P461_SP00311" WIDTH="0" HPOS="0" VPOS="0" />
            <String ID="P461_S00350" HPOS="1431" VPOS="2826" WIDTH="57" HEIGHT="53" STYLEREFS="StyleId-0" CONTENT="to" WC="0.805" CC="03" />
            <SP ID="P461_SP00312" WIDTH="0" HPOS="0" VPOS="0" />
            <String ID="P461_S00351" HPOS="1505" VPOS="2824" WIDTH="84" HEIGHT="55" STYLEREFS="StyleId-0" CONTENT="the" WC="0.89" CC="030" />
            <SP ID="P461_SP00313" WIDTH="0" HPOS="0" VPOS="0" />
            <String ID="P461_S00352" HPOS="1607" VPOS="2824" WIDTH="255" HEIGHT="55" STYLEREFS="StyleId-0" CONTENT="command" WC="0.832857132" CC="0200027" />
          </TextLine>
          <TextLine ID="P461_TL00040" HPOS="363" VPOS="2894" WIDTH="1159" HEIGHT="43">
            <String ID="P461_S00353" HPOS="363" VPOS="2898" WIDTH="58" HEIGHT="43" STYLEREFS="StyleId-0" CONTENT="of" WC="0.385" CC="75" />
            <SP ID="P461_SP00314" WIDTH="0" HPOS="0" VPOS="0" />
            <String ID="P461_S00354" HPOS="439" VPOS="2898" WIDTH="83" HEIGHT="43" STYLEREFS="StyleId-0" CONTENT="the" WC="1" CC="000" />
            <SP ID="P461_SP00315" WIDTH="0" HPOS="0" VPOS="0" />
            <String ID="P461_S00355" HPOS="538" VPOS="2895" WIDTH="89" HEIGHT="46" STYLEREFS="StyleId-0" CONTENT="Rio" WC="0.74666667" CC="700" />
            <SP ID="P461_SP00316" WIDTH="0" HPOS="0" VPOS="0" />
            <String ID="P461_S00356" HPOS="655" VPOS="2893" WIDTH="201" HEIGHT="51" STYLEREFS="StyleId-0" CONTENT="Grande," WC="0.7542857" CC="0606004" />
            <SP ID="P461_SP00317" WIDTH="0" HPOS="0" VPOS="0" />
            <String ID="P461_S00357" HPOS="875" VPOS="2892" WIDTH="147" HEIGHT="52" STYLEREFS="StyleId-0" CONTENT="under" WC="0.566" CC="77006" />
            <SP ID="P461_SP00318" WIDTH="0" HPOS="0" VPOS="0" />
            <String ID="P461_S00358" HPOS="1039" VPOS="2888" WIDTH="130" HEIGHT="56" STYLEREFS="StyleId-0" CONTENT="these" WC="0.742" CC="50070" />
            <SP ID="P461_SP00319" WIDTH="0" HPOS="0" VPOS="0" />
            <String ID="P461_S00359" HPOS="1185" VPOS="2888" WIDTH="336" HEIGHT="56" STYLEREFS="StyleId-0" CONTENT="instructions:" WC="0.643846154" CC="0570662062721" />
          </TextLine>
        </TextBlock>
      </PrintSpace>
    </Page>
  </Layout>
</alto>