2200 3300
831 312 108 42 The
966 310 124 44 AVar
1117 322 64 32 of
1209 309 144 45 1775.

1793 301 64 43 23

320 446 175 54 North,
517 448 55 52 of
584 447 226 55 enlisting
826 447 50 55 in
901 447 84 55 the
1011 445 248 57 American
1288 456 151 46 army,
1462 455 31 47 a
1509 442 134 60 large
1660 440 125 62 force
1812 437 52 65 of

323 514 193 43 colored
551 528 108 29 men
694 514 157 43 would
886 513 124 44 have
1044 512 116 45 been
1193 511 51 46 in
1276 510 84 47 the
1393 509 121 51 field,
1551 506 209 57 fighting
1783 505 77 58 for

322 581 262 43 America's
602 581 356 55 independence.
1014 578 61 58 Of
1085 579 84 57 the
1187 577 198 59 services
1404 575 53 61 of
1469 575 82 61 the
1568 574 125 62 little
1710 572 146 64 band,

325 649 243 42 scattered
588 661 55 30 as
661 648 116 54 they
795 660 117 42 were
928 646 308 56 throughout
1262 644 83 58 the
1364 655 151 47 army,
1535 644 98 58 two
1654 654 56 48 or
1726 640 135 62 three

324 715 51 42 in
396 728 32 30 a
445 728 243 42 company
706 714 256 56 composed
982 713 54 57 of
1047 712 180 58 whites,
1248 724 32 46 a
1306 709 155 61 squad
1487 708 49 62 in
1563 720 32 50 a
1611 707 248 63 regiment,

327 795 34 29 a
377 782 84 42 few
489 781 275 56 companies
790 781 116 56 with
934 793 64 44 an
1026 792 152 45 army,
1199 777 140 60 made
1364 776 41 61 it
1433 775 129 62 quite
1588 772 275 65 impossible

327 849 77 42 for
420 849 128 42 their
564 848 181 53 record,
766 847 190 55 beyond
973 847 113 55 this,
1098 847 57 55 to
1165 846 58 56 be
1233 844 197 58 distinct
1445 842 125 60 from
1587 841 84 61 the
1689 851 175 51 organ¬

327 916 211 42 izations
556 916 117 54 they
682 927 117 43 were
810 913 229 57 attached
1049 915 71 55 to.
1175 910 244 60 However,
1432 907 189 63 enough
1638 907 90 63 has
1746 906 116 64 been

329 982 150 43 culled
497 982 126 43 from
640 981 84 44 the
741 981 193 53 history
951 979 55 55 of
1024 979 117 55 that
1166 977 204 57 conflict,
1390 979 56 55 to
1465 975 133 59 show
1614 973 115 61 that
1746 972 117 62 they

329 1049 117 42 bore
466 1061 31 30 a
515 1049 151 42 brave
683 1050 116 52 part
825 1047 49 55 in
900 1047 83 55 the
1010 1045 214 57 struggle
1249 1042 149 60 which
1423 1040 198 62 wrested
1638 1039 83 63 the
1739 1037 125 65 colo¬

329 1115 101 42 nies
448 1115 126 42 from
590 1115 85 42 the
694 1113 190 44 control
912 1113 54 44 of
986 1111 147 46 Great
1159 1110 203 52 Britain,
1385 1108 96 54 and
1498 1120 108 42 won
1622 1106 75 56 for
1712 1105 152 57 them¬

332 1182 150 43 selves
510 1181 97 44 and
636 1180 245 55 offspring,
902 1179 221 56 freedom,
1144 1177 149 58 which
1319 1188 148 47 many
1494 1173 53 62 of
1565 1172 133 63 them
1723 1183 141 52 never

332 1248 215 56 enjoyed.
602 1247 24 57 I
643 1247 126 57 have
788 1245 272 59 studiously
1080 1243 204 61 avoided
1302 1239 255 65 narrating
1566 1239 83 65 the
1658 1238 206 66 conduct

334 1315 56 43 of
399 1316 145 42 those
559 1314 109 44 who
688 1315 107 43 cast
812 1312 124 46 their
953 1312 191 46 fortune
1161 1309 116 49 with
1294 1309 82 49 the
1386 1306 195 52 British,
1594 1317 114 41 save
1723 1304 142 54 those

333 1383 108 41 who
459 1384 127 40 went
603 1373 118 51 with
738 1379 132 45 Lord
889 1378 253 51 Dunmore,
1163 1376 74 53 for
1255 1386 197 43 reasons
1468 1374 90 55 too
1578 1370 203 59 obvious
1805 1371 58 58 to

333 1449 145 42 make
495 1447 217 44 mention
731 1446 62 45 of.

438 1515 99 41 The
556 1513 281 43 sentiments
858 1511 53 45 of
924 1524 31 32 a
972 1509 232 55 majority
1223 1507 53 57 of
1287 1507 83 57 the
1388 1504 164 60 people
1571 1503 53 61 of
1642 1502 83 62 the
1743 1501 123 63 colo¬

336 1582 100 42 nies
470 1594 118 30 were
621 1580 51 44 in
705 1579 85 45 full
825 1577 172 47 accord
1030 1575 116 49 with
1179 1574 84 50 the
1297 1571 298 53 declaration
1628 1568 239 56 opposing

338 1649 206 53 slavery,
576 1646 97 56 and
699 1645 116 57 they
851 1643 180 59 sought
1071 1644 50 58 to
1149 1640 106 62 give
1280 1639 41 63 it
1348 1648 279 54 supremacy
1652 1635 64 67 by
1741 1634 125 68 their

339 1726 182 31 success
539 1713 50 44 in
606 1713 84 44 the
708 1710 202 47 conflict.
965 1708 209 52 Slavery,
1187 1705 148 55 which
1353 1703 171 57 barred
1541 1702 84 58 the
1642 1703 223 57 entrance

338 1783 58 40 to
414 1781 85 42 the
518 1792 141 40 army
685 1777 54 55 of
758 1777 83 55 the
867 1775 187 57 colored
1090 1786 114 46 man
1240 1775 55 57 at
1320 1771 83 61 the
1429 1768 168 64 South,
1625 1767 98 65 had
1750 1767 115 65 been

340 1845 275 44 denounced
633 1845 66 52 by
715 1843 84 54 the
817 1841 205 56 colonist
1048 1840 156 57 before
1228 1838 83 59 the
1330 1836 237 61 adoption
1586 1834 52 63 of
1649 1834 83 63 the
1751 1832 113 65 arti¬

342 1914 91 42 cles
461 1912 54 44 of
535 1909 370 51 confederation,
927 1907 97 53 and
1049 1919 99 41 was
1173 1903 296 57 maintained
1497 1901 148 59 solely
1661 1901 65 59 by
1742 1899 125 61 local

342 1978 314 57 regulations.
711 1976 65 59 As
795 1974 129 61 early
944 1987 54 48 as
1019 1972 142 63 1774,
1183 1971 64 64 all
1263 1971 83 64 the
1364 1969 204 66 colonies
1578 1967 98 68 had
1696 1966 170 69 agreed

341 2049 73 50 to,
445 2045 97 54 and
568 2043 127 56 their
720 2039 394 60 representatives
1140 2041 57 58 to
1222 2038 84 61 the
1330 2048 222 51 congress
1570 2033 98 66 had
1687 2033 178 66 signed,

341 2113 85 42 the
445 2111 189 44 articles
654 2110 55 45 of
719 2109 83 46 the
820 2106 303 49 Continental
1135 2104 315 51 Association,
1472 2103 65 52 by
1546 2101 148 54 which
1711 2100 41 55 it
1767 2112 101 43 was

344 2178 187 57 agreed,
556 2177 146 58 "that
720 2187 67 48 we
804 2173 89 62 will
903 2172 181 63 neither
1092 2172 181 63 import
1283 2183 90 52 nor
1391 2169 230 66 purchase
1631 2180 98 55 any
1737 2166 134 69 slave

342 2245 243 55 imported
606 2243 122 57 after
746 2240 83 60 the
846 2241 105 59 first
962 2239 97 61 day
1070 2238 53 62 of
1135 2237 247 63 December
1399 2237 128 63 next,
1545 2233 189 67 (1774),
1748 2232 124 68 after

343 2312 152 43 which
512 2323 67 32 we
596 2309 92 46 will
705 2307 175 54 wholly
905 2305 297 56 discontinue
1226 2304 83 57 the
1335 2303 130 58 slave
1490 2300 154 61 trade,
1667 2300 96 61 and
1780 2298 94 63 will

345 2379 183 43 neither
554 2377 58 45 be
639 2372 254 50 concerned
920 2373 49 49 in
994 2372 41 50 it
1063 2371 251 51 ourselves,
1334 2382 90 40 nor
1457 2368 93 54 will
1575 2380 66 42 we
1666 2366 99 56 hire
1784 2378 91 44 our

346 2445 188 52 vessels,
557 2456 92 41 nor
666 2441 81 56 sell
767 2453 89 44 our
874 2437 328 60 commodities
1222 2449 56 48 or
1288 2433 370 64 manufactories
1668 2434 56 63 to
1734 2432 143 65 those

345 2513 109 41 who
473 2523 83 31 are
574 2507 255 47 concerned
847 2506 48 48 in
921 2504 88 50 it."
1065 2502 207 55 Georgia
1296 2503 90 54 not
1412 2500 142 57 being
1578 2497 300 60 represented

347 2579 49 42 in
430 2577 100 44 this
567 2576 245 53 Congress,
842 2570 339 59 consequently
1214 2581 98 48 was
1347 2569 90 60 not
1471 2567 49 62 in
1553 2566 83 63 the
1661 2563 217 66 Associa¬

345 2646 124 51 tion,
482 2644 90 53 but
591 2653 56 44 as
666 2653 124 44 soon
809 2651 55 46 as
890 2638 84 59 her
1000 2634 272 63 Provincial
1298 2633 229 64 Congress
1543 2630 266 67 assembled
1826 2629 51 68 in

349 2711 129 54 July,
501 2708 143 57 1775,
665 2707 41 58 it
724 2704 173 61 passed
915 2704 83 61 the
1015 2701 241 64 following
1273 2698 310 67 resolutions:

433 2795 294 43 "J.—Resolved,
792 2794 105 44 That
910 2792 79 46 this
1005 2790 183 48 Congress
1202 2789 73 49 will
1290 2789 124 49 adopt
1435 2787 78 51 and
1527 2796 112 42 carry
1652 2786 86 52 into
1752 2795 127 43 execu¬

349 2845 87 34 tion
453 2843 51 36 all
519 2842 78 37 and
612 2840 172 41 singular
797 2839 67 42 the
878 2845 192 36 measures
1086 2834 76 47 and
1176 2832 370 49 recommendations
1562 2830 43 51 of
1614 2830 66 51 the
1692 2829 81 52 late
1786 2828 93 53 Con¬

350 2887 167 37 tinental
532 2886 197 40 Congress.

435 2933 20 16 "
466 2927 303 43 IV.—Resolved,
814 2927 105 43 That
938 2935 54 35 we
1012 2924 74 46 will
1105 2922 145 48 neither
1263 2921 147 49 import
1424 2929 45 41 or
1483 2919 185 51 purchase
1682 2928 78 42 any
1775 2916 106 54 slave

345 2975 196 46 imported
556 2974 98 47 from
670 2972 127 49 Africa
812 2981 44 40 or
870 2969 192 52 elsewhere
1077 2967 99 54 after
1189 2966 78 55 this
1284 2966 87 55 day,
1393 2964 118 57 (July,
1530 2963 79 58 6.")
