2200 3300
750 297 316 38 Department
1094 304 63 31 of
1184 302 96 33 the
1307 291 176 44 South.

1761 290 95 43 265

338 420 152 46 midst
517 423 54 43 of
589 424 273 45 thousands
889 426 54 43 of
962 426 123 43 their
1117 426 139 43 white
1290 423 472 52 comrades-in-arms,
1799 424 57 51 to

339 488 160 44 whom
515 490 118 57 they
650 491 190 56 nightly
857 493 218 55 repeated
1101 492 83 56 the
1210 494 137 54 story
1374 490 53 58 of
1446 490 82 58 the
1553 490 98 58 late
1667 488 190 60 terrible

341 556 231 56 struggle.
643 556 99 56 The
776 559 179 53 solemn
990 561 161 53 sentry
1185 557 173 57 pacing
1396 557 83 57 the
1520 557 245 57 ramparts
1809 554 55 60 of

342 620 126 45 Fort
488 621 204 58 Wagner
709 624 140 55 night
867 625 96 54 and
990 625 109 55 day,
1119 624 73 56 his
1218 625 211 55 bayonet
1446 622 246 58 glittering
1708 621 50 59 in
1774 621 84 59 the

342 700 118 43 rays
479 688 54 55 of
551 689 84 54 the
653 702 89 41 sun
769 703 56 40 or
850 690 49 53 in
923 691 83 52 the
1031 690 282 56 moonlight,
1333 688 178 58 seemed
1536 690 55 56 to
1610 688 58 58 be
1684 687 173 59 guard¬

342 752 86 57 ing
452 754 85 55 the
562 756 240 54 sepulchre
827 757 54 53 of
901 756 94 54 Col.
1025 756 136 54 Shaw
1189 756 94 54 and
1308 756 139 54 those
1472 754 105 56 who
1603 753 74 57 fell
1702 753 156 57 beside

343 819 101 43 him
478 820 166 43 within
678 821 82 43 the
793 822 131 44 walls
959 822 54 44 of
1031 823 114 43 that
1179 835 121 43 gory
1333 822 111 56 fort,
1482 820 95 58 and
1611 820 105 58 who
1742 833 116 45 were

344 885 166 43 buried
528 887 149 43 where
693 888 116 55 they
826 888 87 55 fell.
968 887 119 56 Only
1113 888 139 55 those
1277 888 104 55 who
1398 888 124 55 have
1538 886 121 57 lived
1677 886 48 57 in
1743 886 115 57 such

346 963 34 31 a
397 964 139 43 camp
555 966 89 41 can
664 955 269 53 appreciate
950 955 82 53 the
1050 954 169 54 stories
1247 953 52 55 of
1317 952 328 56 hair-breadth
1669 964 189 44 escapes

345 1017 124 43 from
488 1018 354 44 hand-to-hand
860 1020 161 55 fightg.

447 1083 99 43 The
563 1097 165 42 repose
752 1085 156 54 lasted
934 1086 124 53 until
1083 1084 232 56 January,
1343 1085 131 55 when
1499 1098 64 42 an
1588 1084 270 56 important

347 1152 273 40 movement
653 1151 124 42 took
811 1151 131 54 place
975 1151 75 54 for
1082 1151 82 54 the
1198 1153 277 53 permanent
1501 1150 283 56 occupation
1811 1149 54 57 of

346 1213 213 44 Florida.
612 1215 40 42 A
680 1216 204 43 detailed
920 1219 203 40 account
1158 1216 53 43 of
1237 1216 161 52 which,
1436 1217 95 51 and
1557 1229 129 39 some
1712 1216 54 52 of
1792 1216 66 52 its

346 1279 246 55 disasters,
614 1280 39 54 is
671 1281 140 55 given
829 1282 47 54 in
894 1282 83 54 the
994 1282 237 55 following
1247 1294 269 43 newspaper
1533 1283 282 54 statement:

431 1390 111 35 "The
555 1391 198 35 twentieth
776 1391 77 43 day
868 1392 44 42 of
928 1392 206 42 February,
1157 1391 114 43 1864,
1293 1402 78 32 was
1391 1402 72 32 one
1483 1392 43 42 of
1540 1391 66 43 the
1624 1393 105 41 most
1743 1390 118 44 disas¬

347 1447 113 33 trous
475 1447 45 33 to
535 1445 66 35 the
616 1445 157 35 Federal
794 1456 115 32 arms,
927 1446 76 42 and
1024 1449 44 39 to
1089 1447 66 41 the
1176 1446 311 42 administration
1509 1446 43 42 of
1567 1446 195 42 President
1774 1446 88 42 Lin¬

348 1500 98 42 coln,
469 1500 39 42 in
528 1500 66 42 the
616 1501 137 41 annals
775 1500 43 42 of
833 1501 66 41 the
919 1511 79 31 war
1018 1501 58 41 for
1096 1501 65 41 the
1181 1501 128 41 union.
1351 1500 181 43 Through
1552 1501 151 43 private
1729 1501 133 43 advice

348 1554 72 35 Mr.
437 1553 156 36 Lincoln
609 1554 78 35 had
702 1555 163 34 received
881 1555 246 34 information
1149 1555 115 34 which
1285 1555 58 34 led
1364 1555 76 34 him
1461 1557 44 32 to
1526 1555 138 35 believe
1682 1556 93 34 that
1794 1556 68 34 the

349 1609 134 43 people
503 1609 38 43 in
562 1608 67 44 the
649 1608 112 44 State
781 1609 44 43 of
841 1609 167 43 Florida,
1031 1620 26 32 a
1076 1610 104 42 large
1200 1610 157 42 number
1377 1610 43 42 of
1434 1610 115 42 them,
1573 1612 45 40 at
1636 1610 109 43 least,
1768 1621 93 32 were

349 1663 120 42 ready
485 1663 79 42 and
578 1663 163 42 anxious
756 1665 43 40 to
816 1663 155 43 identify
985 1664 66 42 the
1065 1663 110 43 State
1188 1665 90 41 with
1292 1665 66 41 the
1370 1674 111 32 cause
1495 1665 43 41 of
1553 1665 65 41 the
1631 1665 133 43 Union,
1782 1665 78 43 and

347 1718 51 35 lie
424 1717 144 42 readily
597 1718 195 42 approved
820 1718 44 42 of
880 1718 64 42 the
972 1718 153 42 Federal
1152 1719 117 41 forces
1296 1720 210 42 occupying
1531 1719 66 43 the
1624 1719 120 43 State,
1766 1720 94 42 then

350 1773 147 34 almost
512 1772 169 35 deserted
696 1772 51 42 by
762 1773 65 41 the
847 1772 128 42 rebels.
1018 1772 87 42 Gen.
1129 1772 185 43 Gillmore,
1329 1774 269 43 commanding
1616 1774 67 43 the
1702 1774 157 43 Depart¬

352 1829 107 33 ment
473 1827 44 35 of
533 1827 65 35 the
613 1826 121 36 South
757 1827 76 35 had
856 1838 25 24 a
901 1828 105 43 large
1025 1828 98 43 force
1142 1828 124 43 before
1285 1827 230 44 Charleston,
1532 1828 36 43 S.
1585 1828 49 43 C.,
1650 1829 116 42 which
1780 1829 79 42 had

351 1881 93 35 been
458 1882 171 42 engaged
644 1882 38 42 in
703 1882 65 42 the
787 1885 158 41 capture
965 1883 44 43 of
1024 1882 97 44 Fort
1142 1882 161 44 Wagner
1324 1883 77 43 and
1421 1883 65 43 the
1506 1883 294 43 bombardment
1820 1884 45 42 of

350 1937 68 34 the
431 1937 79 41 city
526 1937 43 41 of
585 1936 233 43 Charleston,
835 1937 75 42 and
926 1937 64 42 the
1004 1938 193 41 reduction
1213 1938 43 41 of
1271 1937 160 42 Sumter.

433 1992 22 16 "
465 1992 116 34 These
597 1992 141 43 objects
753 1992 113 43 being
886 1992 281 43 accomplished,
1190 1992 66 43 the
1277 2003 109 32 army
1406 1993 145 43 having
1569 1993 125 43 rested
1715 1994 145 42 several

350 2046 170 42 months,
544 2046 87 42 Gen.
663 2046 176 42 Gillmore
866 2047 114 41 asked
1008 2047 60 41 for
1094 2047 104 41 leave
1218 2050 44 38 to
1283 2048 209 40 undertake
1513 2049 89 39 such
1623 2048 235 43 expeditions

350 2101 132 35 within
498 2101 57 37 his
569 2101 248 43 Department
833 2112 44 32 as
898 2102 45 42 he
962 2101 124 44 might
1106 2102 111 43 think
1237 2112 147 33 proper.
1426 2103 131 42 About
1577 2103 65 42 the
1662 2103 138 42 middle
1819 2104 44 41 of

349 2155 210 43 December,
576 2156 113 42 1863,
706 2157 65 41 the
793 2156 91 42 War
904 2157 248 43 Department
1171 2157 164 43 granted
1354 2153 156 47 him*his
1524 2160 160 40 request,
1702 2158 77 42 and
1792 2158 67 42 im¬

350 2211 204 42 mediately
581 2211 46 42 he
646 2211 123 43 began
793 2212 156 42 making
968 2212 268 43 preparations
1255 2212 60 43 for
1335 2222 51 33 an
1406 2212 226 43 expedition,
1660 2213 199 43 collecting

351 2267 234 41 transports,
602 2267 246 42 commissary
864 2270 132 39 stores,
1014 2267 149 42 drilling
1176 2270 148 39 troops,
1340 2270 82 39 etc.,
1438 2270 69 39 etc.

433 2320 161 35 "About
614 2321 67 35 the
701 2321 64 35 1st,
786 2321 44 35 of
844 2321 185 43 January,
1054 2321 113 43 1864,
1192 2321 154 43 General
1375 2321 175 43 Gillmore
1577 2324 118 40 wrote
1720 2324 45 40 to
1792 2323 67 41 the

352 2373 331 45 General-in-Chief,
700 2375 166 43 Halleck,
882 2377 91 41 that
993 2377 46 41 he
1059 2387 77 31 was
1158 2376 123 42 about
1300 2378 47 40 to
1362 2386 143 33 occupy
1518 2377 66 42 the
1597 2379 91 40 west
1701 2377 105 42 bank
1820 2378 44 41 of

351 2428 57 36 St.
424 2429 124 36 Johns
562 2430 108 43 river,
687 2431 88 42 with
790 2432 66 41 the
869 2432 89 41 view
976 2432 96 43 (1st)
1090 2434 45 41 to
1151 2441 96 34 open
1269 2442 51 33 an
1342 2431 123 44 outlet
1478 2434 44 41 to
1537 2434 148 41 cotton,
1699 2431 157 44 lumber,

349 2487 84 40 etc.,
453 2484 84 43 (2d)
555 2487 44 40 to
615 2485 155 43 destroy
785 2496 71 32 one
870 2486 43 42 of
927 2486 65 42 the
1005 2486 164 42 enemy's
1189 2496 151 32 sources
1361 2486 44 42 of
1420 2486 174 42 supplies,
1613 2486 83 42 (3d)
1714 2488 44 40 to
1772 2487 88 42 give

349 2539 68 35 the
438 2549 155 32 negroes
615 2541 253 42 opportunity
889 2541 44 42 of
947 2541 178 43 enlisting
1144 2541 37 43 in
1204 2541 65 43 the
1288 2551 122 33 army,
1436 2540 103 44 (4th)
1562 2542 46 42 to
1628 2541 231 43 inaugurate

349 2604 192 25 measures
555 2594 59 35 for
626 2595 66 34 the
705 2596 136 42 speedy
855 2596 236 42 restoration
1106 2596 43 42 of
1165 2595 157 43 Florida
1334 2598 45 40 to
1393 2595 66 43 the
1473 2595 134 43 Union.

431 2648 76 35 "In
529 2650 228 34 accordance
777 2651 90 34 with
888 2650 249 36 instructions
1163 2650 99 36 from
1289 2650 196 36 President
1511 2650 157 36 Lincoln
1694 2651 165 35 received

348 2703 171 41 through
534 2704 66 40 the
620 2705 189 39 assistant
828 2705 191 44 Adjutant
1039 2704 166 45 General,
1228 2704 125 45 Major
1373 2705 36 44 J.
1433 2704 49 45 H.
1504 2705 102 44 Hay,
1629 2705 83 44 who
1734 2706 125 43 would

348 2769 237 33 accompany
599 2760 66 42 the
678 2761 226 42 expedition,
928 2771 52 32 on
999 2760 66 43 the
1087 2760 69 43 5th
1177 2760 45 43 of
1237 2760 194 43 February
1444 2761 67 42 the
1523 2763 138 40 troops
1674 2760 124 43 began
1812 2763 46 40 to

347 2814 159 35 embark
521 2814 118 35 under
652 2815 66 35 the
732 2815 216 36 immediate
960 2814 203 37 command
1179 2814 43 37 of
1238 2814 155 37 General
1413 2815 170 36 Truman
1597 2814 193 43 Seymour,
1808 2826 51 31 on

344 2869 126 35 board
488 2869 44 35 of
545 2871 144 42 twenty
703 2872 183 41 steamers
901 2870 77 43 and
1000 2870 105 43 eight
1125 2869 214 44 schooners,
1360 2870 211 43 consisting
1585 2870 43 43 of
1642 2870 67 43 the
1721 2869 139 44 follow¬

344 2924 69 44 ing
426 2924 216 45 regiments,
657 2925 224 44 numbering
894 2925 39 44 in
955 2925 51 44 all
1027 2924 58 45 six
1105 2924 197 45 thousand
1321 2927 148 42 troops,
1487 2925 76 44 and
1577 2924 119 45 under
1708 2935 151 34 convoy

663 2980 50 35 13
