2200 3300
333 284 98 42 350
637 280 223 46 History
884 286 65 40 of
975 287 97 39 the
1097 272 166 54 Black
1287 270 254 56 Phalanx.

333 413 229 46 timbered
587 412 122 47 bluff
730 425 63 34 on
817 411 84 48 the
925 405 280 55 Mississippi
1230 404 137 56 river,
1394 399 117 61 with
1538 409 32 51 a
1594 390 168 70 ravine
1787 400 67 60 on

334 482 148 43 either
506 480 145 45 hand.
704 477 41 48 A
770 475 173 50 federal
960 472 235 55 gunboat,
1214 469 82 58 the
1316 466 145 61 "New
1480 459 145 68 Era,"
1648 453 206 74 assisted

333 548 51 42 in
407 548 83 42 the
516 546 193 50 defence,
738 544 90 52 but
852 541 84 55 the
960 537 164 59 height
1152 535 53 61 of
1223 535 83 61 the
1339 531 122 65 bluff
1489 522 256 74 prevented
1771 520 84 76 her

333 614 167 54 giving
524 609 223 59 material
773 607 204 61 support
1001 606 57 62 to
1093 601 82 67 the
1209 598 235 70 garrison.
1508 593 56 75 In
1597 589 84 79 the
1717 587 140 81 after¬

334 692 131 29 noon
482 678 123 43 both
623 677 122 44 sides
764 671 163 50 ceased
945 669 154 53 firing,
1110 669 56 53 to
1185 665 105 57 cool
1309 662 96 60 and
1424 661 132 61 clean
1572 655 126 67 their
1714 665 139 57 guns.

334 744 183 53 During
547 742 99 55 this
680 742 129 55 time,
838 736 212 61 Forrest,
1078 731 149 66 under
1261 742 33 55 a
1324 730 103 67 flag
1460 725 55 72 of
1549 725 148 72 truce,
1734 732 124 65 sum¬

335 810 172 42 moned
523 809 83 43 the
622 806 197 46 federals
840 806 54 46 to
914 798 246 54 surrender
1178 794 165 58 within
1361 806 32 46 a
1409 788 103 64 half
1533 789 139 63 hour.
1700 785 157 67 Major

334 874 240 42 Bradford
590 872 181 44 refused
787 873 57 43 to
863 866 192 55 comply
1078 863 117 58 with
1219 861 83 60 the
1327 855 220 66 demand.
1600 852 258 69 Meantime

335 941 85 41 the
437 939 319 43 confederates
782 934 175 54 taking
983 931 279 57 advantage
1289 925 53 63 of
1361 924 83 64 the
1468 924 134 64 truce
1626 921 57 67 to
1710 920 147 68 secret

336 1005 280 42 themselves
634 1003 139 44 down
789 1001 51 46 in
859 1013 31 34 a
907 998 177 51 ravine,
1103 996 125 53 from
1253 993 183 56 whence
1451 989 118 60 they
1587 986 138 63 could
1743 985 114 64 rush

338 1083 133 40 upon
495 1070 82 53 the
603 1068 122 55 Fort
754 1069 54 54 at
836 1078 31 45 a
892 1065 139 58 given
1058 1061 168 62 signal.
1289 1058 72 65 No
1389 1068 173 55 sooner
1586 1066 98 57 was
1710 1051 148 72 Brad¬

337 1136 149 42 ford's
512 1134 173 44 refusal
710 1135 56 43 to
794 1130 246 48 surrender
1057 1126 219 52 received,
1296 1125 124 53 than
1436 1122 84 56 the
1537 1119 320 59 confederates

338 1201 174 42 rushed
522 1197 395 54 simultaneously
933 1196 106 55 into
1056 1195 84 56 the
1157 1193 136 58 Fort.
1322 1191 57 60 In
1398 1203 31 48 a
1445 1189 215 62 moment
1679 1186 178 65 almost

338 1267 84 42 the
440 1266 130 55 place
586 1277 99 44 was
702 1264 50 57 in
768 1263 124 58 their
910 1260 284 61 possession.
1249 1258 98 63 The
1364 1255 235 66 garrison,
1618 1251 240 70 throwing

340 1345 141 41 away
504 1331 126 55 their
655 1342 130 44 arms
809 1328 90 58 fled
926 1328 139 58 down
1090 1326 84 60 the
1198 1327 132 59 steep
1346 1323 170 63 banks,
1536 1316 324 70 endeavoring

339 1400 58 40 to
423 1397 108 43 hide
555 1397 123 43 from
703 1397 84 43 the
812 1393 238 56 promised
1079 1394 102 55 "no
1217 1389 242 60 quarter,"
1479 1387 148 62 which
1661 1386 197 63 Forrest

340 1464 99 42 had
457 1462 247 44 embodied
720 1462 50 44 in
787 1461 74 45 his
887 1459 204 47 demand
1116 1458 76 48 for
1216 1456 269 50 surrender:
1507 1453 93 53 "If
1610 1452 35 54 I
1660 1453 125 53 have
1804 1455 54 51 to

342 1533 155 40 storm
530 1542 131 40 your
693 1527 166 55 works,
884 1539 101 43 you
1018 1537 119 45 may
1169 1526 163 56 expect
1365 1534 66 48 no
1467 1519 242 63 quarter."
1762 1518 97 64 The

344 1595 319 43 confederates
691 1593 226 52 followed,
941 1590 318 55 "butchering
1291 1588 140 57 black
1466 1586 96 59 and
1596 1585 141 60 white
1770 1584 90 61 sol¬

344 1662 122 43 diers
502 1660 96 46 and
641 1659 442 50 non-combatants,
1119 1668 119 41 men,
1275 1666 181 43 women
1500 1653 96 56 and
1638 1651 219 58 children.

344 1728 222 42 Disabled
592 1739 107 31 men
724 1738 115 32 were
864 1724 140 46 made
1028 1725 56 45 to
1104 1722 146 48 stand
1268 1733 65 42 up
1353 1720 94 55 and
1466 1720 57 55 be
1541 1718 136 57 shot;
1698 1716 164 59 others

343 1807 119 30 were
478 1794 180 43 burned
675 1791 163 46 within
857 1791 83 46 the
955 1791 132 46 tents
1104 1787 198 50 wherein
1317 1786 116 54 they
1458 1785 99 55 had
1574 1785 116 55 been
1706 1782 156 58 nailed

343 1863 58 39 to
426 1860 84 42 the
534 1858 171 44 floor."
758 1857 113 45 This
899 1855 212 47 carnival
1146 1854 54 48 of
1228 1853 189 49 murder
1451 1851 254 51 continued
1739 1849 123 53 until

345 1926 138 52 dark,
520 1925 97 53 and
651 1936 98 42 was
783 1935 114 43 even
931 1920 205 58 renewed
1170 1920 83 58 the
1277 1921 116 57 next
1418 1918 236 60 morning.
1706 1916 158 62 Major

346 1991 237 42 Bradford
601 2003 98 30 was
717 1991 89 42 not
825 1987 244 46 murdered
1087 1986 123 47 until
1227 1986 58 47 he
1310 1985 99 48 had
1427 1985 115 48 been
1560 1982 179 51 carried
1759 1995 54 38 as
1832 1993 32 40 a

347 2057 214 55 prisoner
587 2055 180 57 several
792 2055 130 57 miles
942 2066 64 46 on
1020 2053 84 59 the
1121 2053 195 59 retreat.

446 2122 49 41 It
520 2122 40 41 is
586 2122 106 41 best
717 2121 115 42 that
856 2120 84 43 the
965 2118 213 45 evidence
1203 2118 50 45 in
1277 2118 100 45 this
1411 2119 194 51 matter,
1636 2129 55 41 as
1725 2114 139 57 given

347 2189 49 40 in
422 2187 220 54 previous
669 2198 146 43 pages
843 2185 52 56 of
915 2184 98 57 this
1040 2185 209 56 chapter,
1280 2183 171 58 should
1477 2184 58 57 be
1560 2183 130 58 read.
1742 2181 48 60 It
1822 2180 42 61 is

347 2251 402 55 unimpeachable,
784 2251 190 55 though
1000 2250 210 56 Forrest,
1240 2250 43 56 S.
1313 2250 53 56 D.
1387 2250 91 56 Lee
1504 2250 97 56 and
1628 2247 239 59 Chalmers

348 2319 124 41 have
515 2316 269 55 attempted
825 2318 57 53 to
926 2317 121 54 deny
1081 2317 83 54 the
1197 2315 197 56 infernal
1428 2316 146 55 work.
1636 2314 99 57 The
1765 2313 100 58 last

347 2383 187 51 named,
554 2384 149 50 under
726 2383 159 51 whose
909 2383 253 51 command
1188 2382 133 52 these
1337 2381 273 53 barbarous
1628 2384 107 50 acts
1751 2391 119 43 were

350 2448 292 52 committed,
664 2448 169 52 offered
862 2462 63 38 on
950 2449 83 51 the
1058 2449 123 51 floor
1207 2447 53 53 of
1279 2446 83 54 the
1379 2443 172 57 United
1570 2446 164 54 States
1753 2445 115 55 Con¬

348 2527 146 43 gress,
530 2513 157 57 fifteen
727 2527 141 43 years
911 2513 266 57 afterward,
1215 2526 64 44 an
1314 2511 271 59 apologetic
1627 2511 158 59 denial
1819 2508 56 62 of

349 2580 132 42 what
517 2591 203 41 appears
753 2579 124 53 from
911 2580 83 52 the
1027 2578 212 54 evidence
1266 2576 53 56 of
1337 2577 141 55 those
1511 2577 106 55 who
1653 2576 212 56 escaped,

349 2645 198 42 —taken
572 2644 66 53 by
661 2645 85 52 the
770 2644 363 55 Congressional
1157 2642 444 57 Committee,—and
1630 2643 103 56 also
1761 2655 108 44 con¬

350 2710 273 53 tradictory
639 2712 56 51 to
713 2710 83 53 the
814 2710 294 53 confederate
1127 2707 194 56 General
1339 2706 44 57 S.
1397 2706 52 57 D.
1471 2706 131 57 Lee's
1620 2709 179 54 report,
1819 2707 49 56 in

352 2777 147 42 which
524 2777 59 42 he
608 2775 106 44 fails
739 2778 57 41 to
823 2774 221 45 convince
1068 2772 187 47 himself
1274 2785 113 34 even
1414 2773 54 46 of
1487 2772 83 47 the
1587 2772 282 56 inaccuracy

354 2844 53 40 of
427 2843 82 42 the
542 2843 189 52 reports
766 2840 53 55 of
838 2839 252 56 brutality,
1119 2851 54 44 as
1199 2837 139 58 made
1363 2837 66 58 by
1452 2837 84 58 the
1561 2838 83 57 few
1669 2839 107 56 who
1802 2852 69 43 es¬

354 2908 147 56 caped
519 2908 139 56 being
675 2904 258 60 murdered.
986 2904 91 60 Lee
1093 2915 136 49 says:
