2200 3300
727 295 345 44 Department
1100 307 63 32 of
1191 306 95 33 the
1314 294 177 45 South.

1771 292 95 43 261

338 428 96 33 ants
463 427 79 35 and
571 429 126 35 added
723 429 100 35 their
849 429 185 35 thunders
1060 430 46 34 to
1133 428 67 36 the
1226 424 192 40 universal
1445 425 82 43 din;
1556 424 66 44 the
1648 424 147 44 harbor
1829 422 43 46 of

337 480 232 38 Charleston
583 494 81 24 was
676 495 29 24 a
717 485 176 34 volcano.
936 484 80 35 The
1034 485 107 34 want
1161 482 44 37 of
1219 484 120 35 water
1358 491 79 28 was
1457 481 77 41 felt,
1556 479 75 43 but
1648 489 87 33 now
1749 478 119 44 again

338 537 297 44 "unconsciously
649 539 67 42 the
729 550 132 31 enemy
875 550 106 31 came
994 542 45 39 to
1053 539 66 42 the
1134 537 210 44 assistance
1352 535 43 46 of
1404 536 65 45 the
1483 534 189 47 garrison,
1682 534 59 47 for
1748 536 120 45 water

339 600 81 25 was
436 593 173 42 actually
624 595 166 42 scooped
803 595 99 42 from
916 595 66 42 the
996 595 144 42 craters
1161 592 111 45 made
1292 592 39 45 in
1344 591 66 46 the
1425 589 97 48 sand
1536 589 53 48 by
1602 589 66 48 the
1682 588 185 49 exploded

338 645 127 36 shells.
507 647 82 35 The
601 649 81 41 city
696 649 46 41 of
749 649 225 41 Charleston
990 659 76 31 was
1081 648 98 42 alive
1192 647 79 43 and
1285 646 138 44 aflame
1437 645 91 45 with
1542 644 243 46 excitement;
1800 643 67 47 the

339 700 92 43 bay,
446 701 68 42 the
528 703 183 44 wharves,
727 704 68 43 the
815 705 158 42 steeples
995 703 77 44 and
1092 705 138 42 streets
1251 702 98 45 filled
1363 700 92 47 with
1471 700 163 47 anxious
1649 699 217 48 spectators

339 755 162 44 looking
516 766 131 33 across
662 758 67 41 the
742 761 119 38 water
877 761 44 38 at
935 759 99 40 their
1049 758 200 41 defenders,
1267 756 123 43 whom
1404 755 92 44 they
1510 754 113 45 could
1635 755 73 44 not
1722 763 142 36 succor.

421 810 88 36 "At
521 812 25 34 2
564 812 145 34 o'clock
723 813 66 34 the
801 814 81 42 flag
895 813 185 43 halliards
1094 822 92 34 were
1207 814 66 42 cut
1291 812 53 44 by
1359 821 26 35 a
1399 811 91 45 shot
1505 809 77 47 and
1594 808 68 48 the
1675 807 191 49 Confeder¬

341 866 66 33 ate
421 866 181 44 garrison
616 867 80 43 flag
710 878 78 32 was
802 868 125 42 blown
943 879 91 31 over
1046 868 85 42 into
1146 868 66 42 the
1226 867 95 43 fort;
1337 866 106 44 there
1457 875 78 35 was
1550 874 51 36 an
1615 864 154 46 instant
1781 872 85 38 race

335 920 64 35 for
412 922 53 33 its
480 931 180 33 recovery
674 923 172 42 through
860 923 67 42 the
941 925 125 40 storm
1080 923 43 42 of
1133 923 168 42 missiles,
1319 931 91 34 over
1423 920 66 45 the
1503 919 144 46 broken
1661 917 112 48 earth
1788 917 78 48 and

336 976 116 34 shells
474 976 79 35 and
574 977 180 43 splinters
774 978 119 42 which
914 978 99 42 lined
1033 978 67 42 the
1126 977 155 44 parade.
1325 976 125 45 Major
1476 975 176 46 Ramsey,
1682 972 186 49 Sergeant

338 1031 160 34 Shelton
513 1031 79 35 and
606 1032 154 43 private
775 1032 122 43 Flinn,
915 1033 43 42 of
973 1033 66 42 the
1060 1032 224 43 Charleston
1305 1030 214 45 Battalion,
1537 1028 77 47 and
1635 1027 231 48 Lieutenant

337 1086 173 43 Riddick,
532 1088 46 41 of
592 1087 68 42 the
680 1087 233 42 Sixty-third
934 1087 176 43 Georgia,
1126 1088 87 42 first
1231 1086 159 44 reached
1409 1085 34 45 it
1463 1083 79 47 and
1560 1084 94 46 bore
1667 1083 33 47 it
1713 1082 100 48 back
1826 1083 40 47 in

337 1142 173 43 triumph
524 1144 46 41 to
585 1142 67 43 the
665 1142 184 43 flagstaff,
866 1143 78 42 and
960 1145 45 40 at
1025 1143 66 42 the
1112 1152 105 33 same
1237 1143 172 42 moment
1430 1139 164 46 Captain
1614 1138 195 47 Barnwell,
1827 1138 44 47 of

334 1198 70 35 the
424 1198 203 43 engineers,
652 1198 119 43 seized
793 1208 26 33 a
838 1198 230 43 battle-flag,
1092 1197 78 44 and
1190 1197 153 44 leaping
1364 1206 51 35 on
1434 1195 67 46 the
1520 1195 209 46 ramparts,
1747 1193 118 48 drove

338 1253 67 35 the
417 1253 99 35 staff
530 1253 86 35 into
631 1253 67 35 the
711 1253 110 35 sand.
866 1253 90 35 This
976 1253 82 42 flag
1077 1263 79 32 was
1177 1251 118 44 again
1315 1251 93 44 shot
1427 1260 123 35 away,
1565 1249 75 46 but
1654 1256 78 39 was
1746 1248 119 47 again

337 1308 173 44 replaced
523 1308 53 44 by
591 1308 159 44 Private
766 1307 181 45 Gaillard,
973 1308 43 44 of
1031 1308 66 44 the
1118 1307 223 45 Charleston
1362 1305 215 47 Battalion.
1620 1303 118 49 These
1752 1303 113 49 intre¬

334 1365 69 44 pid
419 1364 161 45 actions,
597 1363 213 46 emulating
823 1363 40 46 in
879 1373 25 36 a
917 1363 133 46 higher
1065 1362 131 47 degree
1210 1361 65 48 the
1288 1360 166 49 conduct
1469 1360 43 49 of
1527 1359 185 50 Sergeant
1726 1358 139 51 Jasper

339 1422 46 33 at
398 1419 179 36 Moultrie
591 1419 140 42 during
743 1418 68 43 the
824 1418 244 43 Revolution,
1085 1427 92 34 were
1190 1416 152 45 cheered
1355 1415 52 46 by
1420 1414 67 47 the
1500 1413 205 48 command
1720 1414 77 47 and
1809 1413 56 48 in¬

335 1475 128 44 spired
476 1475 105 44 them
596 1474 92 45 with
702 1472 167 47 renewed
882 1483 177 36 courage.

419 1530 22 17 "
451 1530 78 34 The
544 1530 78 41 day
636 1539 100 32 wore
751 1539 69 32 on;
843 1528 218 43 thousands
1082 1537 105 34 upon
1208 1524 218 47 thousands
1448 1525 43 46 of
1506 1524 112 47 shells
1640 1523 77 48 and
1737 1523 127 48 round

335 1586 106 43 shot,
458 1585 111 44 shells
583 1584 139 45 loaded
743 1584 92 45 with
856 1583 111 46 balls,
984 1583 111 46 shells
1118 1581 43 48 of
1176 1591 98 38 guns
1296 1580 78 49 and
1395 1580 111 49 shells
1528 1580 43 49 of
1586 1581 181 48 mortars,
1784 1589 81 40 per¬

337 1642 152 34 cussion
518 1640 121 42 shells,
669 1639 207 43 exploding
897 1648 105 34 upon
1023 1638 156 44 impact,
1203 1636 110 46 shells
1334 1635 91 47 with
1447 1631 145 51 graded
1611 1634 252 48 fuses—every

336 1697 94 35 kind
451 1696 231 44 apparently
702 1694 141 46 known
862 1696 47 44 to
929 1693 71 47 the
1017 1692 171 48 arsenals
1209 1691 44 49 of
1268 1701 79 39 war
1367 1690 132 50 leaped
1519 1689 84 51 into
1619 1687 78 53 and
1712 1688 150 52 around

337 1753 66 35 the
418 1752 164 36 doomed
602 1751 90 39 fort,
714 1752 67 40 yet
801 1749 107 43 there
927 1758 80 34 was
1027 1758 53 34 no
1101 1746 209 46 cessation;
1332 1745 68 47 the
1420 1755 71 37 sun
1512 1744 145 48 seemed
1677 1746 44 46 to
1744 1743 118 49 stand

337 1808 79 34 still
438 1808 77 34 and
534 1807 67 35 the
620 1806 95 42 long
735 1805 246 43 midsummer
1003 1803 76 45 day
1101 1804 45 44 to
1167 1802 113 46 know
1301 1811 51 37 no
1374 1800 123 48 night.
1540 1799 111 49 Some
1670 1809 85 39 men
1770 1807 93 41 were

336 1864 98 33 dead
449 1863 79 34 and
541 1874 52 23 no
607 1861 152 36 scratch
774 1859 191 44 appeared
980 1869 53 34 on
1046 1858 101 45 their
1159 1856 153 47 bodies;
1326 1856 68 47 the
1405 1854 225 49 concussion
1644 1854 78 49 had
1738 1853 125 50 forced

335 1919 68 34 the
416 1918 138 35 breath
575 1918 98 35 from
694 1916 100 37 their
814 1916 114 41 lungs
948 1914 79 43 and
1047 1912 193 45 collapsed
1260 1911 106 46 them
1386 1911 85 46 into
1493 1919 162 38 corpses.
1699 1908 164 49 Captain

335 1974 164 43 Twiggs,
523 1973 44 44 of
581 1973 67 44 the
669 1971 103 46 staff,
795 1971 40 46 in
862 1969 199 48 executing
1089 1978 105 39 some
1222 1966 131 51 orders
1381 1975 78 42 was
1487 1964 119 53 found
1634 1964 229 53 apparently

334 2030 111 34 dead.
488 2029 59 35 He
575 2038 78 26 was
680 2026 223 42 untoucted,
932 2025 74 43 but
1031 2023 145 45 lifeless,
1207 2021 78 47 and
1314 2020 91 48 only
1441 2022 138 46 strong
1610 2018 253 50 restoratives

335 2084 173 43 brought
521 2084 79 43 him
614 2083 100 44 back
727 2085 46 42 to
790 2080 227 47 animation,
1035 2078 79 49 and
1127 2077 67 50 the
1207 2075 272 52 commanding
1502 2074 124 53 officer
1639 2084 78 43 was
1732 2073 131 54 buried

334 2140 200 42 knee-deep
553 2139 38 43 in
614 2137 98 45 sand
735 2136 79 46 and
834 2134 80 48 had
933 2137 44 45 to
999 2134 47 48 be
1066 2132 153 50 rescued
1238 2131 54 51 by
1303 2151 3 31 ■
1315 2130 137 52 spades
1473 2130 99 52 from
1592 2128 59 54 his
1664 2129 199 53 imprison¬

335 2197 117 33 ment.
495 2194 79 36 The
588 2194 79 41 day
680 2203 101 32 wore
795 2202 62 33 on,
873 2191 119 44 hours
1013 2186 173 49 followed
1208 2186 119 49 hours
1350 2185 43 50 of
1410 2184 157 51 anxiety
1588 2183 78 52 and
1685 2183 98 52 grim
1804 2193 60 42 en¬

336 2251 177 42 durance,
534 2249 75 44 but
628 2258 52 35 no
701 2247 140 46 respite
861 2243 148 50 ensued.
1053 2242 53 51 At
1126 2242 81 51 last
1235 2240 113 53 night
1376 2249 121 44 came;
1521 2240 73 53 not
1612 2238 184 55 however,
1818 2240 45 53 to

337 2305 133 35 herald
485 2315 26 25 a
523 2304 193 36 cessation
731 2302 44 38 of
788 2301 68 39 the
869 2299 116 42 strife,
1000 2298 74 43 but
1087 2299 45 42 to
1148 2295 113 46 usher
1275 2295 39 46 in
1331 2305 25 36 a
1376 2294 152 47 conflict
1550 2293 78 48 still
1641 2303 105 38 more
1759 2293 106 48 terri¬

336 2361 71 35 ble.
449 2360 107 36 More
568 2359 97 37 than
682 2358 125 38 eleven
821 2356 119 40 hours
953 2353 79 43 had
1046 2351 150 45 passed.
1241 2349 78 47 The
1341 2349 79 47 fort
1441 2358 79 38 wras
1542 2350 92 46 torn
1655 2347 78 49 and
1752 2347 114 49 muti¬

335 2416 106 35 lated
452 2427 8 32 ;
476 2418 45 41 to
536 2415 67 44 the
624 2412 152 47 outside
797 2411 177 48 observer
994 2408 33 51 it
1047 2416 79 43 was
1149 2405 232 54 apparently
1403 2403 208 56 powerless,
1627 2402 170 57 knocked
1817 2404 46 55 to

335 2472 120 43 pieces
470 2469 79 46 and
562 2468 181 47 pounded
757 2468 73 47 out
843 2466 46 49 of
903 2464 128 51 shape,
1047 2462 68 53 the
1135 2461 147 54 outline
1303 2459 182 56 changed,
1503 2459 67 56 the
1581 2457 166 58 exterior
1759 2457 106 58 slope

336 2527 67 34 full
418 2526 44 35 of
476 2525 147 44 gaping
636 2521 171 48 wounds,
829 2520 67 49 the
917 2519 104 50 ditch
1040 2517 85 52 half
1140 2515 99 54 filled
1261 2525 64 44 up,
1342 2515 74 54 but
1436 2514 67 55 the
1522 2512 158 57 interior
1695 2512 78 57 still
1786 2521 79 48 pre¬

334 2581 136 36 served
483 2581 53 36 its
550 2580 99 37 form
664 2578 79 39 and
756 2577 54 40 its
823 2574 204 43 integrity;
1044 2572 151 45 scarred
1211 2569 77 48 and
1305 2569 149 48 defaced
1469 2569 33 48 it
1516 2577 78 40 was
1608 2568 66 49 yet
1689 2576 25 41 a
1726 2565 138 52 citadel

336 2637 131 42 which,
486 2634 190 45 although
691 2634 74 45 not
780 2630 188 49 offensive,
984 2638 79 41 was
1077 2626 155 53 defiant.

417 2692 40 35 It
477 2700 80 27 was
577 2688 134 43 nearly
731 2687 108 44 eight
860 2683 144 48 o'clock
1026 2684 45 47 at
1091 2680 122 51 night,
1230 2679 74 52 but
1323 2678 79 53 still
1417 2678 175 53 twilight,
1608 2676 105 55 when
1727 2686 25 45 a
1765 2675 96 56 calm

335 2758 109 26 came
465 2746 79 38 and
563 2745 67 39 the
650 2742 155 42 blazing
824 2740 107 44 circle
951 2736 131 48 ceased
1103 2738 45 46 to
1169 2734 99 50 glow
1294 2730 93 54 with
1414 2731 124 53 flame.
1581 2732 79 52 The
1688 2731 173 53 ominous

336 2813 122 34 pause
478 2811 79 36 was
578 2796 258 51 understood;
859 2795 33 52 it
912 2790 172 57 required
1104 2799 51 48 no
1177 2787 141 60 signals
1339 2789 47 58 to
1407 2786 49 61 be
1482 2787 92 60 read
1599 2787 54 60 by
1680 2786 111 61 those
1816 2787 45 60 to

336 2858 128 35 whom
477 2857 93 41 they
585 2863 94 35 were
698 2853 74 45 not
794 2847 164 51 directed
978 2848 46 50 to
1046 2844 137 54 inform
1203 2843 102 55 them
1319 2842 95 56 that
1428 2841 68 57 the
1510 2851 169 47 supreme
1693 2843 171 55 moment

336 2915 48 32 to
397 2913 82 34 test
491 2910 68 37 the
571 2908 114 39 value
699 2905 43 42 of
756 2904 67 43 the
838 2901 110 46 day's
964 2899 274 48 achievements
1257 2907 77 40 was
1354 2909 88 38 now
1464 2899 46 48 at
1522 2895 115 52 hand.
1679 2895 40 52 It
1732 2897 132 50 meant

337 2966 169 43 nothing
519 2964 75 45 but
615 2959 165 50 assault.
822 2956 64 53 Dr.
902 2953 191 56 Dennison
1108 2961 90 48 says
1212 2952 66 57 the
1291 2953 151 56 assault
1457 2961 78 48 was
1554 2949 178 60 intended
1751 2951 46 58 to
1816 2948 49 61 be
