2200 3300
336 309 95 42 270
642 310 223 43 History
887 323 69 30 of
982 322 96 31 the
1106 309 164 44 Black
1295 309 251 44 Phalanx.

338 444 151 33 entered
516 444 66 33 the
603 444 85 33 field
708 444 39 33 in
767 444 116 41 front,
906 443 165 43 charged
1099 442 66 44 the
1190 441 118 45 rebels
1329 441 39 45 in
1388 440 66 46 the
1473 439 128 47 centre
1622 435 44 51 of
1680 434 67 52 the
1773 434 85 52 line,

340 497 151 43 driving
504 499 104 41 them
622 499 84 41 into
722 498 99 42 their
834 498 182 42 rifle-pits,
1040 498 78 42 and
1137 497 92 43 then
1250 496 59 44 for
1329 493 82 47 half
1429 504 51 36 an
1501 492 100 48 hour
1615 490 66 50 the
1694 498 168 42 carnage

340 552 151 35 beeatae
518 554 182 41 frightful.
743 553 104 42 They
867 553 79 42 had
967 551 170 44 followed
1158 551 65 44 the
1245 550 117 45 rebels
1383 549 83 46 into
1494 547 67 48 the
1582 555 92 40 very
1697 543 97 52 jaws
1822 541 44 54 of

340 607 127 43 death,
492 608 76 42 and
590 619 85 31 now
696 608 76 42 C61.
795 607 91 43 Reid
907 606 119 44 found
1046 606 59 44 his
1125 605 184 45 regiment
1330 604 38 46 in
1389 603 66 47 the
1475 599 166 51 enemy's
1655 597 207 53 enfilading

338 663 77 42 fire,
439 663 79 42 and
538 663 94 42 they
649 665 120 40 swept
788 663 59 42 his
867 662 83 43 line.
992 660 87 45 Men
1098 660 60 45 fell
1177 660 74 45 like
1270 657 236 48 snowflakes.
1547 654 142 51 Driven
1710 654 51 51 by
1782 652 81 53 this

339 718 138 33 terrific
498 718 76 42 fire,
596 718 93 42 they
709 717 59 43 fell
788 717 110 43 back.
942 715 78 45 The
1042 714 96 46 54th
1159 713 78 47 had
1257 713 119 47 taken
1402 710 152 50 ground
1577 712 43 48 to
1647 708 68 52 the
1742 707 117 53 right,

339 772 153 42 lending
512 773 192 41 whatever
725 771 43 43 of
784 771 210 43 assistance
1019 769 93 45 they
1139 768 111 46 could
1277 770 45 44 to
1350 766 100 48 their
1469 764 160 50 retiring
1648 762 210 52 comrades,

340 827 84 33 who
440 837 92 23 were
546 827 125 35 about
692 836 51 26 on
765 836 25 26 a
809 826 74 36 line
902 824 91 38 with
1014 824 116 41 them,
1153 823 59 42 for
1233 821 189 44 although
1443 819 223 46 retreating,
1682 818 33 47 it
1730 828 77 37 was
1820 817 40 48 in

339 881 67 33 the
427 884 104 31 most
552 881 86 34 cool
659 881 77 34 and
758 880 204 35 deliberate
982 888 168 32 manner,
1174 877 78 43 and
1272 877 65 43 the
1364 878 78 42 two
1464 874 204 46 regiments
1689 873 124 47 began
1835 883 26 37 a

340 936 113 42 firing
467 938 45 40 at
525 936 73 42 will
613 936 157 42 against
783 934 117 44 which
914 934 66 44 the
994 933 128 45 rebels,
1139 931 150 47 though
1305 929 297 49 outnumbering
1616 929 114 49 them,
1747 928 112 50 could

340 992 74 32 not
427 991 89 33 face.
560 990 104 34 Thus
677 990 93 41 they
784 989 84 42 held
883 989 104 42 them
1001 987 59 44 till
1074 987 92 44 long
1180 986 98 45 after
1292 987 142 44 sunset,
1452 984 77 47 and
1543 984 113 47 firing
1669 983 142 48 ceased.

422 1045 110 33 "The
546 1045 199 41 slaughter
758 1053 78 33 was
855 1042 169 44 terrible;
1047 1042 66 44 the
1135 1041 175 45 Phalanx
1331 1040 80 46 lost
1432 1039 124 47 about
1577 1039 77 47 800
1675 1049 95 37 men,
1793 1038 67 48 the

340 1100 113 33 white
467 1102 137 39 troops
620 1099 124 42 about
759 1097 88 44 600.
889 1097 40 44 It
943 1104 77 37 was
1042 1094 236 47 Braddock's
1299 1094 125 47 defeat
1445 1094 98 47 after
1561 1094 68 47 the
1648 1093 106 48 lapge
1768 1092 50 49 of
1833 1103 26 38 a

339 1153 198 42 century."

441 1230 98 42 The
573 1232 114 40 rout
721 1242 98 30 was
846 1227 250 55 complete;
1127 1227 80 55 the
1234 1239 137 43 army
1397 1238 98 44 was
1521 1227 90 55 not
1638 1224 114 58 only
1785 1225 74 57 de¬

340 1296 157 41 feated
515 1296 90 41 but
623 1296 172 42 beaten
822 1294 95 44 and
944 1292 325 46 demoralized.
1323 1291 99 47 The
1447 1304 164 42 enemy
1637 1291 97 55 had
1761 1303 98 43 suc¬

341 1362 164 41 ceeded
523 1361 49 52 ^n
590 1361 214 54 drawing
820 1360 40 55 it
878 1359 105 56 into
1003 1371 32 44 a
1050 1360 115 55 trap
1183 1358 74 57 for
1274 1357 82 58 the
1382 1370 205 45 purpose
1605 1356 53 59 of
1679 1356 180 59 annihi¬

339 1427 160 55 late
515 1427 54 55 it.
624 1426 229 56 Seymour
870 1425 97 57 had
987 1424 259 58 advanced,
1267 1425 229 57 contrary
1520 1425 57 57 to
1594 1422 84 60 the
1696 1422 161 60 orders

340 1494 141 54 given
506 1493 99 55 him
632 1493 63 55 by
724 1491 195 57 General
946 1489 233 59 Gillmore,
1208 1489 122 59 from
1356 1488 254 60 Baldwin's
1646 1487 209 61 Station,

340 1560 150 42 where
523 1559 57 43 he
613 1571 99 31 was
746 1556 263 46 instructed
1041 1558 58 44 to
1134 1554 213 48 intrench
1382 1554 92 48 and
1506 1553 146 49 await
1679 1553 175 49 orders.

340 1624 226 44 "Whether
582 1638 58 30 or
655 1626 92 42 not
763 1623 59 45 he
837 1622 181 56 sought
1035 1624 56 54 to
1109 1620 199 58 retrieve
1323 1620 83 58 the
1422 1619 305 59 misfortunes
1743 1619 116 59 that

340 1691 99 42 had
475 1690 229 43 attended
739 1689 97 44 him
870 1688 49 45 in
954 1687 154 46 South
1143 1686 233 47 Carolina,
1405 1685 48 48 in
1481 1685 272 56 assaulting
1776 1685 83 56 the

341 1757 206 54 enemy's
564 1756 170 55 works,
754 1755 40 56 is
814 1767 31 44 a
864 1754 219 57 question
1108 1752 148 59 which
1282 1753 113 58 need
1421 1754 91 57 not
1537 1752 58 59 be
1620 1751 237 60 discussed

342 1823 119 42 here.
516 1822 48 43 It
582 1822 41 43 is
642 1821 112 54 only
772 1832 246 43 necessary
1034 1820 56 55 to
1117 1818 130 57 show
1272 1818 83 57 the
1372 1817 247 58 miserable
1636 1817 222 58 misman¬

343 1890 221 53 agement
592 1887 53 56 of
663 1886 84 57 the
773 1886 212 57 advance
1009 1885 105 58 into
1141 1884 82 59 the
1257 1883 205 60 enemy's
1488 1886 219 57 country.
1761 1883 98 60 The

341 1956 174 52 troops
533 1966 115 42 were
666 1952 219 56 marched
902 1951 106 57 into
1035 1963 64 45 an
1126 1939 299 69 amtmscade,
1445 1950 151 58 where
1612 1951 116 57 they
1743 1963 116 45 were

343 2019 299 54 slaughtered
673 2018 63 55 by
762 2017 82 56 the
869 2028 163 45 enemy
1059 2017 55 56 at
1138 2015 104 58 will.
1297 2014 130 59 Even
1446 2016 124 57 after
1587 2017 182 56 finding
1785 2016 73 57 his

342 2087 171 51 troops
533 2082 332 56 ambuscaded,
886 2082 96 56 and
998 2081 165 57 within
1180 2083 97 55 two
1296 2081 213 57 hundred
1537 2083 149 55 yards
1705 2083 53 55 of
1776 2083 83 55 the

342 2150 296 42 confederate
670 2147 349 52 fortifications,
1058 2147 195 52 General
1289 2146 230 56 Seymour
1555 2149 80 53 did
1670 2151 90 51 not
1786 2150 73 52 at¬

341 2218 157 51 tempt
523 2217 56 52 to
604 2213 84 56 fall
713 2213 122 56 back
861 2213 96 56 and
982 2213 121 56 form
1131 2226 32 43 a
1187 2212 90 57 line
1304 2213 53 56 of
1388 2214 169 55 battle,
1586 2215 189 55 though
1801 2215 57 55 he

341 2281 99 41 had
466 2279 230 43 sufficient
722 2279 224 54 artillery,
976 2280 88 53 but
1088 2276 172 57 rushed
1288 2279 197 55 brigade
1514 2281 122 53 after
1661 2281 197 55 brigade

342 2359 65 41 up
432 2348 56 52 to
514 2345 84 55 the
622 2345 204 55 enemy's
851 2358 135 42 guns,
1016 2344 113 56 only
1155 2347 55 53 to
1237 2345 57 55 be
1323 2347 177 53 mowed
1529 2347 139 53 down
1693 2347 66 54 by
1776 2347 81 54 the

341 2410 249 55 withering
606 2412 153 53 storm
779 2410 54 55 of
852 2411 126 54 shot.
1033 2410 128 55 Each
1181 2410 197 56 brigade
1395 2412 49 54 in
1461 2415 115 51 turn
1593 2416 124 50 went
1735 2414 47 52 in
1802 2427 54 39 as

343 2476 195 54 spirited
557 2489 55 41 as
632 2489 96 41 any
745 2478 171 53 troops
933 2488 107 43 ever
1056 2476 187 55 entered
1264 2489 32 42 a
1313 2477 135 55 fight,
1470 2478 89 54 but
1578 2479 278 55 stampeded

344 2544 88 40 out
460 2541 53 43 of
541 2541 40 43 it
606 2542 217 50 maimed,
844 2542 219 54 mangled
1091 2542 95 54 and
1222 2543 184 53 routed.
1477 2543 65 53 At
1577 2547 167 49 sunset
1775 2546 84 50 the

343 2607 136 52 road,
514 2607 270 54 foot-paths
820 2607 95 54 and
949 2607 165 54 woods
1148 2607 190 55 leading
1371 2608 122 54 back
1518 2611 56 51 to
1602 2610 255 52 Saunders*

343 2673 209 51 Station,
589 2684 97 40 was
720 2672 81 52 full
837 2672 53 52 of
917 2672 148 52 brave
1100 2672 195 52 soldiers
1329 2673 257 55 hastening
1618 2675 123 53 from
1774 2676 85 52 the

342 2750 239 30 massacre
616 2737 53 43 of
687 2737 123 43 their
836 2738 258 51 comrades,
1123 2737 48 52 in
1197 2737 123 52 their
1345 2738 240 51 endeavor
1608 2743 57 46 to
1693 2755 166 42 escape

342 2807 211 51 capture.
589 2801 65 57 At
673 2802 153 56 about
844 2802 106 56 nine
968 2802 177 56 o'clock
1163 2802 115 56 that
1296 2802 152 56 night,
1468 2805 132 53 what
1619 2807 239 51 remained

343 2870 55 42 of
408 2870 82 42 the
506 2868 83 44 left
607 2867 199 52 column,
828 2864 186 55 Colonel
1033 2866 376 55 Montgomery's
1429 2869 209 54 brigade,
1660 2873 201 50 consist¬

341 2935 85 55 ing
443 2934 54 56 of
515 2934 83 56 the
617 2932 120 58 54th
764 2932 95 58 and
886 2932 121 58 35th
1033 2932 221 58 Phalanx
1282 2932 281 58 Regiments,
1586 2937 95 53 and
1702 2950 32 40 a
1750 2938 110 52 bat-
