2200 3300
350 300 96 43 320
653 302 220 43 History
901 315 63 31 of
990 315 96 32 the
1116 304 161 44 Black
1302 305 250 43 Phalanx.

348 443 72 25 our
439 434 228 43 possession.
710 434 39 43 It
769 435 32 42 is
828 436 184 41 therefore
1039 436 156 41 ordered
1222 436 93 41 that
1341 437 59 40 for
1426 445 112 32 every
1567 432 139 45 soldier
1734 430 44 47 of
1798 428 70 49 th®

346 490 138 35 United
499 488 130 37 States
643 490 111 35 killed
768 490 39 35 in
828 490 190 35 violation
1039 491 43 34 of
1097 491 67 34 the
1182 491 92 34 laws
1290 490 43 35 of
1348 500 88 32 war,
1454 500 25 32 a
1498 487 102 45 rebel
1613 485 140 47 soldier
1767 481 100 51 shall

345 546 47 33 be
405 546 189 43 executed,
611 545 78 44 and
702 545 60 44 for
774 555 111 34 every
900 555 72 34 one
985 545 175 44 enslaved
1183 545 52 44 by
1256 545 66 44 the
1341 553 131 36 enemy
1494 552 45 37 or
1561 539 85 50 sold
1666 538 86 51 into
1768 537 101 52 slav¬

345 611 76 32 ery,
445 612 26 31 a
490 602 99 41 rebel
609 601 138 42 soldier
768 599 98 44 shall
886 599 46 44 be
952 599 133 44 placed
1106 601 45 42 at
1170 598 99 45 hard
1289 598 111 45 labor
1421 607 50 36 on
1493 594 127 49 public
1634 591 138 52 works,
1789 589 80 54 and

344 657 204 33 continued
564 659 45 32 at
622 657 91 34 such
727 655 113 36 labor
853 653 99 38 until
965 653 66 38 the
1052 653 111 38 other
1183 653 99 38 shall
1301 653 47 38 be
1367 649 166 42 released
1555 647 79 44 and
1647 645 141 46 receive
1802 644 67 47 the

344 713 212 32 treatment
570 711 71 34 due
654 713 45 32 to
715 721 26 24 a
754 709 171 43 prisoner
940 708 45 44 of
999 717 90 35 war.

1225 758 276 36 "ABRAHAM
1520 754 227 44 LINCOLN,

426 809 90 42 "By
531 809 111 42 order
657 808 43 43 of
715 808 66 43 the
795 806 197 45 Secretary
1008 804 44 47 of
1067 803 103 48 War.

941 859 21 16 "
972 858 43 34 E.
1031 858 44 34 D.
1092 857 227 43 Townsend,
1335 856 117 44 Ass't.
1469 853 318 47 Adjt.-General."

444 962 243 51 However,
707 960 98 53 this
825 959 139 54 order
990 957 81 56 did
1097 958 91 55 not
1214 957 198 56 prevent
1436 955 84 58 the
1538 953 223 60 carrying
1779 956 88 57 out

345 1028 54 42 of
418 1028 83 42 the
525 1026 264 44 intentions
817 1024 52 46 of
889 1024 83 46 the
1006 1022 299 48 confederate
1339 1020 247 50 President
1620 1021 98 49 and
1753 1020 114 50 Con¬

343 1106 146 42 gress.

444 1158 98 42 The
560 1157 197 43 saddest
777 1155 94 45 and
891 1154 215 46 blackest
1124 1153 198 54 chapter
1340 1152 55 55 of
1415 1152 81 55 the
1513 1152 188 56 history
1720 1151 53 57 of
1784 1153 82 55 the

342 1237 101 29 war
470 1224 54 42 of
542 1224 83 42 the
650 1222 252 51 Rebellion,
931 1221 41 52 is
998 1220 116 53 that
1139 1219 149 54 which
1314 1219 172 54 relates
1520 1221 56 52 to
1611 1220 83 53 the
1718 1222 148 51 treat¬

343 1292 132 40 ment
511 1289 53 43 of
583 1288 156 44 Union
774 1287 239 55 prisoners
1048 1286 49 56 in
1139 1285 84 57 the
1264 1285 124 57 rebel
1430 1285 163 57 prison
1636 1293 127 49 pens;
1809 1289 56 53 at

343 1355 187 53 Macon,
570 1354 101 54 Ga.,
709 1354 123 54 Belle
865 1352 178 56 Island,
1083 1351 156 57 Castle
1282 1351 234 57 Thunder,
1563 1351 299 57 Pemberton,

344 1419 195 58 Libbey,
561 1424 54 53 at
636 1421 95 56 and
750 1433 115 44 near
891 1418 262 59 Richmond
1183 1417 95 60 and
1306 1417 226 60 Danville,
1553 1417 103 60 Ya.,
1677 1418 189 59 Cahaw-

344 1489 78 51 ba,
444 1489 119 51 Ala.,
585 1487 259 54 Salisbury,
865 1485 128 56 N.C.,
1007 1485 152 56 Tyler,
1181 1483 169 58 Texas,
1372 1483 209 58 Florida,
1603 1483 258 58 Columbia,

345 1554 44 43 S.
412 1554 60 53 C.,
493 1554 156 53 Millen
668 1553 96 54 and
783 1551 366 56 Andersonville,
1174 1549 85 58 Ga.
1313 1550 49 57 It
1388 1550 40 57 is
1454 1552 90 55 not
1560 1550 83 57 the
1660 1564 205 43 purpose

342 1624 57 39 to
429 1624 211 51 attempt
668 1633 31 42 a
724 1619 189 56 general
940 1618 287 57 description
1264 1618 54 57 of
1344 1617 142 58 these-
1502 1618 195 57 modern
1734 1618 130 57 char-

342 1687 75 42 nel
443 1688 185 51 houses,
659 1700 56 39 or
739 1688 57 51 to
822 1688 132 51 enter
978 1685 106 54 into
1114 1698 32 41 a
1172 1684 204 55 detailed
1405 1686 262 53 statement
1702 1683 55 56 of
1782 1684 82 55 the

342 1756 266 40 treatment
643 1753 54 43 of
724 1753 82 43 the
840 1752 155 44 Union
1031 1751 196 45 soldiers
1262 1751 106 45 who
1404 1763 114 33 were
1552 1750 312 46 unfortunate

343 1820 189 55 enough
550 1822 55 53 to
624 1832 165 43 escape
807 1818 146 57 death
971 1829 131 46 upon
1128 1818 82 57 the
1238 1817 278 58 battle-field
1537 1817 95 58 and
1651 1816 114 59 then
1782 1815 80 60 fall

343 1886 190 54 captive
557 1888 56 52 to
639 1885 83 55 the
748 1884 333 56 confederates.
1137 1883 148 57 When
1310 1897 67 43 we
1404 1884 213 56 consider
1649 1882 84 58 the
1764 1882 98 58 fact

341 1953 116 41 that
482 1952 83 42 the
590 1952 140 42 white
756 1964 106 30 men
887 1951 105 43 who
1019 1963 116 31 were
1162 1951 213 55 engaged
1409 1950 50 56 in
1492 1950 83 56 the
1608 1962 99 44 war
1731 1961 130 45 upon

342 2018 123 42 both
492 2017 135 52 sides,
656 2017 229 55 belonged
911 2019 56 53 to
996 2029 89 43 one
1112 2017 186 55 nation,
1320 2016 96 56 and
1443 2028 115 44 were
1574 2015 284 57 Americans,

342 2096 148 41 many
518 2083 54 54 of
590 2083 156 54 whom
771 2083 97 54 had
895 2083 115 54 been
1037 2083 230 54 educated
1295 2085 55 52 at
1383 2083 83 54 the
1501 2095 130 42 same
1657 2081 200 56 schools,

343 2149 95 41 and
474 2161 312 42 many—very
820 2150 253 54 many—of
1101 2152 131 52 them
1267 2154 230 50 members
1533 2153 54 51 of
1613 2153 82 51 the
1730 2164 130 40 same

340 2214 222 54 religious
581 2214 398 54 denominations,
1002 2218 96 50 and
1126 2219 192 53 church;
1348 2222 96 50 not-
1465 2233 31 39 a
1512 2219 81 53 few
1613 2219 245 55 springing

339 2281 124 40 from
488 2280 83 41 the
597 2293 130 29 same
753 2282 139 41 stock
919 2283 96 41 and
1042 2285 136 52 loins,
1198 2286 84 51 the
1308 2285 245 52 atrocities
1580 2285 276 52 committed

340 2346 66 53 by
430 2346 82 53 the
538 2346 319 53 confederates
885 2351 195 55 against
1105 2353 84 53 the
1214 2352 155 54 Union
1404 2353 211 53 soldiers,
1643 2353 133 53 while
1807 2352 50 54 in

338 2412 125 41 their
480 2412 205 54 custody
703 2426 55 40 as
777 2415 237 53 prisoners
1034 2419 54 49 of
1106 2433 111 37 war,
1239 2420 162 50 makes
1427 2418 125 52 their
1570 2419 138 51 deeds
1727 2433 130 37 more

339 2479 231 54 shocking
596 2480 95 53 and
717 2481 231 52 inhuman
973 2486 124 47 than
1122 2485 39 48 if
1180 2485 82 48 the
1287 2486 304 47 contestants
1617 2484 98 49 had
1742 2486 111 47 been

339 2545 56 42 of
414 2558 32 29 a
463 2546 213 43 different
693 2550 308 56 nationality.

437 2613 98 42 The
569 2614 196 56 English
801 2618 194 52 soldiers
1030 2617 105 53 who
1169 2614 164 56 lashed
1367 2614 83 56 the
1476 2613 181 57 Sepoys
1689 2619 58 51 to
1773 2618 83 52 the

338 2681 196 41 mouths
569 2681 54 43 of
641 2683 124 41 their
800 2696 200 37 cannon,
1040 2681 94 52 and
1160 2680 115 53 then
1300 2679 113 54 fired
1439 2679 84 54 the
1549 2681 162 53 pieces,
1738 2684 117 50 thus

337 2748 173 53 cruelly
535 2748 273 54 murdering
831 2748 83 54 the
939 2745 228 57 captured
1193 2744 160 58 rebels,
1375 2743 169 59 offered
1562 2745 85 57 the
1664 2747 121 55 plea,
1805 2749 50 53 in

337 2814 279 56 mitigation
635 2813 54 57 of
707 2812 125 58 their
856 2812 151 58 crime,
1030 2810 94 60 and
1153 2823 54 47 as
1235 2822 63 48 an
1323 2821 165 49 excuse
1512 2809 76 61 for
1611 2812 243 58 violating

338 2882 81 43 the
436 2882 121 43 rules
576 2879 55 46 of
649 2891 111 38 war,
779 2877 116 52 that
911 2876 124 53 their
1052 2875 203 54 subjects
1273 2886 115 43 were
1404 2876 90 53 not
1513 2875 54 54 of
1588 2888 32 41 a
1645 2877 207 52 civilized

334 2948 187 52 nation,
536 2944 95 56 and
651 2942 79 58 did
749 2943 90 57 not
855 2940 279 60 themselves
1154 2938 172 62 adhere
1341 2939 57 61 to
1416 2937 84 63 the
1517 2938 115 62 laws
1650 2954 204 46 govern-
