2200 3300
352 316 63 41 82

656 319 222 43 History
904 331 64 31 of
994 329 96 33 the
1116 317 165 45 Black
1306 313 253 49 Phalanx.

347 452 292 33 commissioned
667 452 143 33 officers
838 451 78 34 and
941 450 173 43 privates
1141 447 72 46 will
1241 446 84 47 also
1351 443 47 50 be
1425 437 160 56 entitled
1611 438 46 55 to
1678 435 67 58 the
1765 441 108 52 same

349 507 178 40 monthly
540 516 90 33 pay,
648 506 77 43 and
740 506 103 43 daily
857 504 162 45 rations,
1036 502 78 47 and
1134 500 155 49 clothes,
1310 492 194 57 furnished
1516 494 47 55 to
1580 499 78 50 any
1670 486 202 63 American

349 561 149 33 Boldier.

430 614 58 34 On
500 614 188 43 enrolling
698 613 218 44 yourselves
935 612 40 45 in
994 609 230 48 companies,
1246 606 68 51 the
1332 598 300 59 Major-General
1646 596 227 61 Command¬

347 669 68 42 ing
435 669 73 42 will
522 669 111 42 select
654 669 142 42 officers
817 668 60 43 for
896 676 99 35 your
1015 662 252 49 government
1286 659 100 52 from
1404 665 101 46 your
1525 653 115 58 white
1659 650 213 61 fellow-citi¬

348 733 98 24 zens.
489 723 104 34 Your
613 719 383 38 non-commissioned
1016 718 144 39 officers
1187 714 74 43 will
1288 713 46 44 be
1361 707 212 50 appointed
1599 707 100 50 from
1727 715 145 42 among

347 778 231 41 yourselves.

428 832 79 33 Due
520 832 139 42 regard
672 831 72 43 will
757 831 47 43 be
818 829 92 45 paid
923 830 46 44 to
983 827 67 47 the
1062 825 153 49 feelings
1230 822 43 52 of
1294 822 166 52 freeman
1476 817 78 57 and
1574 815 169 59 soldiers.
1784 814 87 60 You

346 887 76 33 will
441 889 83 39 not,
546 887 55 41 by
619 885 114 43 being
752 882 218 46 associated
990 880 93 48 with
1104 878 113 50 white
1235 886 86 42 men
1340 874 41 54 in
1400 874 69 54 the
1487 882 107 46 same
1613 880 123 48 corps,
1751 870 48 58 be
1811 880 61 48 ex.

346 941 121 42 posed
481 944 45 39 to
540 941 192 42 improper
752 936 264 47 comparisons
1038 944 45 39 or
1102 932 134 51 unjust
1256 939 182 44 sarcasm.
1480 927 52 56 As
1547 937 26 46 a
1588 926 168 57 distinct,
1771 925 99 58 inde¬

345 996 169 41 pendent
540 994 197 43 battalion
766 1003 45 34 or
836 991 197 46 regiment,
1062 986 186 51 pursuing
1274 984 67 53 the
1367 982 99 55 path
1481 982 43 55 of
1539 982 123 55 glory,
1682 990 82 47 you
1783 980 85 57 will,

345 1049 219 42 undivided,
579 1049 140 42 receive
731 1048 67 43 the
812 1046 184 45 applause
1011 1042 78 49 and
1102 1039 200 52 gratitude
1316 1038 44 53 of
1374 1048 100 43 your
1487 1038 261 53 countrymen.

428 1104 57 33 To
508 1114 131 23 assure
658 1112 80 32 you
759 1101 43 43 of
817 1100 66 44 the
904 1097 178 47 sincerity
1103 1096 44 48 of
1162 1105 65 39 my
1241 1093 222 51 intentions,
1481 1091 78 53 and
1573 1102 65 42 my
1653 1090 156 54 anxiety
1821 1092 49 52 to

344 1169 150 32 engage
505 1168 101 33 your
624 1155 220 46 invaluable
864 1153 159 48 services
1042 1154 47 47 to
1111 1160 72 41 our
1202 1151 176 50 country,
1400 1147 20 54 I
1439 1148 102 53 have
1566 1144 302 57 communicated

346 1223 66 31 my
426 1213 133 41 wishes
572 1214 45 40 to
632 1207 66 47 tHe
719 1209 197 45 Governor
937 1206 43 48 of
995 1205 222 49 Louisiana,
1233 1204 85 50 who
1332 1203 33 51 is
1379 1203 93 51 fully
1485 1201 185 53 informed
1685 1211 44 43 as
1743 1202 44 52 to
1802 1201 69 53 the

345 1277 161 25 manner
521 1267 44 35 of
579 1265 236 40 enrollment,
833 1263 77 42 and
923 1261 74 44 will
1010 1260 86 45 give
1109 1270 80 35 you
1208 1269 112 36 every
1340 1267 198 38 necessary
1551 1256 250 49 information
1816 1266 51 39 on

345 1322 68 33 the
427 1321 146 42 subject
587 1321 44 42 of
645 1319 80 44 this
740 1318 168 45 address.

870 1360 171 33 Andrew
1062 1359 182 41 Jackson,
1258 1355 303 47 Major-General
1579 1354 286 48 Commanding.

347 1419 122 44 [Niles
480 1419 185 44 Register,
684 1417 73 46 vol.
777 1415 59 48 vii.
848 1425 42 38 p.
904 1414 111 49 205.2

446 1507 149 41 When
637 1506 83 42 the
762 1516 123 32 news
930 1502 53 46 of
1021 1502 109 46 Gen.
1168 1500 213 48 Jackson
1424 1498 188 56 arming
1651 1499 83 55 the
1774 1497 93 57 free

344 1586 202 43 negroes
580 1570 197 59 reached
810 1570 84 59 the
927 1568 156 61 North
1116 1567 42 62 it
1192 1565 188 64 created
1405 1578 65 51 no
1496 1564 124 65 little
1644 1564 217 65 surprise,

347 1640 98 42 and
471 1638 190 56 greatly
687 1635 296 59 encouraged
1008 1634 154 60 those,
1190 1633 120 61 who,
1330 1631 123 63 from
1478 1631 83 63 the
1587 1642 277 52 commence¬

344 1708 135 40 ment
506 1704 49 44 of
579 1702 269 52 hostilities,
885 1701 98 53 had
1019 1698 269 56 advocated
1322 1697 55 57 it.
1431 1696 98 58 The
1562 1708 228 46 successes
1816 1694 54 60 of

342 1773 87 42 the
455 1783 205 32 summer
685 1781 116 34 were
827 1767 140 54 being
994 1765 285 56 obliterated
1298 1764 64 57 by
1379 1763 83 58 the
1479 1762 220 59 victories
1717 1759 146 62 which

344 1839 85 41 the
470 1836 182 44 British
693 1847 117 33 were
844 1832 258 55 achieving.
1158 1831 98 56 The
1297 1829 223 58 national
1553 1828 180 59 capitol
1765 1840 98 47 was

345 1903 203 52 burned;
585 1901 157 54 Maine
775 1899 97 56 had
915 1898 231 57 virtually
1188 1897 140 58 fallen
1371 1896 105 59 into
1519 1894 124 61 their
1684 1893 176 62 hands;

341 1970 169 54 gloom
553 1968 97 56 and
693 1964 411 60 disappointment
1147 1961 237 63 prevailed
1426 1961 307 63 throughout
1780 1959 83 65 the

344 2036 219 51 country.
617 2031 288 56 Enlistment
938 2041 98 46 was
1072 2031 55 56 at
1162 2042 32 45 a
1225 2027 279 60 stand-still,
1543 2026 95 61 and
1683 2038 55 49 as
1780 2025 82 62 the

341 2099 183 42 British
541 2110 117 31 were
673 2096 307 52 threatening
995 2094 115 54 with
1137 2092 320 56 annihilation
1482 2091 84 57 the
1590 2091 83 57 few
1689 2094 172 54 troops

339 2166 119 41 then
475 2164 49 43 in
540 2163 83 44 the
640 2161 120 50 field,
780 2160 41 51 it
839 2160 188 51 became
1053 2158 187 53 evident
1265 2158 116 53 that
1405 2157 83 54 the
1514 2155 164 56 States
1704 2157 155 54 would

339 2231 127 41 have
506 2231 57 41 to
597 2226 116 46 look
746 2227 57 45 to
837 2224 124 48 their
995 2237 105 35 own
1143 2223 192 49 defence.
1388 2221 107 51 New
1536 2221 132 51 York
1712 2223 147 49 acain

1744 2259 30 20 ©

338 2295 175 42 turned
530 2293 82 44 her
632 2290 244 47 attention
902 2292 56 45 to
984 2289 82 48 her
1091 2288 91 49 free
1207 2301 146 41 negro
1380 2288 310 54 population;
1720 2302 32 40 a
1779 2290 82 52 bill

339 2373 101 29 was
457 2356 229 57 prepared
706 2355 96 58 and
820 2354 277 59 introduced
1115 2354 48 59 in
1188 2354 84 59 the
1295 2352 274 61 legislature
1584 2354 201 59 looking
1799 2357 59 56 to

337 2427 86 40 the
441 2423 188 52 arming
647 2421 53 54 of
720 2421 82 54 her
819 2432 209 43 negroes,
1050 2419 95 56 and
1171 2418 49 57 in
1247 2417 216 58 October,
1494 2430 32 45 a
1542 2420 173 55 month
1734 2420 127 55 after

340 2492 112 42 Gen.
464 2489 212 45 Jackson
694 2485 155 49 issued
868 2485 71 49 his
951 2484 169 54 appeal
1136 2485 57 53 to
1202 2483 83 55 the
1302 2494 196 44 negroes
1509 2483 54 55 of
1575 2483 278 55 Louisiana,

336 2558 86 40 the
439 2554 295 54 Legislature
752 2551 169 57 passed
941 2562 32 46 a
989 2548 81 60 bill
1089 2548 52 60 of
1152 2547 148 61 which
1317 2547 82 61 the
1415 2547 241 61 following
1674 2562 81 46 are
1771 2551 88 57 the

336 2622 135 41 most
487 2618 271 54 important
776 2614 224 58 sections:

337 2719 92 35 "An
449 2717 74 37 Act
544 2719 44 35 to
609 2714 197 40 authorize
828 2713 64 41 the
910 2711 148 43 raising
1076 2711 49 43 of
1136 2710 88 44 Two
1244 2709 219 45 Regiments
1489 2710 50 44 of
1546 2710 86 44 Men
1662 2713 49 41 of
1721 2713 135 43 Color;

412 2770 146 46 passed
571 2768 80 48 Oct.
665 2766 195 50 24,1814.

419 2837 139 34 "Sect.
581 2834 36 37 1.
659 2833 53 38 Be
731 2832 33 39 it
784 2831 157 40 enacted
966 2830 54 42 by
1045 2830 66 42 the
1136 2828 133 44 people
1295 2827 44 45 of
1352 2827 68 45 the
1446 2827 113 45 State
1573 2830 44 42 of
1631 2830 87 42 New
1730 2830 120 47 York,

333 2890 240 46 represented
587 2889 38 47 in
640 2887 137 49 Senate
791 2886 75 50 and
881 2885 207 51 Assembly,
1111 2884 105 52 That
1228 2883 66 53 the
1309 2882 196 54 Governor
1519 2884 44 52 of
1577 2885 67 51 the
1664 2886 113 50 State
1790 2889 58 47 be,

331 2946 85 34 and
429 2946 46 34 he
487 2945 33 35 is
534 2942 138 42 hereby
687 2940 220 44 authorized
927 2942 45 42 to
992 2939 109 45 raise,
1117 2938 52 46 by
1182 2938 211 46 voluntary
1411 2938 230 46 enlistment,
1663 2943 79 41 two
1756 2943 98 44 regi-
