2214 3309
749 300 107 41 The
884 302 239 44 Phalanx
1149 316 48 31 in
1224 306 237 45 Virginia.

1764 312 99 44 449

344 427 98 42 and
461 441 108 29 now
588 429 158 55 began
763 431 84 53 the
865 431 199 53 decisive
1081 435 171 49 battle.
1307 438 99 46 The
1431 453 115 31 roar
1563 452 99 32 was
1682 442 182 44 deafen¬

342 493 96 58 ing.
494 493 150 58 Night
662 509 100 42 was
781 498 192 55 coming
991 512 77 41 on,
1092 502 96 51 and
1216 501 230 52 Sheridan
1464 519 98 34 was
1582 509 205 44 anxious
1804 512 60 41 to

343 573 139 42 carry
502 564 89 51 out
621 559 197 56 Grant's
847 564 140 51 order
1015 565 97 50 and
1133 568 128 47 "end
1280 569 82 46 the
1389 573 180 42 matter
1596 573 38 42 if
1655 575 207 53 possible

343 629 55 40 to
427 627 63 42 do
518 627 106 43 so."
661 628 75 42 He
762 641 126 42 gave
912 630 85 53 the
1024 631 152 54 order,
1201 633 220 57 "Charge
1447 637 304 54 bayonets!"
1804 641 57 50 In

343 694 91 43 five
459 694 208 44 minutes
694 694 209 44 Picket's
931 697 140 42 outer
1095 697 93 44 line
1205 712 99 30 was
1330 700 49 42 in
1405 705 273 51 possession
1706 706 53 50 of
1778 707 85 49 the

342 760 212 44 federals.
610 759 283 46 Crawford's
929 763 207 43 division
1171 766 166 42 struck
1362 768 132 42 them
1521 769 49 42 in
1595 771 84 42 the
1711 772 146 53 flank,

344 828 111 52 and,
467 828 116 52 with
601 827 292 53 McKenzie's
911 829 214 56 brigade,
1145 833 174 52 routed
1339 835 96 50 and
1455 838 106 47 sent
1579 836 82 49 the
1679 838 181 47 confed¬

342 896 156 40 erates
525 894 164 56 flying.
743 895 101 55 The
880 897 88 53 5th
1004 896 149 57 Corps
1187 899 164 54 rallied
1389 901 96 52 and
1521 904 226 52 captured
1777 905 84 51 the

342 961 206 54 enemy's
567 962 150 53 entire
734 961 126 54 force
876 962 50 53 in
945 963 124 52 their
1086 963 147 52 front.
1280 964 197 51 General
1496 966 230 49 Sheridan
1744 983 116 42 says

341 1027 46 41 in
409 1030 164 52 report
586 1042 11 40 :

425 1128 109 34 "The
548 1138 133 32 enemy
695 1139 93 31 were
804 1129 131 41 driven
950 1129 100 41 from
1064 1130 100 40 their
1180 1133 139 42 strong
1331 1132 74 43 line
1420 1133 43 42 of
1479 1133 135 44 works,
1631 1136 226 42 completely

342 1184 149 42 routed,
508 1184 67 42 the
589 1183 105 43 Fifth
710 1183 119 44 Corps
845 1185 187 43 doubling
1046 1196 51 32 up
1113 1186 100 42 their
1227 1187 67 41 left
1308 1188 105 40 flank
1427 1189 39 39 in
1480 1189 210 44 confusion,
1701 1192 78 41 and
1792 1192 68 41 the

341 1239 158 42 cavalry
509 1238 44 43 of
563 1238 159 43 General
737 1239 154 42 Merritt
907 1240 167 44 dashing
1088 1250 51 34 on
1154 1244 45 40 to
1214 1242 66 42 the
1288 1242 126 42 White
1422 1243 84 41 Oak
1520 1244 123 43 Road,
1653 1245 206 44 capturing

343 1294 98 34 their
456 1294 184 43 artillery,
658 1295 160 43 turning
832 1295 33 43 it
879 1306 105 33 upon
1000 1296 116 43 them,
1128 1297 78 42 and
1220 1297 127 45 riding
1360 1299 84 43 into
1460 1300 99 42 their
1574 1301 143 41 broken
1725 1302 131 43 ranks,

343 1359 43 24 so
409 1349 251 34 demoralized
681 1350 106 34 them
809 1351 93 35 that
922 1351 94 42 they
1031 1351 114 42 made
1165 1363 51 30 no
1239 1352 144 41 serious
1405 1355 119 38 stand
1546 1355 98 38 after
1663 1356 101 37 their
1784 1356 74 37 line

341 1414 79 24 was
434 1405 156 42 carried,
607 1405 74 42 but
694 1406 100 41 took
808 1406 113 44 flight
935 1406 40 44 in
990 1406 211 44 disorder."

441 1493 98 42 The
556 1493 158 43 writer
741 1495 99 41 well
867 1496 282 43 remembers
1175 1496 83 43 the
1285 1510 246 42 eagerness
1552 1499 52 53 of
1624 1500 82 52 the
1733 1500 125 52 Pha¬

341 1559 115 42 lanx
483 1560 199 55 brigade
709 1561 54 54 of
792 1560 190 55 Colonel
1018 1560 153 55 Shaw,
1202 1565 255 53 composed
1494 1565 54 53 of
1575 1566 83 52 the
1685 1566 170 54 109th,

343 1625 154 51 116th,
533 1627 97 49 and
668 1627 88 49 7th
791 1626 288 56 Regiments,
1110 1641 56 41 as
1200 1629 116 54 they
1342 1630 172 53 waited
1552 1632 163 51 orders
1741 1645 117 38 near

342 1691 255 43 Hatcher's
615 1691 121 44 Run.
792 1693 99 42 The
909 1694 156 42 sound
1077 1694 54 43 of
1144 1694 189 44 distant
1351 1709 123 42 guns
1492 1697 74 54 fell
1584 1710 131 42 upon
1732 1700 126 52 their

340 1771 130 40 ears;
500 1758 188 53 Colonel
717 1758 139 53 Shaw
882 1773 99 38 was
1009 1760 278 56 impatient;
1318 1763 64 53 all
1401 1763 179 53 seemed
1600 1767 55 49 to
1675 1765 81 51 feel
1773 1766 85 50 the

341 1825 88 42 end
447 1838 99 29 was
573 1837 129 40 near,
725 1826 97 51 and
840 1826 191 51 wanted
1049 1829 56 48 to
1124 1827 107 50 lend
1252 1841 31 36 a
1300 1828 129 49 hand
1458 1829 46 48 in
1532 1829 83 48 the
1641 1844 216 33 consum¬

341 1892 202 42 mation.
598 1890 87 53 Oh,
706 1892 133 51 what
858 1893 245 54 suspense!
1151 1893 99 54 The
1268 1894 198 56 brigade
1483 1896 82 55 lay
1583 1909 131 42 upon
1732 1898 124 53 their

342 1970 128 30 arms
489 1958 48 42 in
558 1971 30 29 a
608 1959 130 41 state
758 1958 53 42 of
825 1961 139 53 great
985 1959 260 55 agitation,
1269 1961 64 53 all
1349 1962 115 52 that
1483 1962 153 56 night,
1659 1964 197 56 waiting

340 2024 74 42 for
441 2025 162 41 orders
630 2025 57 41 to
724 2025 216 42 advance
975 2038 131 42 upon
1141 2026 84 54 the
1258 2027 86 53 foe.
1401 2027 123 53 Who
1549 2041 90 39 can
1664 2030 83 50 tell
1771 2031 86 49 the

339 2091 240 54 thoughts
607 2090 53 55 of
679 2091 143 54 those
849 2091 149 54 brave
1024 2092 140 53 black
1193 2093 196 52 soldiers
1418 2107 55 38 as
1499 2095 114 50 thus
1639 2095 115 55 they
1772 2097 83 54 lay

340 2169 130 43 upon
513 2157 83 55 the
639 2157 243 56 rumbling
933 2158 152 55 earth.
1142 2158 219 55 Fathers,
1408 2161 227 52 mothers,
1674 2162 177 53 sisters,

339 2223 139 42 wives
506 2224 92 41 and
631 2224 221 52 children,
873 2226 83 52 yet
983 2224 169 54 slaves,
1175 2225 171 53 behind
1366 2225 84 53 the
1474 2227 205 54 enemy's
1706 2241 146 41 guns:

341 2289 213 54 precious
598 2293 232 51 property
864 2290 117 55 they
1017 2304 94 41 are,
1151 2291 96 54 and
1292 2292 214 54 guarded
1541 2292 91 54 like
1666 2294 190 52 dearest

339 2358 216 42 treasure
573 2356 97 44 and
689 2369 115 31 even
822 2355 75 45 life
915 2357 136 53 itself,
1074 2357 65 55 by
1159 2370 63 42 an
1242 2370 140 42 army
1400 2358 54 54 of
1467 2358 391 54 slave-holders—

341 2421 129 44 Lee's
497 2435 121 40 men,
647 2423 121 52 who,
797 2423 116 52 with
940 2424 81 51 the
1049 2424 308 54 desperation
1385 2424 53 54 of
1460 2424 210 54 demons,
1691 2425 164 55 vainly

341 2489 269 54 attempted
631 2491 56 52 to
706 2489 142 54 check
866 2490 83 53 the
968 2489 214 54 advance
1201 2490 54 53 of
1274 2490 84 53 the
1376 2502 106 41 men
1502 2490 54 53 of
1574 2490 83 53 the
1683 2489 172 54 North,

338 2555 121 52 who,
480 2555 116 52 with
613 2555 126 52 their
756 2555 131 52 lives,
910 2554 222 53 defended
1157 2555 83 52 the
1265 2554 172 53 Union.
1492 2555 99 52 The
1609 2556 139 51 black
1766 2556 91 51 bri¬

339 2622 124 53 gade
480 2621 191 54 wanted
690 2624 56 51 to
767 2620 150 55 strike
936 2632 90 43 one
1044 2632 132 43 more
1193 2620 123 55 blow
1334 2621 74 54 for
1425 2621 332 54 freedom—for
1773 2621 86 54 the

339 2688 207 43 freedom
575 2687 53 44 of
658 2686 125 45 their
809 2686 141 45 wives
978 2685 96 46 and
1102 2685 312 46 children—to
1442 2687 141 44 make
1610 2699 89 32 one
1725 2699 132 32 more

339 2755 188 52 charge,
550 2753 98 54 and
665 2753 85 54 the
776 2751 299 56 confederate
1093 2749 182 58 banner
1302 2751 168 56 should
1491 2765 64 42 go
1576 2753 161 54 down;
1767 2764 90 43 one

339 2834 133 30 more
498 2821 190 53 charge,
711 2817 96 57 and
826 2817 84 57 the
935 2815 124 59 light
1079 2815 53 59 of
1152 2815 238 59 Liberty's
1417 2820 130 54 stars
1566 2817 171 57 should
1758 2815 99 59 bla¬

339 2901 87 30 zon
441 2900 115 31 over
573 2886 85 45 the
676 2884 249 52 ramparts
938 2880 53 56 of
1001 2880 83 56 the
1103 2881 296 55 confederate
1416 2883 137 53 forts.
1589 2883 67 53 At
1674 2882 177 54 length,

338 2955 117 42 with
473 2954 84 43 the
576 2948 226 55 dawning
820 2945 55 58 of
895 2946 112 57 day,
1026 2957 134 46 came
1184 2946 83 57 the
1294 2947 160 56 order;
1482 2948 116 55 then
1614 2948 84 55 the
1715 2947 143 56 black
