2212 3308
874 295 106 44 The
1007 296 165 44 Black
1198 296 155 45 Flag.

1781 296 100 42 339

341 417 70 35 the
432 418 167 40 Seventh
621 435 93 26 were
736 437 146 34 among
901 429 67 42 the
988 429 210 44 fortunate,
1221 430 78 43 and
1319 430 99 43 from
1438 431 92 42 that
1552 431 77 43 day
1650 441 99 33 none
1770 430 106 44 knew

341 472 150 46 hunger
505 487 119 31 more.

425 529 23 19 "
460 531 117 36 'With
597 534 69 34 the
686 536 147 36 advent
855 539 44 34 of
914 539 67 35 the
1000 539 119 35 boxes
1139 549 107 25 came
1264 540 67 35 the
1352 540 110 35 dawn
1484 541 43 35 of
1544 551 25 25 a
1589 541 173 43 brighter
1782 542 92 42 day.

342 583 147 37 Cartels
504 587 44 33 of
563 589 195 44 exchange
779 603 93 30 were
891 595 134 38 talked
1047 595 135 43 about,
1199 595 78 43 and
1297 596 53 42 by
1369 596 67 42 the
1456 595 140 43 middle
1617 596 44 42 of
1676 596 199 44 February

340 639 69 34 the
421 642 175 42 captives
610 644 120 40 found
745 647 226 37 themselves
993 660 52 24 on
1065 651 67 33 the
1151 651 73 34 rail
1238 651 59 34 for
1311 650 221 35 Richmond.
1576 651 79 34 The
1670 652 64 34 old
1749 651 126 43 Libby

341 697 193 41 appeared
549 699 113 39 much
677 700 73 38 less
765 703 159 42 gloomy
939 705 99 40 than
1054 715 50 30 on
1119 706 86 39 first
1227 706 286 43 acquaintance,
1529 706 66 43 the
1609 717 92 32 rays
1718 707 41 42 of
1775 707 101 43 hope

339 750 195 45 throwing
549 763 25 32 a
588 753 92 42 halo
703 756 127 39 about
850 760 243 41 everywhere.
1136 760 117 43 Many
1276 761 117 42 asked
1415 761 77 42 and
1515 761 184 42 obtained
1720 761 67 42 the
1807 762 68 41 lib¬

339 808 87 40 erty
441 806 43 42 of
500 807 67 41 the
580 810 107 38 town
708 814 46 34 to
774 812 68 43 lay
863 814 39 41 in
925 825 26 30 a
971 816 139 42 supply
1131 816 44 42 of
1190 816 112 42 those
1322 816 72 42 fine
1415 816 144 42 brands
1576 817 43 41 of
1635 817 163 41 tobacco
1813 817 61 41 for

339 861 119 35 which
473 862 214 37 Richmond
701 865 33 35 is
749 867 164 36 famous.
956 868 46 36 In
1017 880 26 25 a
1056 871 66 34 few
1137 871 97 42 days
1248 871 67 42 the
1334 871 271 42 preliminaries
1620 874 44 39 to
1680 872 198 43 exchange1

338 927 93 24 were
445 919 225 44 completed,
688 922 78 41 and
782 933 51 30 on
854 924 67 39 the
942 924 79 39 22d
1043 925 44 38 of
1103 924 528 45 February—Washington's
1646 926 227 44 birthday—

337 972 68 35 the
419 974 172 42 captives
608 975 83 41 also
708 978 159 42 stepped
882 979 84 41 into
983 990 25 30 a
1021 990 80 30 new
1115 981 59 39 life
1189 981 117 39 under
1321 981 66 39 the
1401 981 62 39 old
1480 981 115 44 flag."

415 1027 203 45 ■"Captain
633 1030 197 45 Sherman,
848 1034 44 41 of
908 1034 62 41 Co.
987 1034 50 44 C.,
1053 1035 106 43 gives
1172 1036 67 42 the
1253 1036 192 43 following
1460 1039 182 40 account:

418 1083 23 19 "
452 1084 186 36 'Further
651 1087 201 35 resistence
865 1089 114 44 being
992 1090 150 43 useless,
1159 1090 78 43 and
1258 1091 147 43 having
1420 1093 197 41 expressed
1633 1103 72 31 our
1718 1094 155 43 willing¬

336 1149 86 25 ness
436 1140 45 34 to
496 1142 212 43 surrender,
725 1153 52 32 we
791 1154 93 31 were
897 1144 146 41 invited
1057 1146 84 39 into
1157 1146 66 39 the
1237 1146 90 39 fort.
1370 1147 53 38 As
1438 1146 19 39 I
1473 1148 157 42 stepped
1646 1148 110 42 down
1770 1149 101 41 from

336 1194 67 35 the
428 1198 168 41 parapet
616 1196 19 43 I
655 1206 80 33 was
755 1197 261 44 immediately
1037 1201 178 40 accosted
1236 1201 52 42 by
1311 1212 71 31 one
1406 1202 44 41 of
1472 1202 67 41 the
1559 1203 177 40 so-called
1758 1203 43 40 F.
1824 1204 46 39 F.

336 1248 91 45 V.'s,
448 1251 127 42 whose
595 1252 154 43 smiling
768 1256 261 39 countenance
1050 1256 78 39 and
1149 1257 185 38 extended
1358 1257 105 38 hand
1492 1257 59 38 led
1572 1269 59 26 me
1651 1261 44 34 to
1717 1259 112 36 think
1849 1259 21 36 I

336 1316 79 24 was
435 1307 220 43 recognized
676 1317 44 33 as
742 1318 52 32 an
816 1310 289 42 acquaintance.
1148 1310 65 43 My
1235 1312 106 41 mind
1371 1323 78 30 was
1479 1323 98 30 soon
1599 1313 201 40 disabused
1830 1315 45 38 of

336 1361 93 35 that
442 1361 96 44 idea,
555 1362 182 43 however,
754 1364 60 41 for
826 1364 67 41 the
907 1368 93 37 next
1013 1366 153 39 instant
1180 1367 46 38 he
1241 1367 79 38 had
1343 1368 126 42 pulled
1486 1378 63 32 my
1565 1370 122 40 watch
1704 1370 96 40 from
1816 1370 56 40 its

335 1417 150 42 pocket,
515 1418 92 41 with
627 1418 67 41 the
713 1420 164 42 remark,
903 1420 124 42 'what
1047 1421 100 41 have
1159 1432 80 32 you
1268 1422 152 42 there?'
1465 1423 119 42 Quick
1612 1435 44 30 as
1683 1425 186 43 thought,

337 1472 78 34 and
429 1473 126 34 before
568 1473 46 34 he
628 1473 112 36 could
754 1474 132 35 realize
900 1475 66 34 the
980 1476 88 42 fact,
1079 1476 19 42 I
1112 1477 79 41 had
1207 1478 118 40 seized
1342 1478 78 40 and
1437 1479 199 39 recovered
1649 1480 66 38 the
1730 1481 136 42 watch,

336 1528 106 35 while
456 1528 45 35 he
514 1528 85 35 held
622 1530 91 42 only
734 1540 25 32 a
778 1530 194 43 fragment
993 1531 44 42 of
1051 1532 67 41 the
1137 1532 125 43 chain,
1287 1533 78 42 and
1388 1534 153 43 placing
1562 1535 34 42 it
1616 1535 38 42 in
1677 1546 48 31 an
1747 1536 125 41 inside

335 1583 150 44 pocket,
501 1584 192 43 buttoned
707 1595 65 32 my
786 1589 95 38 coat
894 1587 77 40 and
992 1587 150 43 replied,
1161 1588 111 42 'that
1291 1589 34 41 is
1346 1597 66 33 my
1436 1587 122 43 watqh
1583 1590 77 40 and
1680 1600 80 32 you
1781 1601 88 31 can¬

335 1641 74 32 not
421 1639 100 34 have
534 1639 58 35 it.'

417 1695 137 35 '"Just
566 1696 93 34 then
673 1695 19 35 I
707 1696 217 35 discovered
939 1694 123 38 Lieut.
1079 1697 198 43 Ferguson
1299 1709 78 31 was
1400 1700 187 43 receiving
1608 1711 26 32 a
1654 1701 105 43 good
1782 1702 85 42 deal

335 1749 44 35 of
395 1751 263 34 attention—a
678 1751 122 34 crowd
825 1752 144 43 having
991 1753 185 42 gathered
1198 1753 125 42 about
1346 1754 199 41 him—and
1574 1755 65 40 the
1667 1759 93 36 next
1786 1768 82 27 mo¬

334 1807 106 34 ment
459 1816 79 25 saw
559 1806 59 35 his
639 1807 72 34 fine
731 1817 79 24 new
831 1806 73 35 hat
924 1807 78 35 had
1024 1808 92 34 been
1138 1809 278 42 appropriated
1440 1810 52 41 by
1522 1821 72 30 one
1615 1811 42 40 of
1680 1812 66 39 the
1766 1813 100 38 rebel

334 1861 168 43 soldiers,
526 1862 78 42 and
626 1862 46 42 he
692 1861 118 43 stood
830 1862 158 42 hatless.
1031 1862 133 44 Seeing
1185 1874 72 32 one
1279 1864 44 42 of
1338 1865 66 41 the
1433 1865 100 41 rebel
1562 1866 143 40 officers
1726 1866 91 40 with
1840 1878 26 28 a

333 1915 172 36 Masonic
519 1916 126 47 badge
666 1927 51 36 on
738 1917 59 46 his
817 1920 104 43 coat,
937 1917 124 46 Lieut.
1078 1918 42 45 F.
1137 1919 113 44 made
1271 1919 151 44 himself
1440 1920 138 43 known
1600 1931 45 32 as
1667 1931 25 32 a
1706 1921 161 42 brother

332 1970 150 44 Mason,
499 1968 277 48 and'appealed
796 1975 46 41 to
863 1973 80 43 him
963 1972 60 44 for
1042 1974 157 42 redress.
1244 1974 79 42 The
1345 1975 124 41 officer
1486 1975 151 42 quickly
1652 1977 212 42 responded

333 2027 77 34 and
425 2028 138 34 caused
577 2028 67 34 the
658 2028 72 35 hat
743 2030 45 33 to
804 2028 46 35 be
863 2029 179 34 returned
1062 2031 45 32 to
1129 2029 53 34 its
1205 2039 135 33 owner,
1360 2029 89 43 only
1471 2031 45 41 to
1532 2029 46 43 be
1594 2030 115 42 again
1725 2032 137 43 stolen,

332 2082 78 34 and
424 2083 67 35 the
503 2082 99 36 thief
617 2083 113 35 made
743 2085 45 33 to
803 2084 87 42 give
903 2083 34 43 it
951 2093 50 33 up
1017 2094 45 32 as
1076 2083 138 43 before.

413 2137 97 35 '"In
531 2148 26 24 a
576 2138 100 35 little
696 2138 106 35 while
823 2149 53 24 we
900 2139 128 42 (seven
1050 2139 144 42 officers
1217 2138 77 43 and
1323 2138 220 43 eighty-five
1570 2139 159 42 enlisted
1755 2142 104 42 men)

331 2202 93 25 were
443 2193 145 35 formed
609 2194 39 34 in
669 2194 87 35 four
775 2194 132 41 ranks,
931 2194 78 41 and
1030 2193 239 42 surrounded
1296 2193 53 42 by
1372 2203 26 32 a
1418 2193 135 42 guard,
1571 2195 203 40 continued
1794 2197 69 38 the

329 2248 134 35 march
491 2250 8 33 '
510 2260 52 23 on
582 2251 46 32 to
649 2248 238 43 Richmond,'
903 2249 74 42 but
997 2249 118 42 under
1135 2258 93 33 very
1250 2247 172 44 different
1444 2248 290 43 circumstances
1761 2251 99 40 from

330 2304 107 36 what
450 2315 53 25 we
516 2304 79 36 had
610 2304 178 36 flattered
804 2304 191 36 ourselves
1010 2303 124 37 would
1142 2303 47 37 be
1202 2302 66 38 the
1282 2312 96 31 case,
1390 2302 105 41 when
1510 2303 90 41 only
1611 2306 75 38 two
1702 2306 161 38 orthree

329 2358 120 36 hours
469 2360 127 34 before
617 2370 73 24 our
709 2358 420 43 brigade-commander
1149 2357 78 44 had
1248 2357 209 44 remarked,
1476 2367 44 34 as
1541 2358 47 43 he
1608 2359 92 42 rode
1721 2360 52 42 by
1793 2361 68 41 the

328 2415 197 43 regiment,
535 2415 94 43 that
643 2424 53 34 we
710 2414 126 44 would
850 2413 185 45 certainly
1049 2412 47 46 be
1108 2412 40 46 in
1163 2411 211 47 Richmond
1390 2411 93 47 that
1496 2412 122 46 night.
1661 2413 66 45 We
1740 2418 80 40 met
1833 2426 26 32 a

328 2472 113 40 great
456 2480 118 32 many
588 2469 185 43 civilians,
791 2468 65 44 old
872 2468 78 44 and
964 2477 142 35 young,
1123 2476 51 36 on
1188 2466 100 46 their
1304 2476 84 36 way
1402 2468 45 44 to
1463 2466 65 46 the
1543 2467 114 45 front,
1675 2479 44 33 as
1734 2479 25 33 a
1772 2480 87 32 gen¬

328 2526 79 33 eral
416 2526 124 34 alarm
554 2525 78 35 had
648 2524 93 36 been
756 2522 173 38 sounded
943 2522 39 38 in
996 2522 65 38 the
1075 2521 90 41 city,
1176 2520 77 42 and
1262 2521 50 41 all
1322 2521 83 41 who
1421 2521 111 41 could
1541 2532 110 32 carry
1660 2533 104 31 arms
1778 2525 79 39 had

328 2579 92 35 been
435 2580 158 35 ordered
608 2582 45 33 to
669 2580 133 41 report
822 2578 60 43 for
903 2577 99 44 duty
1022 2576 39 45 in
1082 2575 66 46 the
1162 2575 309 46 intrenchinents.
1514 2576 105 45 After
1633 2587 25 34 a
1672 2577 66 44 few
1752 2580 106 41 miles

327 2636 132 34 march
480 2646 54 24 we
553 2634 134 36 halted
707 2634 61 36 for
789 2642 26 28 a
828 2633 91 40 rest,
942 2630 73 43 but
1035 2639 93 34 were
1148 2631 73 42 not
1242 2630 157 43 allowed
1419 2633 45 40 to
1480 2631 52 42 sit
1547 2631 121 44 down,
1685 2643 45 32 as
1743 2633 19 42 I
1776 2645 81 32 pre¬

328 2694 112 31 sume*
447 2690 67 35 the
527 2689 147 44 guards
688 2686 174 47 thought
876 2696 52 37 we
942 2684 112 49 could
1076 2694 44 39 as
1141 2684 80 49 well
1242 2684 116 49 stand
1374 2695 44 38 as
1432 2686 103 47 they.
1578 2686 99 47 Here
1691 2698 26 35 a
1730 2690 126 45 squad

323 2746 50 37 jof
387 2746 67 37 the
473 2743 215 40 Richmond
710 2742 136 41 Grays,
862 2740 67 43 the
950 2739 87 44 elite
1057 2738 44 45 of
1115 2738 67 45 the
1201 2738 90 45 city,
1313 2749 106 34 came
1438 2749 52 34 up
1512 2742 77 41 and
1611 2744 178 39 accosted
1809 2755 47 28 us

326 2801 93 34 with
435 2801 52 34 all
501 2808 160 27 manner
676 2797 44 38 of
734 2796 74 39 vile
821 2794 177 43 epithets.
1043 2792 79 45 One
1142 2793 44 44 of
1200 2793 67 44 the
1287 2796 105 41 most
1413 2795 169 42 drunken
1604 2798 78 39 and
1695 2798 161 39 boister¬

327 2866 72 25 ous
415 2852 246 46 approached
675 2850 134 48 within
822 2849 74 49 five
917 2858 46 40 or
984 2848 58 50 six
1062 2847 73 51 feet
1157 2846 43 52 of
1215 2856 69 42 me,
1301 2848 77 50 and
1400 2849 89 49 with
1503 2851 67 47 the
1583 2853 139 45 muzzle
1737 2854 42 44 of
1795 2854 60 44 his

325 2911 82 34 rifle
434 2909 133 36 within
587 2910 79 35 two
687 2905 74 40 feet
782 2904 44 41 of
842 2913 65 32 my
928 2902 80 43 face
1029 2911 119 34 swore
1167 2901 47 44 he
1234 2902 124 43 would
1379 2903 117 42 shoot
1516 2916 71 29 me.
1631 2907 169 38 Fearless
1816 2910 44 35 of

324 2972 288 35 consequences,
629 2960 79 47 and
722 2958 134 49 feeling
875 2957 94 50 that
988 2955 220 52 immediate
1222 2955 116 52 death
1352 2967 91 40 even
1457 2959 112 48 could
1582 2963 73 44 not
1675 2962 46 45 be
1735 2973 120 34 worse
