2208 3305
717 306 106 43 The
848 308 147 43 Army
1022 320 64 31 of
1113 320 95 31 the
1234 308 267 44 Frontier.

1768 309 94 42 225

403 433 59 47 In
486 438 134 44 front
647 440 96 43 and
770 454 64 30 on
859 441 124 43 their
1007 442 155 42 flanks
1186 442 82 42 the
1293 455 163 42 enemy
1481 442 156 56 began
1654 438 214 61 massing

354 502 75 44 for
448 517 32 30 a
496 505 117 42 final
631 509 151 41 onset.
836 506 98 44 For
958 508 89 42 five
1072 508 146 43 hours
1242 506 83 45 the
1342 507 222 44 Phalanx
1579 509 98 42 had
1694 509 173 56 fought

355 569 93 43 like
480 571 164 56 tigers,
673 573 196 55 against
895 586 32 42 a
951 574 203 54 ruthless
1179 574 86 54 foe,
1295 575 95 53 and
1415 575 188 55 though
1638 589 62 41 no
1728 576 139 54 black

355 636 102 56 flag
481 638 188 54 warned
695 639 145 53 them,
860 639 115 56 they
999 652 115 43 were
1140 643 88 52 not
1253 641 261 54 unmindful
1533 642 53 53 of
1604 642 82 53 the
1703 642 99 53 fate
1819 642 51 53 of

357 702 126 42 their
517 704 244 44 comrades
796 707 57 41 at
886 705 122 44 Fort
1050 706 175 44 Pillow.
1279 706 194 44 General
1515 707 211 44 Dobbins
1767 721 99 30 was

357 768 240 57 evidently
623 771 255 56 preparing
900 774 57 53 to
984 784 145 44 sweep
1154 774 83 54 the
1261 774 119 54 field.
1433 773 187 55 Several
1637 775 138 53 times
1804 775 64 53 al¬

358 835 148 55 ready
524 836 97 54 had
639 836 57 54 he
713 839 106 51 sent
835 837 73 53 his
927 851 105 39 men
1048 841 56 49 to
1124 840 260 50 annihilate
1399 840 83 50 the
1498 840 176 53 blacks,
1696 840 96 53 and
1811 853 55 40 as

358 914 149 42 many
531 902 140 54 times
697 903 97 53 had
819 904 116 54 they
960 905 113 53 been
1098 906 226 55 repulsed.
1377 906 145 55 There
1546 919 98 42 was
1670 920 63 41 no
1751 907 116 54 time

358 966 74 43 for
457 967 82 42 the
567 967 219 44 Phalanx
812 969 195 43 soldiers
1032 973 55 40 to
1115 984 290 41 manoeuvre;
1432 972 114 56 they
1571 986 114 42 were
1710 972 49 56 in
1784 973 82 55 the

359 1032 182 56 closing
558 1033 120 55 jaws
706 1034 53 54 of
779 1035 160 53 death,
969 1037 95 51 and
1089 1037 189 55 though
1302 1037 114 55 they
1441 1032 81 60 felt
1547 1038 82 54 the
1654 1038 96 54 day
1768 1052 97 40 was

358 1098 111 52 lost,
490 1098 123 52 their
631 1111 204 44 courage
861 1101 80 54 did
967 1105 90 50 not
1082 1102 188 53 forsake
1294 1103 152 53 them;
1473 1104 41 52 it
1539 1117 97 39 was
1653 1104 163 52 indeed
1835 1117 32 39 a

358 1164 213 43 dreadful
597 1169 226 40 moment.
877 1167 99 42 The
1000 1180 163 43 enemy
1187 1181 99 42 was
1313 1169 152 54 about
1489 1172 56 51 to
1572 1183 139 40 move
1735 1183 130 42 upon

356 1229 147 53 them,
521 1230 133 52 when
672 1232 229 55 suddenly
928 1245 32 42 a
985 1233 302 54 shout,—not
1311 1235 82 52 the
1417 1235 90 54 yell
1533 1235 53 54 of
1606 1248 32 41 a
1661 1236 87 53 foe,
1768 1249 97 40 was

356 1295 147 43 heard
522 1295 47 43 in
587 1297 83 43 the
687 1298 204 54 enemy's
909 1311 120 41 rear,
1051 1299 94 53 and
1163 1299 82 53 the
1262 1302 114 50 next
1401 1304 211 48 moment
1631 1314 31 38 a
1679 1301 187 51 detach¬

356 1364 131 40 ment
522 1361 54 43 of
594 1362 83 44 the
713 1362 120 44 15th
868 1363 180 44 Illinois
1090 1363 216 57 Cavalry,
1342 1366 147 54 under
1531 1367 252 53 command
1818 1367 52 53 of

355 1426 157 56 Major
539 1427 316 55 Carminchael,
884 1429 147 53 broke
1056 1430 212 56 through
1294 1431 81 55 the
1401 1432 293 54 confederate
1718 1433 147 53 ranks

357 1494 97 42 and
472 1493 172 43 rushed
661 1495 56 42 to
735 1494 83 43 the
827 1497 212 53 .support
1059 1494 53 56 of
1130 1496 82 54 the
1238 1496 231 54 Phalanx,
1491 1497 212 56 aligning
1718 1498 148 55 them¬

357 1559 147 43 selves
514 1559 114 43 with
645 1560 83 43 the
745 1560 137 43 black
902 1560 207 54 soldiers,
1124 1561 127 53 amid
1268 1562 83 52 the
1368 1563 153 51 cheers
1540 1563 53 51 of
1603 1564 82 50 the
1701 1564 161 50 latter.

358 1624 263 56 Gathering
646 1638 65 43 up
735 1625 125 56 their
885 1626 120 55 dead
1034 1625 94 56 and
1154 1627 241 54 wounded,
1423 1628 82 53 the
1538 1628 171 53 federal
1742 1629 123 52 force

356 1703 108 30 now
497 1691 155 55 began
687 1703 32 43 a
744 1693 192 53 retreat,
966 1691 285 56 stubbornly
1275 1693 217 55 yielding,
1520 1694 106 54 inch
1652 1694 65 55 by
1742 1695 119 54 inch,

355 1756 115 43 each
488 1756 106 43 foot
613 1756 53 43 of
685 1757 201 56 ground,
906 1758 122 55 until
1046 1757 138 56 night
1201 1758 147 55 threw
1364 1759 82 54 her
1464 1760 179 53 mantle
1661 1760 54 53 of
1726 1760 138 53 dark¬

355 1835 106 29 ness
489 1835 113 29 over
627 1823 82 42 the
735 1835 129 30 scene
891 1823 94 42 and
1012 1822 81 43 the
1119 1823 316 44 confederates
1463 1825 160 42 ceased
1649 1826 123 42 their
1790 1826 74 42 fir¬

355 1887 95 56 ing.
505 1887 97 56 The
628 1887 219 56 Phalanx
872 1888 97 55 loss
995 1901 97 42 was
1120 1889 76 54 50,
1224 1889 131 54 while
1379 1890 115 53 that
1519 1890 54 53 of
1591 1891 83 52 the
1699 1904 164 43 enemy

354 1966 98 30 was
488 1953 108 43 150.
657 1952 65 44 At
755 1954 83 42 the
863 1953 253 57 beginning
1138 1955 202 55 couriers
1361 1968 115 42 were
1502 1956 277 55 dispatched
1804 1960 57 51 to

352 2017 181 44 Helena
550 2019 73 42 for
640 2019 413 53 re-enforcements,
1075 2020 95 52 and
1189 2020 187 52 Colonel
1402 2021 217 54 Hudson,
1640 2023 114 52 with
1779 2024 83 51 the

351 2085 263 42 remainder
639 2085 53 44 of
711 2085 83 44 the
821 2084 218 45 Phalanx
1063 2088 186 53 troops,
1270 2087 195 54 reaehed
1490 2087 132 54 them
1649 2091 55 50 at
1721 2089 141 56 night

348 2152 90 41 too
464 2151 99 42 late
587 2153 56 40 to
670 2151 57 43 be
754 2151 54 43 of
828 2164 96 42 any
951 2151 273 55 assistance,
1245 2165 56 41 as
1325 2153 84 53 the
1433 2153 320 53 confederates
1780 2156 80 50 did

347 2218 90 42 not
454 2216 155 44 follow
627 2216 82 44 the
726 2217 263 56 retreating
1005 2218 201 55 column.

446 2282 112 43 Two
579 2283 119 56 days
716 2283 135 56 later,
866 2283 186 56 Colonel
1070 2283 218 56 Hudson,
1308 2285 115 54 with
1442 2286 65 53 all
1523 2286 83 53 the
1624 2287 238 52 available

345 2362 106 29 men
478 2349 54 43 of
550 2349 83 43 the
649 2352 98 42 two
766 2349 220 45 Phalanx
1003 2351 459 55 regiments,—60th,
1484 2352 121 54 56th
1624 2354 96 52 and
1739 2366 33 40 a
1788 2355 74 51 de¬

342 2415 248 44 tachment
609 2416 54 43 of
680 2416 83 43 the
782 2417 86 42 3rd
888 2416 221 44 Phalanx
1135 2417 227 55 artillery,
1382 2418 115 54 with
1514 2420 98 52 two
1631 2432 227 40 cannons,

341 2485 174 40 —went
541 2482 138 43 down
705 2483 82 42 the
812 2482 280 56 Mississippi
1119 2484 95 54 and
1241 2496 65 42 up
1332 2484 83 54 the
1441 2483 156 55 White
1614 2485 136 53 river,
1772 2486 89 52 dis¬

342 2548 253 44 embarked
615 2549 96 43 and
730 2549 140 43 made
888 2562 32 30 a
943 2549 133 43 three
1102 2550 122 54 days
1250 2549 164 55 march
1442 2562 162 42 across
1621 2550 83 54 the
1722 2564 139 40 coun¬

340 2616 95 54 try,
447 2615 149 55 where
613 2616 83 54 the
713 2629 164 42 enemy
886 2628 98 43 was
1002 2615 147 56 found
1167 2615 293 56 entrenched.
1507 2614 98 57 The
1620 2615 238 56 Phalanx,

341 2682 123 43 after
491 2695 31 30 a
548 2682 197 55 spirited
772 2683 202 54 contest,
1005 2681 146 56 drove
1175 2680 132 57 them
1335 2683 89 54 out
1451 2680 54 57 of
1531 2681 125 56 their
1688 2682 169 55 works,

338 2748 182 43 burned
554 2748 126 43 their
714 2749 145 51 store,
896 2744 229 56 captured
1162 2757 32 43 a
1225 2745 82 55 few
1342 2745 155 55 Texas
1531 2759 198 42 rangers
1763 2747 97 54 and

338 2814 224 44 returned
589 2816 57 42 to
672 2812 195 46 Helena.
920 2811 59 47 In
1004 2809 178 53 March,
1205 2809 141 54 1865,
1366 2811 83 52 the
1476 2812 121 51 60th
1614 2811 247 56 Regiment

337 2894 100 31 was
474 2878 197 47 ordered
705 2880 56 45 to
792 2877 103 54 join
928 2873 262 58 Brig.-Gen.
1226 2874 253 57 Reynolds'
1516 2877 253 54 command
1806 2879 55 52 at

338 2945 151 46 Little
523 2943 146 53 Rock,
697 2942 150 54 where
878 2940 85 56 the
996 2939 230 57 regiment
1259 2952 98 44 was
1383 2940 229 56 brigaded
1638 2942 115 54 with
1777 2941 83 55 the
