<?xml version="1.0" encoding="utf-8"?>
<alto xmlns:xlink="http://www.w3.org/1999/xlink" xmlns:xsi="http://www.w3.org/2001/XMLSchema-instance" xsi:schemaLocation="http://www.loc.gov/standards/alto/ns-v2# http://www.loc.gov/standards/alto/alto-v2.0.xsd" xmlns="http://www.loc.gov/standards/alto/ns-v2#">
  <Description>
    <MeasurementUnit>pixel</MeasurementUnit>
    <sourceImageInformation>
      <fileName>0206.tif</fileName>
    </sourceImageInformation>
    <OCRProcessing ID="Processing">
      <ocrProcessingStep>
        <processingStepSettings>Image Resolution:400</processingStepSettings>
        <processingSoftware>
          <softwareCreator>I2S Kirtas</softwareCreator>
          <softwareName>Limb</softwareName>
          <softwareVersion>1.0</softwareVersion>
          <applicationDescription>Abbyy10 OCR Engine</applicationDescription>
        </processingSoftware>
      </ocrProcessingStep>
    </OCRProcessing>
  </Description>
  <Styles>
    <TextStyle ID="StyleId-0" FONTSIZE="9" FONTFAMILY="Times New Roman" />
    <TextStyle ID="StyleId-1" FONTSIZE="10" FONTFAMILY="Times New Roman" />
    <TextStyle ID="StyleId-2" FONTSIZE="12" FONTFAMILY="Times New Roman" />
  </Styles>
  <Layout>
    <Page ID="P209" PHYSICAL_IMG_NR="209" HEIGHT="3300" WIDTH="2200" ACCURACY="0.772184849" QUALITY_DETAIL="378 words, 1781 chars, 1291 with recognition greater than 50% (72.49%)">
      <TopMargin ID="P209_TM00001" HPOS="0" VPOS="0" WIDTH="2200" HEIGHT="307" />
      <LeftMargin ID="P209_LM00001" HPOS="0" VPOS="307" WIDTH="317" HEIGHT="2688" />
      <RightMargin ID="P209_RM00001" HPOS="1880" VPOS="307" WIDTH="320" HEIGHT="2688" />
      <BottomMargin ID="P209_BM00001" HPOS="0" VPOS="2995" WIDTH="2200" HEIGHT="305" />
      <PrintSpace ID="P209_PS00001" HPOS="317" VPOS="307" WIDTH="1563" HEIGHT="2688">
        <TextBlock ID="P209_TB00001" HPOS="317" VPOS="307" WIDTH="1563" HEIGHT="2688">
          <TextLine ID="P209_TL00001" HPOS="335" VPOS="315" WIDTH="1197" HEIGHT="41">
            <String ID="P209_S00001" HPOS="335" VPOS="315" WIDTH="97" HEIGHT="42" STYLEREFS="StyleId-0" CONTENT="208" WC="0.406666666" CC="763" />
            <SP ID="P209_SP00001" WIDTH="0" HPOS="0" VPOS="0" />
            <String ID="P209_S00002" HPOS="629" VPOS="317" WIDTH="222" HEIGHT="43" STYLEREFS="StyleId-0" CONTENT="History" WC="0.508571446" CC="7265470" />
            <SP ID="P209_SP00002" WIDTH="0" HPOS="0" VPOS="0" />
            <String ID="P209_S00003" HPOS="876" VPOS="328" WIDTH="66" HEIGHT="32" STYLEREFS="StyleId-0" CONTENT="of" WC="0.34" CC="67" />
            <SP ID="P209_SP00003" WIDTH="0" HPOS="0" VPOS="0" />
            <String ID="P209_S00004" HPOS="967" VPOS="326" WIDTH="97" HEIGHT="34" STYLEREFS="StyleId-0" CONTENT="the" WC="0.49333334" CC="266" />
            <SP ID="P209_SP00004" WIDTH="0" HPOS="0" VPOS="0" />
            <String ID="P209_S00005" HPOS="1089" VPOS="314" WIDTH="166" HEIGHT="46" STYLEREFS="StyleId-0" CONTENT="Black" WC="0.362" CC="57747" />
            <SP ID="P209_SP00005" WIDTH="0" HPOS="0" VPOS="0" />
            <String ID="P209_S00006" HPOS="1279" VPOS="311" WIDTH="253" HEIGHT="49" STYLEREFS="StyleId-0" CONTENT="Phalanx." WC="0.4325" CC="57777650" />
          </TextLine>
          <TextLine ID="P209_TL00002" HPOS="335" VPOS="438" WIDTH="1520" HEIGHT="60">
            <String ID="P209_S00007" HPOS="335" VPOS="449" WIDTH="81" HEIGHT="42" STYLEREFS="StyleId-1" CONTENT="the" WC="0.75" CC="070" />
            <SP ID="P209_SP00006" WIDTH="0" HPOS="0" VPOS="0" />
            <String ID="P209_S00008" HPOS="443" VPOS="450" WIDTH="219" HEIGHT="54" STYLEREFS="StyleId-1" CONTENT="opposite" WC="0.81875" CC="10106030" />
            <SP ID="P209_SP00007" WIDTH="0" HPOS="0" VPOS="0" />
            <String ID="P209_S00009" HPOS="688" VPOS="449" WIDTH="138" HEIGHT="55" STYLEREFS="StyleId-1" CONTENT="shore" WC="0.496" CC="77450" />
            <SP ID="P209_SP00008" WIDTH="0" HPOS="0" VPOS="0" />
            <String ID="P209_S00010" HPOS="850" VPOS="460" WIDTH="98" HEIGHT="44" STYLEREFS="StyleId-1" CONTENT="was" WC="0.373333335" CC="675" />
            <SP ID="P209_SP00009" WIDTH="0" HPOS="0" VPOS="0" />
            <String ID="P209_S00011" HPOS="976" VPOS="460" WIDTH="32" HEIGHT="44" STYLEREFS="StyleId-1" CONTENT="a" WC="1" CC="0" />
            <SP ID="P209_SP00010" WIDTH="0" HPOS="0" VPOS="0" />
            <String ID="P209_S00012" HPOS="1031" VPOS="443" WIDTH="214" HEIGHT="61" STYLEREFS="StyleId-1" CONTENT="railroad" WC="0.5875" CC="68306206" />
            <SP ID="P209_SP00011" WIDTH="0" HPOS="0" VPOS="0" />
            <String ID="P209_S00013" HPOS="1270" VPOS="439" WIDTH="191" HEIGHT="65" STYLEREFS="StyleId-1" CONTENT="leading" WC="0.5814286" CC="0086067" />
            <SP ID="P209_SP00012" WIDTH="0" HPOS="0" VPOS="0" />
            <String ID="P209_S00014" HPOS="1486" VPOS="441" WIDTH="58" HEIGHT="63" STYLEREFS="StyleId-1" CONTENT="to" WC="0.915" CC="01" />
            <SP ID="P209_SP00013" WIDTH="0" HPOS="0" VPOS="0" />
            <String ID="P209_S00015" HPOS="1579" VPOS="434" WIDTH="175" HEIGHT="70" STYLEREFS="StyleId-1" CONTENT="Mobile" WC="0.7633333" CC="207040" />
            <SP ID="P209_SP00014" WIDTH="0" HPOS="0" VPOS="0" />
            <String ID="P209_S00016" HPOS="1787" VPOS="431" WIDTH="68" HEIGHT="73" STYLEREFS="StyleId-2" CONTENT="by" WC="0.26" CC="77" />
          </TextLine>
          <TextLine ID="P209_TL00003" HPOS="334" VPOS="505" WIDTH="1521" HEIGHT="55">
            <String ID="P209_S00017" HPOS="334" VPOS="515" WIDTH="148" HEIGHT="42" STYLEREFS="StyleId-1" CONTENT="which" WC="0.44" CC="2100510" />
            <SP ID="P209_SP00015" WIDTH="0" HPOS="0" VPOS="0" />
            <String ID="P209_S00018" HPOS="507" VPOS="515" WIDTH="404" HEIGHT="42" STYLEREFS="StyleId-1" CONTENT="re-enforcements" WC="0.73" CC="750010360100707" />
            <SP ID="P209_SP00016" WIDTH="0" HPOS="0" VPOS="0" />
            <String ID="P209_S00019" HPOS="936" VPOS="524" WIDTH="116" HEIGHT="33" STYLEREFS="StyleId-1" CONTENT="were" WC="0.585" CC="7053" />
            <SP ID="P209_SP00017" WIDTH="0" HPOS="0" VPOS="0" />
            <String ID="P209_S00020" HPOS="1074" VPOS="509" WIDTH="151" HEIGHT="54" STYLEREFS="StyleId-1" CONTENT="going" WC="0.504" CC="70097" />
            <SP ID="P209_SP00018" WIDTH="0" HPOS="0" VPOS="0" />
            <String ID="P209_S00021" HPOS="1248" VPOS="504" WIDTH="206" HEIGHT="59" STYLEREFS="StyleId-1" CONTENT="forward" WC="0.71" CC="0363050" />
            <SP ID="P209_SP00019" WIDTH="0" HPOS="0" VPOS="0" />
            <String ID="P209_S00022" HPOS="1479" VPOS="504" WIDTH="59" HEIGHT="59" STYLEREFS="StyleId-1" CONTENT="to" WC="0.8" CC="04" />
            <SP ID="P209_SP00020" WIDTH="0" HPOS="0" VPOS="0" />
            <String ID="P209_S00023" HPOS="1556" VPOS="499" WIDTH="298" HEIGHT="64" STYLEREFS="StyleId-1" CONTENT="Charleston." WC="0.7845455" CC="60000060073" />
          </TextLine>
          <TextLine ID="P209_TL00004" HPOS="335" VPOS="568" WIDTH="1521" HEIGHT="52">
            <String ID="P209_S00024" HPOS="335" VPOS="579" WIDTH="188" HEIGHT="43" STYLEREFS="StyleId-1" CONTENT="Colonel" WC="0.7871429" CC="7003004" />
            <SP ID="P209_SP00021" WIDTH="0" HPOS="0" VPOS="0" />
            <String ID="P209_S00025" HPOS="549" VPOS="579" WIDTH="187" HEIGHT="43" STYLEREFS="StyleId-1" CONTENT="Daniels" WC="0.6528571" CC="7901005" />
            <SP ID="P209_SP00022" WIDTH="0" HPOS="0" VPOS="0" />
            <String ID="P209_S00026" HPOS="763" VPOS="577" WIDTH="243" HEIGHT="45" STYLEREFS="StyleId-1" CONTENT="conceived" WC="0.784444451" CC="108010700" />
            <SP ID="P209_SP00023" WIDTH="0" HPOS="0" VPOS="0" />
            <String ID="P209_S00027" HPOS="1025" VPOS="576" WIDTH="83" HEIGHT="46" STYLEREFS="StyleId-1" CONTENT="the" WC="1" CC="000" />
            <SP ID="P209_SP00024" WIDTH="0" HPOS="0" VPOS="0" />
            <String ID="P209_S00028" HPOS="1125" VPOS="574" WIDTH="106" HEIGHT="48" STYLEREFS="StyleId-1" CONTENT="idea" WC="1" CC="0000" />
            <SP ID="P209_SP00025" WIDTH="0" HPOS="0" VPOS="0" />
            <String ID="P209_S00029" HPOS="1259" VPOS="571" WIDTH="52" HEIGHT="51" STYLEREFS="StyleId-1" CONTENT="of" WC="0.73" CC="14" />
            <SP ID="P209_SP00026" WIDTH="0" HPOS="0" VPOS="0" />
            <String ID="P209_S00030" HPOS="1333" VPOS="567" WIDTH="282" HEIGHT="55" STYLEREFS="StyleId-1" CONTENT="destroying" WC="0.71" CC="00507060010" />
            <SP ID="P209_SP00027" WIDTH="0" HPOS="0" VPOS="0" />
            <String ID="P209_S00031" HPOS="1630" VPOS="565" WIDTH="84" HEIGHT="57" STYLEREFS="StyleId-1" CONTENT="the" WC="0.966666639" CC="001" />
            <SP ID="P209_SP00028" WIDTH="0" HPOS="0" VPOS="0" />
            <String ID="P209_S00032" HPOS="1731" VPOS="561" WIDTH="125" HEIGHT="61" STYLEREFS="StyleId-1" CONTENT="road" WC="0.365" CC="50910" />
          </TextLine>
          <TextLine ID="P209_TL00005" HPOS="334" VPOS="638" WIDTH="1519" HEIGHT="55">
            <String ID="P209_S00033" HPOS="334" VPOS="648" WIDTH="56" HEIGHT="39" STYLEREFS="StyleId-1" CONTENT="to" WC="1" CC="00" />
            <SP ID="P209_SP00029" WIDTH="0" HPOS="0" VPOS="0" />
            <String ID="P209_S00034" HPOS="418" VPOS="648" WIDTH="196" HEIGHT="52" STYLEREFS="StyleId-1" CONTENT="prevent" WC="0.801428556" CC="0607000" />
            <SP ID="P209_SP00030" WIDTH="0" HPOS="0" VPOS="0" />
            <String ID="P209_S00035" HPOS="638" VPOS="646" WIDTH="83" HEIGHT="54" STYLEREFS="StyleId-1" CONTENT="the" WC="1" CC="000" />
            <SP ID="P209_SP00031" WIDTH="0" HPOS="0" VPOS="0" />
            <String ID="P209_S00036" HPOS="746" VPOS="641" WIDTH="395" HEIGHT="59" STYLEREFS="StyleId-1" CONTENT="transportation" WC="0.875" CC="07006004000000" />
            <SP ID="P209_SP00032" WIDTH="0" HPOS="0" VPOS="0" />
            <String ID="P209_S00037" HPOS="1168" VPOS="637" WIDTH="54" HEIGHT="63" STYLEREFS="StyleId-1" CONTENT="of" WC="0.825" CC="03" />
            <SP ID="P209_SP00033" WIDTH="0" HPOS="0" VPOS="0" />
            <String ID="P209_S00038" HPOS="1241" VPOS="636" WIDTH="82" HEIGHT="64" STYLEREFS="StyleId-1" CONTENT="the" WC="1" CC="000" />
            <SP ID="P209_SP00034" WIDTH="0" HPOS="0" VPOS="0" />
            <String ID="P209_S00039" HPOS="1350" VPOS="633" WIDTH="297" HEIGHT="67" STYLEREFS="StyleId-1" CONTENT="confederate" WC="0.7854546" CC="12000006902" />
            <SP ID="P209_SP00035" WIDTH="0" HPOS="0" VPOS="0" />
            <String ID="P209_S00040" HPOS="1663" VPOS="632" WIDTH="190" HEIGHT="68" STYLEREFS="StyleId-1" CONTENT="troops." WC="0.6471428" CC="0625063" />
          </TextLine>
          <TextLine ID="P209_TL00006" HPOS="333" VPOS="702" WIDTH="1526" HEIGHT="57">
            <String ID="P209_S00041" HPOS="333" VPOS="710" WIDTH="326" HEIGHT="55" STYLEREFS="StyleId-1" CONTENT="Accordingly," WC="0.615833342" CC="7125107000074" />
            <SP ID="P209_SP00036" WIDTH="0" HPOS="0" VPOS="0" />
            <String ID="P209_S00042" HPOS="688" VPOS="710" WIDTH="115" HEIGHT="55" STYLEREFS="StyleId-1" CONTENT="with" WC="0.9" CC="0400" />
            <SP ID="P209_SP00037" WIDTH="0" HPOS="0" VPOS="0" />
            <String ID="P209_S00043" HPOS="830" VPOS="709" WIDTH="155" HEIGHT="56" STYLEREFS="StyleId-1" CONTENT="about" WC="0.732" CC="02290" />
            <SP ID="P209_SP00038" WIDTH="0" HPOS="0" VPOS="0" />
            <String ID="P209_S00044" HPOS="1009" VPOS="708" WIDTH="98" HEIGHT="57" STYLEREFS="StyleId-1" CONTENT="two" WC="0.92" CC="002" />
            <SP ID="P209_SP00039" WIDTH="0" HPOS="0" VPOS="0" />
            <String ID="P209_S00045" HPOS="1133" VPOS="701" WIDTH="214" HEIGHT="64" STYLEREFS="StyleId-1" CONTENT="hundred" WC="0.7885714" CC="0800600" />
            <SP ID="P209_SP00040" WIDTH="0" HPOS="0" VPOS="0" />
            <String ID="P209_S00046" HPOS="1381" VPOS="712" WIDTH="108" HEIGHT="53" STYLEREFS="StyleId-1" CONTENT="men" WC="0.53" CC="706" />
            <SP ID="P209_SP00041" WIDTH="0" HPOS="0" VPOS="0" />
            <String ID="P209_S00047" HPOS="1514" VPOS="698" WIDTH="60" HEIGHT="67" STYLEREFS="StyleId-1" CONTENT="he" WC="0.635" CC="70" />
            <SP ID="P209_SP00042" WIDTH="0" HPOS="0" VPOS="0" />
            <String ID="P209_S00048" HPOS="1598" VPOS="695" WIDTH="175" HEIGHT="70" STYLEREFS="StyleId-1" CONTENT="landed" WC="0.716666639" CC="007900" />
            <SP ID="P209_SP00043" WIDTH="0" HPOS="0" VPOS="0" />
            <String ID="P209_S00049" HPOS="1801" VPOS="695" WIDTH="57" HEIGHT="70" STYLEREFS="StyleId-1" CONTENT="at" WC="0.085" CC="810" />
          </TextLine>
          <TextLine ID="P209_TL00007" HPOS="336" VPOS="767" WIDTH="1521" HEIGHT="58">
            <String ID="P209_S00050" HPOS="336" VPOS="776" WIDTH="316" HEIGHT="55" STYLEREFS="StyleId-1" CONTENT="Pascagoula," WC="0.7072727" CC="70750008004" />
            <SP ID="P209_SP00044" WIDTH="0" HPOS="0" VPOS="0" />
            <String ID="P209_S00051" HPOS="674" VPOS="789" WIDTH="64" HEIGHT="42" STYLEREFS="StyleId-1" CONTENT="on" WC="0.905" CC="10" />
            <SP ID="P209_SP00045" WIDTH="0" HPOS="0" VPOS="0" />
            <String ID="P209_S00052" HPOS="754" VPOS="775" WIDTH="83" HEIGHT="56" STYLEREFS="StyleId-1" CONTENT="the" WC="1" CC="000" />
            <SP ID="P209_SP00046" WIDTH="0" HPOS="0" VPOS="0" />
            <String ID="P209_S00053" HPOS="854" VPOS="772" WIDTH="223" HEIGHT="59" STYLEREFS="StyleId-1" CONTENT="morning" WC="0.552857161" CC="00770610" />
            <SP ID="P209_SP00047" WIDTH="0" HPOS="0" VPOS="0" />
            <String ID="P209_S00054" HPOS="1095" VPOS="769" WIDTH="53" HEIGHT="62" STYLEREFS="StyleId-1" CONTENT="of" WC="0.75" CC="05" />
            <SP ID="P209_SP00048" WIDTH="0" HPOS="0" VPOS="0" />
            <String ID="P209_S00055" HPOS="1167" VPOS="768" WIDTH="82" HEIGHT="63" STYLEREFS="StyleId-1" CONTENT="the" WC="0.92" CC="002" />
            <SP ID="P209_SP00049" WIDTH="0" HPOS="0" VPOS="0" />
            <String ID="P209_S00056" HPOS="1277" VPOS="766" WIDTH="88" HEIGHT="65" STYLEREFS="StyleId-1" CONTENT="9th" WC="0.94" CC="100" />
            <SP ID="P209_SP00050" WIDTH="0" HPOS="0" VPOS="0" />
            <String ID="P209_S00057" HPOS="1392" VPOS="764" WIDTH="53" HEIGHT="67" STYLEREFS="StyleId-1" CONTENT="of" WC="0.405" CC="65" />
            <SP ID="P209_SP00051" WIDTH="0" HPOS="0" VPOS="0" />
            <String ID="P209_S00058" HPOS="1466" VPOS="762" WIDTH="145" HEIGHT="69" STYLEREFS="StyleId-1" CONTENT="April." WC="0.658333361" CC="726040" />
            <SP ID="P209_SP00052" WIDTH="0" HPOS="0" VPOS="0" />
            <String ID="P209_S00059" HPOS="1666" VPOS="761" WIDTH="191" HEIGHT="70" STYLEREFS="StyleId-1" CONTENT="Pickets" WC="0.73" CC="7004006" />
          </TextLine>
          <TextLine ID="P209_TL00008" HPOS="334" VPOS="834" WIDTH="1520" HEIGHT="54">
            <String ID="P209_S00060" HPOS="334" VPOS="854" WIDTH="116" HEIGHT="29" STYLEREFS="StyleId-1" CONTENT="were" WC="0.8625" CC="0050" />
            <SP ID="P209_SP00053" WIDTH="0" HPOS="0" VPOS="0" />
            <String ID="P209_S00061" HPOS="475" VPOS="841" WIDTH="321" HEIGHT="52" STYLEREFS="StyleId-1" CONTENT="immediately" WC="0.9" CC="00700000020" />
            <SP ID="P209_SP00054" WIDTH="0" HPOS="0" VPOS="0" />
            <String ID="P209_S00062" HPOS="822" VPOS="837" WIDTH="170" HEIGHT="56" STYLEREFS="StyleId-1" CONTENT="posted" WC="0.88" CC="007000" />
            <SP ID="P209_SP00055" WIDTH="0" HPOS="0" VPOS="0" />
            <String ID="P209_S00063" HPOS="1021" VPOS="849" WIDTH="63" HEIGHT="44" STYLEREFS="StyleId-1" CONTENT="on" WC="0.665" CC="06" />
            <SP ID="P209_SP00056" WIDTH="0" HPOS="0" VPOS="0" />
            <String ID="P209_S00064" HPOS="1117" VPOS="834" WIDTH="83" HEIGHT="59" STYLEREFS="StyleId-1" CONTENT="the" WC="1" CC="000" />
            <SP ID="P209_SP00057" WIDTH="0" HPOS="0" VPOS="0" />
            <String ID="P209_S00065" HPOS="1236" VPOS="830" WIDTH="237" HEIGHT="63" STYLEREFS="StyleId-1" CONTENT="outskirts" WC="0.683333337" CC="070720605" />
            <SP ID="P209_SP00058" WIDTH="0" HPOS="0" VPOS="0" />
            <String ID="P209_S00066" HPOS="1510" VPOS="829" WIDTH="53" HEIGHT="64" STYLEREFS="StyleId-1" CONTENT="of" WC="0.97" CC="00" />
            <SP ID="P209_SP00059" WIDTH="0" HPOS="0" VPOS="0" />
            <String ID="P209_S00067" HPOS="1590" VPOS="828" WIDTH="84" HEIGHT="65" STYLEREFS="StyleId-1" CONTENT="the" WC="0.983333349" CC="000" />
            <SP ID="P209_SP00060" WIDTH="0" HPOS="0" VPOS="0" />
            <String ID="P209_S00068" HPOS="1707" VPOS="829" WIDTH="147" HEIGHT="64" STYLEREFS="StyleId-1" CONTENT="town," WC="0.664" CC="00844" />
          </TextLine>
          <TextLine ID="P209_TL00009" HPOS="335" VPOS="900" WIDTH="1525" HEIGHT="52">
            <String ID="P209_S00069" HPOS="335" VPOS="907" WIDTH="133" HEIGHT="41" STYLEREFS="StyleId-1" CONTENT="while" WC="0.884" CC="00500" />
            <SP ID="P209_SP00061" WIDTH="0" HPOS="0" VPOS="0" />
            <String ID="P209_S00070" HPOS="483" VPOS="907" WIDTH="83" HEIGHT="41" STYLEREFS="StyleId-1" CONTENT="the" WC="0.946666658" CC="001" />
            <SP ID="P209_SP00062" WIDTH="0" HPOS="0" VPOS="0" />
            <String ID="P209_S00071" HPOS="583" VPOS="906" WIDTH="131" HEIGHT="42" STYLEREFS="StyleId-1" CONTENT="main" WC="0.84" CC="0006" />
            <SP ID="P209_SP00063" WIDTH="0" HPOS="0" VPOS="0" />
            <String ID="P209_S00072" HPOS="732" VPOS="905" WIDTH="132" HEIGHT="52" STYLEREFS="StyleId-1" CONTENT="body" WC="1" CC="0000" />
            <SP ID="P209_SP00064" WIDTH="0" HPOS="0" VPOS="0" />
            <String ID="P209_S00073" HPOS="881" VPOS="900" WIDTH="221" HEIGHT="57" STYLEREFS="StyleId-1" CONTENT="marched" WC="0.752857149" CC="01070000" />
            <SP ID="P209_SP00065" WIDTH="0" HPOS="0" VPOS="0" />
            <String ID="P209_S00074" HPOS="1120" VPOS="911" WIDTH="65" HEIGHT="46" STYLEREFS="StyleId-1" CONTENT="up" WC="0.635" CC="70" />
            <SP ID="P209_SP00066" WIDTH="0" HPOS="0" VPOS="0" />
            <String ID="P209_S00075" HPOS="1202" VPOS="900" WIDTH="56" HEIGHT="57" STYLEREFS="StyleId-1" CONTENT="to" WC="1" CC="00" />
            <SP ID="P209_SP00067" WIDTH="0" HPOS="0" VPOS="0" />
            <String ID="P209_S00076" HPOS="1276" VPOS="897" WIDTH="83" HEIGHT="60" STYLEREFS="StyleId-1" CONTENT="the" WC="0.793333352" CC="060" />
            <SP ID="P209_SP00068" WIDTH="0" HPOS="0" VPOS="0" />
            <String ID="P209_S00077" HPOS="1376" VPOS="895" WIDTH="146" HEIGHT="62" STYLEREFS="StyleId-1" CONTENT="hotel." WC="0.858333349" CC="010024" />
            <SP ID="P209_SP00069" WIDTH="0" HPOS="0" VPOS="0" />
            <String ID="P209_S00078" HPOS="1559" VPOS="894" WIDTH="165" HEIGHT="63" STYLEREFS="StyleId-1" CONTENT="Before" WC="0.7866667" CC="600060" />
            <SP ID="P209_SP00070" WIDTH="0" HPOS="0" VPOS="0" />
            <String ID="P209_S00079" HPOS="1740" VPOS="893" WIDTH="120" HEIGHT="64" STYLEREFS="StyleId-1" CONTENT="long" WC="0.675" CC="1037" />
          </TextLine>
          <TextLine ID="P209_TL00010" HPOS="337" VPOS="966" WIDTH="1521" HEIGHT="50">
            <String ID="P209_S00080" HPOS="337" VPOS="985" WIDTH="131" HEIGHT="28" STYLEREFS="StyleId-1" CONTENT="some" WC="0.6575" CC="7060" />
            <SP ID="P209_SP00071" WIDTH="0" HPOS="0" VPOS="0" />
            <String ID="P209_S00081" HPOS="502" VPOS="971" WIDTH="296" HEIGHT="43" STYLEREFS="StyleId-1" CONTENT="confederate" WC="0.856363654" CC="01700006000" />
            <SP ID="P209_SP00072" WIDTH="0" HPOS="0" VPOS="0" />
            <String ID="P209_S00082" HPOS="832" VPOS="967" WIDTH="209" HEIGHT="53" STYLEREFS="StyleId-1" CONTENT="cavalry;" WC="0.68875" CC="00080609" />
            <SP ID="P209_SP00073" WIDTH="0" HPOS="0" VPOS="0" />
            <String ID="P209_S00083" HPOS="1079" VPOS="964" WIDTH="182" HEIGHT="56" STYLEREFS="StyleId-1" CONTENT="having" WC="0.74333334" CC="080060" />
            <SP ID="P209_SP00074" WIDTH="0" HPOS="0" VPOS="0" />
            <String ID="P209_S00084" HPOS="1294" VPOS="963" WIDTH="115" HEIGHT="57" STYLEREFS="StyleId-1" CONTENT="been" WC="0.8325" CC="0006" />
            <SP ID="P209_SP00075" WIDTH="0" HPOS="0" VPOS="0" />
            <String ID="P209_S00085" HPOS="1445" VPOS="960" WIDTH="220" HEIGHT="60" STYLEREFS="StyleId-1" CONTENT="apprised" WC="0.84625" CC="00060500" />
            <SP ID="P209_SP00076" WIDTH="0" HPOS="0" VPOS="0" />
            <String ID="P209_S00086" HPOS="1702" VPOS="959" WIDTH="53" HEIGHT="61" STYLEREFS="StyleId-1" CONTENT="of" WC="1" CC="00" />
            <SP ID="P209_SP00077" WIDTH="0" HPOS="0" VPOS="0" />
            <String ID="P209_S00087" HPOS="1773" VPOS="959" WIDTH="85" HEIGHT="61" STYLEREFS="StyleId-1" CONTENT="the" WC="0.783333361" CC="006" />
          </TextLine>
          <TextLine ID="P209_TL00011" HPOS="336" VPOS="1031" WIDTH="1522" HEIGHT="52">
            <String ID="P209_S00088" HPOS="336" VPOS="1039" WIDTH="286" HEIGHT="50" STYLEREFS="StyleId-1" CONTENT="movement," WC="0.854444444" CC="000000705" />
            <SP ID="P209_SP00078" WIDTH="0" HPOS="0" VPOS="0" />
            <String ID="P209_S00089" HPOS="661" VPOS="1034" WIDTH="258" HEIGHT="55" STYLEREFS="StyleId-1" CONTENT="advanced," WC="0.7866667" CC="800060004" />
            <SP ID="P209_SP00079" WIDTH="0" HPOS="0" VPOS="0" />
            <String ID="P209_S00090" HPOS="958" VPOS="1033" WIDTH="146" HEIGHT="56" STYLEREFS="StyleId-1" CONTENT="drove" WC="0.942" CC="02000" />
            <SP ID="P209_SP00080" WIDTH="0" HPOS="0" VPOS="0" />
            <String ID="P209_S00091" HPOS="1137" VPOS="1030" WIDTH="50" HEIGHT="59" STYLEREFS="StyleId-1" CONTENT="in" WC="0.34" CC="67" />
            <SP ID="P209_SP00081" WIDTH="0" HPOS="0" VPOS="0" />
            <String ID="P209_S00092" HPOS="1228" VPOS="1029" WIDTH="83" HEIGHT="60" STYLEREFS="StyleId-1" CONTENT="the" WC="1" CC="000" />
            <SP ID="P209_SP00082" WIDTH="0" HPOS="0" VPOS="0" />
            <String ID="P209_S00093" HPOS="1354" VPOS="1027" WIDTH="193" HEIGHT="62" STYLEREFS="StyleId-1" CONTENT="pickets," WC="0.6425" CC="90090054" />
            <SP ID="P209_SP00083" WIDTH="0" HPOS="0" VPOS="0" />
            <String ID="P209_S00094" HPOS="1594" VPOS="1025" WIDTH="97" HEIGHT="64" STYLEREFS="StyleId-1" CONTENT="and" WC="0.426666677" CC="1070" />
            <SP ID="P209_SP00084" WIDTH="0" HPOS="0" VPOS="0" />
            <String ID="P209_S00095" HPOS="1735" VPOS="1038" WIDTH="123" HEIGHT="51" STYLEREFS="StyleId-1" CONTENT="com¬" WC="0.81" CC="0304" />
          </TextLine>
          <TextLine ID="P209_TL00012" HPOS="337" VPOS="1098" WIDTH="1524" HEIGHT="49">
            <String ID="P209_S00096" HPOS="337" VPOS="1103" WIDTH="189" HEIGHT="41" STYLEREFS="StyleId-1" CONTENT="menced" WC="0.8433333" CC="026000" />
            <SP ID="P209_SP00085" WIDTH="0" HPOS="0" VPOS="0" />
            <String ID="P209_S00097" HPOS="562" VPOS="1115" WIDTH="64" HEIGHT="29" STYLEREFS="StyleId-1" CONTENT="an" WC="0.645" CC="07" />
            <SP ID="P209_SP00086" WIDTH="0" HPOS="0" VPOS="0" />
            <String ID="P209_S00098" HPOS="653" VPOS="1101" WIDTH="171" HEIGHT="43" STYLEREFS="StyleId-1" CONTENT="attack" WC="1" CC="000000" />
            <SP ID="P209_SP00087" WIDTH="0" HPOS="0" VPOS="0" />
            <String ID="P209_S00099" HPOS="851" VPOS="1112" WIDTH="63" HEIGHT="32" STYLEREFS="StyleId-1" CONTENT="on" WC="0.65" CC="07" />
            <SP ID="P209_SP00088" WIDTH="0" HPOS="0" VPOS="0" />
            <String ID="P209_S00100" HPOS="931" VPOS="1098" WIDTH="83" HEIGHT="46" STYLEREFS="StyleId-1" CONTENT="the" WC="1" CC="000" />
            <SP ID="P209_SP00089" WIDTH="0" HPOS="0" VPOS="0" />
            <String ID="P209_S00101" HPOS="1030" VPOS="1097" WIDTH="124" HEIGHT="47" STYLEREFS="StyleId-1" CONTENT="force" WC="0.832" CC="00710" />
            <SP ID="P209_SP00090" WIDTH="0" HPOS="0" VPOS="0" />
            <String ID="P209_S00102" HPOS="1173" VPOS="1094" WIDTH="264" HEIGHT="55" STYLEREFS="StyleId-1" CONTENT="occupying" WC="0.8422222" CC="010230070" />
            <SP ID="P209_SP00091" WIDTH="0" HPOS="0" VPOS="0" />
            <String ID="P209_S00103" HPOS="1460" VPOS="1093" WIDTH="83" HEIGHT="56" STYLEREFS="StyleId-1" CONTENT="the" WC="1" CC="000" />
            <SP ID="P209_SP00092" WIDTH="0" HPOS="0" VPOS="0" />
            <String ID="P209_S00104" HPOS="1559" VPOS="1094" WIDTH="146" HEIGHT="55" STYLEREFS="StyleId-1" CONTENT="town." WC="0.8" CC="00063" />
            <SP ID="P209_SP00093" WIDTH="0" HPOS="0" VPOS="0" />
            <String ID="P209_S00105" HPOS="1760" VPOS="1091" WIDTH="100" HEIGHT="58" STYLEREFS="StyleId-1" CONTENT="The" WC="0.76" CC="007" />
          </TextLine>
          <TextLine ID="P209_TL00013" HPOS="337" VPOS="1164" WIDTH="1518" HEIGHT="52">
            <String ID="P209_S00106" HPOS="337" VPOS="1168" WIDTH="198" HEIGHT="54" STYLEREFS="StyleId-1" CONTENT="cavalry" WC="0.9028571" CC="0000060" />
            <SP ID="P209_SP00094" WIDTH="0" HPOS="0" VPOS="0" />
            <String ID="P209_S00107" HPOS="560" VPOS="1167" WIDTH="140" HEIGHT="55" STYLEREFS="StyleId-1" CONTENT="made" WC="1" CC="0000" />
            <SP ID="P209_SP00095" WIDTH="0" HPOS="0" VPOS="0" />
            <String ID="P209_S00108" HPOS="727" VPOS="1179" WIDTH="31" HEIGHT="43" STYLEREFS="StyleId-1" CONTENT="a" WC="1" CC="0" />
            <SP ID="P209_SP00096" WIDTH="0" HPOS="0" VPOS="0" />
            <String ID="P209_S00109" HPOS="782" VPOS="1164" WIDTH="115" HEIGHT="58" STYLEREFS="StyleId-1" CONTENT="bold" WC="1" CC="0000" />
            <SP ID="P209_SP00097" WIDTH="0" HPOS="0" VPOS="0" />
            <String ID="P209_S00110" HPOS="924" VPOS="1162" WIDTH="122" HEIGHT="60" STYLEREFS="StyleId-1" CONTENT="dash" WC="0.8425" CC="0060" />
            <SP ID="P209_SP00098" WIDTH="0" HPOS="0" VPOS="0" />
            <String ID="P209_S00111" HPOS="1072" VPOS="1174" WIDTH="131" HEIGHT="48" STYLEREFS="StyleId-1" CONTENT="upon" WC="0.635" CC="7007" />
            <SP ID="P209_SP00099" WIDTH="0" HPOS="0" VPOS="0" />
            <String ID="P209_S00112" HPOS="1236" VPOS="1161" WIDTH="83" HEIGHT="61" STYLEREFS="StyleId-1" CONTENT="the" WC="1" CC="000" />
            <SP ID="P209_SP00100" WIDTH="0" HPOS="0" VPOS="0" />
            <String ID="P209_S00113" HPOS="1344" VPOS="1160" WIDTH="82" HEIGHT="62" STYLEREFS="StyleId-1" CONTENT="left" WC="0.54" CC="20610" />
            <SP ID="P209_SP00101" WIDTH="0" HPOS="0" VPOS="0" />
            <String ID="P209_S00114" HPOS="1446" VPOS="1159" WIDTH="52" HEIGHT="63" STYLEREFS="StyleId-1" CONTENT="of" WC="0.815" CC="03" />
            <SP ID="P209_SP00102" WIDTH="0" HPOS="0" VPOS="0" />
            <String ID="P209_S00115" HPOS="1526" VPOS="1159" WIDTH="83" HEIGHT="63" STYLEREFS="StyleId-1" CONTENT="the" WC="1" CC="000" />
            <SP ID="P209_SP00103" WIDTH="0" HPOS="0" VPOS="0" />
            <String ID="P209_S00116" HPOS="1643" VPOS="1170" WIDTH="212" HEIGHT="52" STYLEREFS="StyleId-1" CONTENT="negroes," WC="0.6925" CC="70070063" />
          </TextLine>
          <TextLine ID="P209_TL00014" HPOS="337" VPOS="1230" WIDTH="1523" HEIGHT="47">
            <String ID="P209_S00117" HPOS="337" VPOS="1233" WIDTH="149" HEIGHT="42" STYLEREFS="StyleId-1" CONTENT="which" WC="1" CC="00000" />
            <SP ID="P209_SP00104" WIDTH="0" HPOS="0" VPOS="0" />
            <String ID="P209_S00118" HPOS="511" VPOS="1245" WIDTH="98" HEIGHT="30" STYLEREFS="StyleId-1" CONTENT="was" WC="0.5566667" CC="085" />
            <SP ID="P209_SP00105" WIDTH="0" HPOS="0" VPOS="0" />
            <String ID="P209_S00119" HPOS="634" VPOS="1232" WIDTH="83" HEIGHT="43" STYLEREFS="StyleId-1" CONTENT="the" WC="1" CC="000" />
            <SP ID="P209_SP00106" WIDTH="0" HPOS="0" VPOS="0" />
            <String ID="P209_S00120" HPOS="742" VPOS="1231" WIDTH="132" HEIGHT="44" STYLEREFS="StyleId-1" CONTENT="work" WC="0.5125" CC="8370" />
            <SP ID="P209_SP00107" WIDTH="0" HPOS="0" VPOS="0" />
            <String ID="P209_S00121" HPOS="901" VPOS="1229" WIDTH="53" HEIGHT="46" STYLEREFS="StyleId-1" CONTENT="of" WC="0.835" CC="30" />
            <SP ID="P209_SP00108" WIDTH="0" HPOS="0" VPOS="0" />
            <String ID="P209_S00122" HPOS="974" VPOS="1229" WIDTH="90" HEIGHT="46" STYLEREFS="StyleId-1" CONTENT="but" WC="0.75" CC="070" />
            <SP ID="P209_SP00109" WIDTH="0" HPOS="0" VPOS="0" />
            <String ID="P209_S00123" HPOS="1091" VPOS="1240" WIDTH="31" HEIGHT="35" STYLEREFS="StyleId-1" CONTENT="a" WC="0" CC="10" />
            <SP ID="P209_SP00110" WIDTH="0" HPOS="0" VPOS="0" />
            <String ID="P209_S00124" HPOS="1147" VPOS="1228" WIDTH="236" HEIGHT="51" STYLEREFS="StyleId-1" CONTENT="moment;" WC="0.802857161" CC="0000706" />
            <SP ID="P209_SP00111" WIDTH="0" HPOS="0" VPOS="0" />
            <String ID="P209_S00125" HPOS="1410" VPOS="1226" WIDTH="84" HEIGHT="53" STYLEREFS="StyleId-1" CONTENT="the" WC="0.683333337" CC="009" />
            <SP ID="P209_SP00112" WIDTH="0" HPOS="0" VPOS="0" />
            <String ID="P209_S00126" HPOS="1519" VPOS="1225" WIDTH="148" HEIGHT="54" STYLEREFS="StyleId-1" CONTENT="brave" WC="0.86" CC="07000" />
            <SP ID="P209_SP00113" WIDTH="0" HPOS="0" VPOS="0" />
            <String ID="P209_S00127" HPOS="1693" VPOS="1224" WIDTH="167" HEIGHT="55" STYLEREFS="StyleId-1" CONTENT="blacks" WC="0.84" CC="000207" />
          </TextLine>
          <TextLine ID="P209_TL00015" HPOS="337" VPOS="1297" WIDTH="1524" HEIGHT="49">
            <String ID="P209_S00128" HPOS="337" VPOS="1301" WIDTH="99" HEIGHT="39" STYLEREFS="StyleId-1" CONTENT="met" WC="1" CC="000" />
            <SP ID="P209_SP00114" WIDTH="0" HPOS="0" VPOS="0" />
            <String ID="P209_S00129" HPOS="452" VPOS="1298" WIDTH="125" HEIGHT="42" STYLEREFS="StyleId-1" CONTENT="their" WC="0.662" CC="010006" />
            <SP ID="P209_SP00115" WIDTH="0" HPOS="0" VPOS="0" />
            <String ID="P209_S00130" HPOS="595" VPOS="1298" WIDTH="172" HEIGHT="53" STYLEREFS="StyleId-1" CONTENT="charge" WC="0.6983333" CC="0008100" />
            <SP ID="P209_SP00116" WIDTH="0" HPOS="0" VPOS="0" />
            <String ID="P209_S00131" HPOS="784" VPOS="1294" WIDTH="244" HEIGHT="57" STYLEREFS="StyleId-1" CONTENT="manfully," WC="0.6422222" CC="097570002" />
            <SP ID="P209_SP00117" WIDTH="0" HPOS="0" VPOS="0" />
            <String ID="P209_S00132" HPOS="1051" VPOS="1293" WIDTH="96" HEIGHT="58" STYLEREFS="StyleId-1" CONTENT="and" WC="0.43" CC="970" />
            <SP ID="P209_SP00118" WIDTH="0" HPOS="0" VPOS="0" />
            <String ID="P209_S00133" HPOS="1166" VPOS="1292" WIDTH="203" HEIGHT="59" STYLEREFS="StyleId-1" CONTENT="emptied" WC="0.9714286" CC="0000002" />
            <SP ID="P209_SP00119" WIDTH="0" HPOS="0" VPOS="0" />
            <String ID="P209_S00134" HPOS="1386" VPOS="1292" WIDTH="84" HEIGHT="59" STYLEREFS="StyleId-1" CONTENT="the" WC="1" CC="000" />
            <SP ID="P209_SP00120" WIDTH="0" HPOS="0" VPOS="0" />
            <String ID="P209_S00135" HPOS="1496" VPOS="1291" WIDTH="188" HEIGHT="60" STYLEREFS="StyleId-1" CONTENT="saddles" WC="0.8542857" CC="6000002" />
            <SP ID="P209_SP00121" WIDTH="0" HPOS="0" VPOS="0" />
            <String ID="P209_S00136" HPOS="1704" VPOS="1290" WIDTH="53" HEIGHT="61" STYLEREFS="StyleId-1" CONTENT="of" WC="1" CC="00" />
            <SP ID="P209_SP00122" WIDTH="0" HPOS="0" VPOS="0" />
            <String ID="P209_S00137" HPOS="1775" VPOS="1290" WIDTH="85" HEIGHT="61" STYLEREFS="StyleId-1" CONTENT="the" WC="0.8066667" CC="005" />
          </TextLine>
          <TextLine ID="P209_TL00016" HPOS="336" VPOS="1362" WIDTH="1522" HEIGHT="46">
            <String ID="P209_S00138" HPOS="336" VPOS="1364" WIDTH="133" HEIGHT="41" STYLEREFS="StyleId-1" CONTENT="front" WC="0.6" CC="26370" />
            <SP ID="P209_SP00123" WIDTH="0" HPOS="0" VPOS="0" />
            <String ID="P209_S00139" HPOS="495" VPOS="1363" WIDTH="137" HEIGHT="51" STYLEREFS="StyleId-1" CONTENT="rank," WC="0.662" CC="50704" />
            <SP ID="P209_SP00124" WIDTH="0" HPOS="0" VPOS="0" />
            <String ID="P209_S00140" HPOS="651" VPOS="1362" WIDTH="149" HEIGHT="52" STYLEREFS="StyleId-1" CONTENT="which" WC="1" CC="00000" />
            <SP ID="P209_SP00125" WIDTH="0" HPOS="0" VPOS="0" />
            <String ID="P209_S00141" HPOS="827" VPOS="1360" WIDTH="171" HEIGHT="54" STYLEREFS="StyleId-1" CONTENT="caused" WC="0.783333361" CC="007500" />
            <SP ID="P209_SP00126" WIDTH="0" HPOS="0" VPOS="0" />
            <String ID="P209_S00142" HPOS="1023" VPOS="1360" WIDTH="83" HEIGHT="54" STYLEREFS="StyleId-1" CONTENT="the" WC="1" CC="000" />
            <SP ID="P209_SP00127" WIDTH="0" HPOS="0" VPOS="0" />
            <String ID="P209_S00143" HPOS="1140" VPOS="1371" WIDTH="107" HEIGHT="43" STYLEREFS="StyleId-1" CONTENT="rear" WC="0.685" CC="4007" />
            <SP ID="P209_SP00128" WIDTH="0" HPOS="0" VPOS="0" />
            <String ID="P209_S00144" HPOS="1274" VPOS="1370" WIDTH="112" HEIGHT="44" STYLEREFS="StyleId-1" CONTENT="ones" WC="0.6575" CC="0706" />
            <SP ID="P209_SP00129" WIDTH="0" HPOS="0" VPOS="0" />
            <String ID="P209_S00145" HPOS="1412" VPOS="1357" WIDTH="107" HEIGHT="57" STYLEREFS="StyleId-1" CONTENT="first" WC="0.744" CC="00660" />
            <SP ID="P209_SP00130" WIDTH="0" HPOS="0" VPOS="0" />
            <String ID="P209_S00146" HPOS="1543" VPOS="1359" WIDTH="58" HEIGHT="55" STYLEREFS="StyleId-1" CONTENT="to" WC="0.9" CC="01" />
            <SP ID="P209_SP00131" WIDTH="0" HPOS="0" VPOS="0" />
            <String ID="P209_S00147" HPOS="1627" VPOS="1356" WIDTH="108" HEIGHT="58" STYLEREFS="StyleId-1" CONTENT="halt" WC="0.895" CC="0040" />
            <SP ID="P209_SP00132" WIDTH="0" HPOS="0" VPOS="0" />
            <String ID="P209_S00148" HPOS="1762" VPOS="1356" WIDTH="96" HEIGHT="58" STYLEREFS="StyleId-1" CONTENT="and" WC="0.173333332" CC="1077" />
          </TextLine>
          <TextLine ID="P209_TL00017" HPOS="335" VPOS="1428" WIDTH="1524" HEIGHT="47">
            <String ID="P209_S00149" HPOS="335" VPOS="1430" WIDTH="117" HEIGHT="41" STYLEREFS="StyleId-1" CONTENT="then" WC="0.9475" CC="0002" />
            <SP ID="P209_SP00133" WIDTH="0" HPOS="0" VPOS="0" />
            <String ID="P209_S00150" HPOS="485" VPOS="1428" WIDTH="154" HEIGHT="43" STYLEREFS="StyleId-1" CONTENT="retire." WC="0.672857165" CC="7005503" />
            <SP ID="P209_SP00134" WIDTH="0" HPOS="0" VPOS="0" />
            <String ID="P209_S00151" HPOS="693" VPOS="1427" WIDTH="98" HEIGHT="44" STYLEREFS="StyleId-1" CONTENT="The" WC="0.966666639" CC="001" />
            <SP ID="P209_SP00135" WIDTH="0" HPOS="0" VPOS="0" />
            <String ID="P209_S00152" HPOS="825" VPOS="1426" WIDTH="163" HEIGHT="45" STYLEREFS="StyleId-1" CONTENT="blacks" WC="0.5883333" CC="058207" />
            <SP ID="P209_SP00136" WIDTH="0" HPOS="0" VPOS="0" />
            <String ID="P209_S00153" HPOS="1007" VPOS="1438" WIDTH="114" HEIGHT="33" STYLEREFS="StyleId-1" CONTENT="were" WC="0.81" CC="0070" />
            <SP ID="P209_SP00137" WIDTH="0" HPOS="0" VPOS="0" />
            <String ID="P209_S00154" HPOS="1140" VPOS="1423" WIDTH="359" HEIGHT="52" STYLEREFS="StyleId-1" CONTENT="outnumbered," WC="0.7158333" CC="370770004003" />
            <SP ID="P209_SP00138" WIDTH="0" HPOS="0" VPOS="0" />
            <String ID="P209_S00155" HPOS="1520" VPOS="1423" WIDTH="228" HEIGHT="52" STYLEREFS="StyleId-1" CONTENT="however," WC="0.85" CC="00000064" />
            <SP ID="P209_SP00139" WIDTH="0" HPOS="0" VPOS="0" />
            <String ID="P209_S00156" HPOS="1768" VPOS="1422" WIDTH="91" HEIGHT="53" STYLEREFS="StyleId-1" CONTENT="five" WC="1" CC="0000" />
          </TextLine>
          <TextLine ID="P209_TL00018" HPOS="336" VPOS="1494" WIDTH="1520" HEIGHT="48">
            <String ID="P209_S00157" HPOS="336" VPOS="1498" WIDTH="57" HEIGHT="39" STYLEREFS="StyleId-1" CONTENT="to" WC="1" CC="00" />
            <SP ID="P209_SP00140" WIDTH="0" HPOS="0" VPOS="0" />
            <String ID="P209_S00158" HPOS="430" VPOS="1508" WIDTH="102" HEIGHT="38" STYLEREFS="StyleId-1" CONTENT="one," WC="0.6" CC="5604" />
            <SP ID="P209_SP00141" WIDTH="0" HPOS="0" VPOS="0" />
            <String ID="P209_S00159" HPOS="570" VPOS="1494" WIDTH="96" HEIGHT="52" STYLEREFS="StyleId-1" CONTENT="and" WC="0.7966667" CC="060" />
            <SP ID="P209_SP00142" WIDTH="0" HPOS="0" VPOS="0" />
            <String ID="P209_S00160" HPOS="693" VPOS="1492" WIDTH="165" HEIGHT="55" STYLEREFS="StyleId-1" CONTENT="finally" WC="0.9285714" CC="0050000" />
            <SP ID="P209_SP00143" WIDTH="0" HPOS="0" VPOS="0" />
            <String ID="P209_S00161" HPOS="883" VPOS="1505" WIDTH="116" HEIGHT="42" STYLEREFS="StyleId-1" CONTENT="were" WC="0.7825" CC="0062" />
            <SP ID="P209_SP00144" WIDTH="0" HPOS="0" VPOS="0" />
            <String ID="P209_S00162" HPOS="1023" VPOS="1491" WIDTH="155" HEIGHT="56" STYLEREFS="StyleId-1" CONTENT="forced" WC="0.7916667" CC="306200" />
            <SP ID="P209_SP00145" WIDTH="0" HPOS="0" VPOS="0" />
            <String ID="P209_S00163" HPOS="1213" VPOS="1492" WIDTH="56" HEIGHT="55" STYLEREFS="StyleId-1" CONTENT="to" WC="1" CC="00" />
            <SP ID="P209_SP00146" WIDTH="0" HPOS="0" VPOS="0" />
            <String ID="P209_S00164" HPOS="1306" VPOS="1489" WIDTH="229" HEIGHT="58" STYLEREFS="StyleId-1" CONTENT="abandon" WC="0.732857168" CC="0706004" />
            <SP ID="P209_SP00147" WIDTH="0" HPOS="0" VPOS="0" />
            <String ID="P209_S00165" HPOS="1576" VPOS="1488" WIDTH="84" HEIGHT="59" STYLEREFS="StyleId-1" CONTENT="the" WC="1" CC="000" />
            <SP ID="P209_SP00148" WIDTH="0" HPOS="0" VPOS="0" />
            <String ID="P209_S00166" HPOS="1701" VPOS="1492" WIDTH="155" HEIGHT="55" STYLEREFS="StyleId-1" CONTENT="town;" WC="0.694" CC="02084" />
          </TextLine>
          <TextLine ID="P209_TL00019" HPOS="336" VPOS="1560" WIDTH="1522" HEIGHT="49">
            <String ID="P209_S00167" HPOS="336" VPOS="1561" WIDTH="116" HEIGHT="54" STYLEREFS="StyleId-1" CONTENT="they" WC="0.9175" CC="0030" />
            <SP ID="P209_SP00149" WIDTH="0" HPOS="0" VPOS="0" />
            <String ID="P209_S00168" HPOS="478" VPOS="1562" WIDTH="137" HEIGHT="53" STYLEREFS="StyleId-1" CONTENT="went," WC="0.784" CC="00703" />
            <SP ID="P209_SP00150" WIDTH="0" HPOS="0" VPOS="0" />
            <String ID="P209_S00169" HPOS="643" VPOS="1559" WIDTH="175" HEIGHT="56" STYLEREFS="StyleId-1" CONTENT="taking" WC="0.7966667" CC="040070" />
            <SP ID="P209_SP00151" WIDTH="0" HPOS="0" VPOS="0" />
            <String ID="P209_S00170" HPOS="842" VPOS="1558" WIDTH="115" HEIGHT="57" STYLEREFS="StyleId-1" CONTENT="with" WC="1" CC="0000" />
            <SP ID="P209_SP00152" WIDTH="0" HPOS="0" VPOS="0" />
            <String ID="P209_S00171" HPOS="983" VPOS="1558" WIDTH="131" HEIGHT="57" STYLEREFS="StyleId-1" CONTENT="them" WC="1" CC="0000" />
            <SP ID="P209_SP00153" WIDTH="0" HPOS="0" VPOS="0" />
            <String ID="P209_S00172" HPOS="1138" VPOS="1557" WIDTH="84" HEIGHT="58" STYLEREFS="StyleId-1" CONTENT="the" WC="1" CC="000" />
            <SP ID="P209_SP00154" WIDTH="0" HPOS="0" VPOS="0" />
            <String ID="P209_S00173" HPOS="1248" VPOS="1558" WIDTH="130" HEIGHT="57" STYLEREFS="StyleId-1" CONTENT="stars" WC="0.59" CC="60076" />
            <SP ID="P209_SP00155" WIDTH="0" HPOS="0" VPOS="0" />
            <String ID="P209_S00174" HPOS="1406" VPOS="1555" WIDTH="96" HEIGHT="60" STYLEREFS="StyleId-1" CONTENT="and" WC="0.7866667" CC="060" />
            <SP ID="P209_SP00156" WIDTH="0" HPOS="0" VPOS="0" />
            <String ID="P209_S00175" HPOS="1522" VPOS="1555" WIDTH="171" HEIGHT="60" STYLEREFS="StyleId-1" CONTENT="stripes" WC="0.6457143" CC="6074006" />
            <SP ID="P209_SP00157" WIDTH="0" HPOS="0" VPOS="0" />
            <String ID="P209_S00176" HPOS="1710" VPOS="1554" WIDTH="148" HEIGHT="61" STYLEREFS="StyleId-1" CONTENT="which" WC="0.81" CC="00207" />
          </TextLine>
          <TextLine ID="P209_TL00020" HPOS="336" VPOS="1626" WIDTH="1523" HEIGHT="49">
            <String ID="P209_S00177" HPOS="336" VPOS="1627" WIDTH="117" HEIGHT="54" STYLEREFS="StyleId-1" CONTENT="they" WC="0.965" CC="0010" />
            <SP ID="P209_SP00158" WIDTH="0" HPOS="0" VPOS="0" />
            <String ID="P209_S00178" HPOS="469" VPOS="1626" WIDTH="98" HEIGHT="55" STYLEREFS="StyleId-1" CONTENT="had" WC="1" CC="000" />
            <SP ID="P209_SP00159" WIDTH="0" HPOS="0" VPOS="0" />
            <String ID="P209_S00179" HPOS="585" VPOS="1625" WIDTH="189" HEIGHT="56" STYLEREFS="StyleId-1" CONTENT="hoisted" WC="0.9457143" CC="0003000" />
            <SP ID="P209_SP00160" WIDTH="0" HPOS="0" VPOS="0" />
            <String ID="P209_S00180" HPOS="801" VPOS="1637" WIDTH="131" HEIGHT="44" STYLEREFS="StyleId-1" CONTENT="upon" WC="0.6525" CC="7006" />
            <SP ID="P209_SP00161" WIDTH="0" HPOS="0" VPOS="0" />
            <String ID="P209_S00181" HPOS="958" VPOS="1624" WIDTH="83" HEIGHT="57" STYLEREFS="StyleId-1" CONTENT="the" WC="1" CC="000" />
            <SP ID="P209_SP00162" WIDTH="0" HPOS="0" VPOS="0" />
            <String ID="P209_S00182" HPOS="1066" VPOS="1623" WIDTH="132" HEIGHT="58" STYLEREFS="StyleId-1" CONTENT="hotel" WC="1" CC="00000" />
            <SP ID="P209_SP00163" WIDTH="0" HPOS="0" VPOS="0" />
            <String ID="P209_S00183" HPOS="1222" VPOS="1622" WIDTH="133" HEIGHT="59" STYLEREFS="StyleId-1" CONTENT="when" WC="0.9375" CC="0002" />
            <SP ID="P209_SP00164" WIDTH="0" HPOS="0" VPOS="0" />
            <String ID="P209_S00184" HPOS="1381" VPOS="1621" WIDTH="215" HEIGHT="60" STYLEREFS="StyleId-1" CONTENT="entering" WC="0.65" CC="07707230" />
            <SP ID="P209_SP00165" WIDTH="0" HPOS="0" VPOS="0" />
            <String ID="P209_S00185" HPOS="1620" VPOS="1621" WIDTH="54" HEIGHT="60" STYLEREFS="StyleId-1" CONTENT="it." WC="0.876666665" CC="003" />
            <SP ID="P209_SP00166" WIDTH="0" HPOS="0" VPOS="0" />
            <String ID="P209_S00186" HPOS="1729" VPOS="1620" WIDTH="130" HEIGHT="61" STYLEREFS="StyleId-1" CONTENT="They" WC="0.75" CC="00010" />
          </TextLine>
          <TextLine ID="P209_TL00021" HPOS="336" VPOS="1691" WIDTH="1522" HEIGHT="49">
            <String ID="P209_S00187" HPOS="336" VPOS="1692" WIDTH="75" HEIGHT="42" STYLEREFS="StyleId-1" CONTENT="fell" WC="0.87" CC="5000" />
            <SP ID="P209_SP00167" WIDTH="0" HPOS="0" VPOS="0" />
            <String ID="P209_S00188" HPOS="429" VPOS="1692" WIDTH="123" HEIGHT="42" STYLEREFS="StyleId-1" CONTENT="back" WC="1" CC="0000" />
            <SP ID="P209_SP00168" WIDTH="0" HPOS="0" VPOS="0" />
            <String ID="P209_S00189" HPOS="569" VPOS="1691" WIDTH="214" HEIGHT="43" STYLEREFS="StyleId-1" CONTENT="towards" WC="0.611428559" CC="0509704" />
            <SP ID="P209_SP00169" WIDTH="0" HPOS="0" VPOS="0" />
            <String ID="P209_S00190" HPOS="800" VPOS="1691" WIDTH="84" HEIGHT="43" STYLEREFS="StyleId-1" CONTENT="the" WC="0.75666666" CC="070" />
            <SP ID="P209_SP00170" WIDTH="0" HPOS="0" VPOS="0" />
            <String ID="P209_S00191" HPOS="901" VPOS="1690" WIDTH="123" HEIGHT="44" STYLEREFS="StyleId-1" CONTENT="river" WC="0.782" CC="50005" />
            <SP ID="P209_SP00171" WIDTH="0" HPOS="0" VPOS="0" />
            <String ID="P209_S00192" HPOS="1040" VPOS="1691" WIDTH="56" HEIGHT="43" STYLEREFS="StyleId-1" CONTENT="to" WC="1" CC="00" />
            <SP ID="P209_SP00172" WIDTH="0" HPOS="0" VPOS="0" />
            <String ID="P209_S00193" HPOS="1115" VPOS="1688" WIDTH="108" HEIGHT="55" STYLEREFS="StyleId-1" CONTENT="give" WC="0.7325" CC="10000" />
            <SP ID="P209_SP00173" WIDTH="0" HPOS="0" VPOS="0" />
            <String ID="P209_S00194" HPOS="1238" VPOS="1688" WIDTH="84" HEIGHT="55" STYLEREFS="StyleId-1" CONTENT="the" WC="0.75" CC="052" />
            <SP ID="P209_SP00174" WIDTH="0" HPOS="0" VPOS="0" />
            <String ID="P209_S00195" HPOS="1338" VPOS="1687" WIDTH="223" HEIGHT="56" STYLEREFS="StyleId-1" CONTENT="gunboat" WC="0.808571458" CC="0760000" />
            <SP ID="P209_SP00175" WIDTH="0" HPOS="0" VPOS="0" />
            <String ID="P209_S00196" HPOS="1582" VPOS="1685" WIDTH="276" HEIGHT="58" STYLEREFS="StyleId-1" CONTENT="&quot;Jackson&quot;" WC="0.677777767" CC="4410105003" />
          </TextLine>
          <TextLine ID="P209_TL00022" HPOS="339" VPOS="1758" WIDTH="1520" HEIGHT="48">
            <String ID="P209_S00197" HPOS="339" VPOS="1772" WIDTH="32" HEIGHT="29" STYLEREFS="StyleId-1" CONTENT="a" WC="1" CC="0" />
            <SP ID="P209_SP00176" WIDTH="0" HPOS="0" VPOS="0" />
            <String ID="P209_S00198" HPOS="404" VPOS="1759" WIDTH="174" HEIGHT="42" STYLEREFS="StyleId-1" CONTENT="chance" WC="0.64" CC="309503" />
            <SP ID="P209_SP00177" WIDTH="0" HPOS="0" VPOS="0" />
            <String ID="P209_S00199" HPOS="611" VPOS="1760" WIDTH="57" HEIGHT="41" STYLEREFS="StyleId-1" CONTENT="to" WC="0.98" CC="00" />
            <SP ID="P209_SP00178" WIDTH="0" HPOS="0" VPOS="0" />
            <String ID="P209_S00200" HPOS="705" VPOS="1757" WIDTH="114" HEIGHT="44" STYLEREFS="StyleId-1" CONTENT="shell" WC="0.902" CC="40000" />
            <SP ID="P209_SP00179" WIDTH="0" HPOS="0" VPOS="0" />
            <String ID="P209_S00201" HPOS="851" VPOS="1756" WIDTH="125" HEIGHT="45" STYLEREFS="StyleId-1" CONTENT="their" WC="0.874" CC="00006" />
            <SP ID="P209_SP00180" WIDTH="0" HPOS="0" VPOS="0" />
            <String ID="P209_S00202" HPOS="1009" VPOS="1767" WIDTH="236" HEIGHT="43" STYLEREFS="StyleId-1" CONTENT="pursuers," WC="0.516666651" CC="075670574" />
            <SP ID="P209_SP00181" WIDTH="0" HPOS="0" VPOS="0" />
            <String ID="P209_S00203" HPOS="1274" VPOS="1754" WIDTH="90" HEIGHT="56" STYLEREFS="StyleId-1" CONTENT="but" WC="0.75333333" CC="070" />
            <SP ID="P209_SP00182" WIDTH="0" HPOS="0" VPOS="0" />
            <String ID="P209_S00204" HPOS="1397" VPOS="1753" WIDTH="83" HEIGHT="57" STYLEREFS="StyleId-1" CONTENT="the" WC="1" CC="000" />
            <SP ID="P209_SP00183" WIDTH="0" HPOS="0" VPOS="0" />
            <String ID="P209_S00205" HPOS="1505" VPOS="1754" WIDTH="272" HEIGHT="56" STYLEREFS="StyleId-1" CONTENT="movement" WC="0.84" CC="60000060" />
            <SP ID="P209_SP00184" WIDTH="0" HPOS="0" VPOS="0" />
            <String ID="P209_S00206" HPOS="1793" VPOS="1765" WIDTH="66" HEIGHT="45" STYLEREFS="StyleId-1" CONTENT="re¬" WC="0.6566667" CC="604" />
          </TextLine>
          <TextLine ID="P209_TL00023" HPOS="338" VPOS="1824" WIDTH="1523" HEIGHT="50">
            <String ID="P209_S00207" HPOS="338" VPOS="1825" WIDTH="155" HEIGHT="42" STYLEREFS="StyleId-1" CONTENT="sulted" WC="0.765" CC="670000" />
            <SP ID="P209_SP00185" WIDTH="0" HPOS="0" VPOS="0" />
            <String ID="P209_S00208" HPOS="519" VPOS="1824" WIDTH="50" HEIGHT="43" STYLEREFS="StyleId-1" CONTENT="in" WC="0.47" CC="46" />
            <SP ID="P209_SP00186" WIDTH="0" HPOS="0" VPOS="0" />
            <String ID="P209_S00209" HPOS="596" VPOS="1836" WIDTH="64" HEIGHT="31" STYLEREFS="StyleId-1" CONTENT="an" WC="0.69" CC="06" />
            <SP ID="P209_SP00187" WIDTH="0" HPOS="0" VPOS="0" />
            <String ID="P209_S00210" HPOS="687" VPOS="1822" WIDTH="287" HEIGHT="56" STYLEREFS="StyleId-1" CONTENT="apparently" WC="0.755" CC="10000306040" />
            <SP ID="P209_SP00188" WIDTH="0" HPOS="0" VPOS="0" />
            <String ID="P209_S00211" HPOS="999" VPOS="1820" WIDTH="264" HEIGHT="58" STYLEREFS="StyleId-1" CONTENT="revengeful" WC="0.799" CC="6000190020" />
            <SP ID="P209_SP00189" WIDTH="0" HPOS="0" VPOS="0" />
            <String ID="P209_S00212" HPOS="1291" VPOS="1821" WIDTH="81" HEIGHT="57" STYLEREFS="StyleId-1" CONTENT="act" WC="0.686666667" CC="900" />
            <SP ID="P209_SP00190" WIDTH="0" HPOS="0" VPOS="0" />
            <String ID="P209_S00213" HPOS="1398" VPOS="1832" WIDTH="65" HEIGHT="46" STYLEREFS="StyleId-1" CONTENT="on" WC="0.475" CC="46" />
            <SP ID="P209_SP00191" WIDTH="0" HPOS="0" VPOS="0" />
            <String ID="P209_S00214" HPOS="1479" VPOS="1819" WIDTH="83" HEIGHT="59" STYLEREFS="StyleId-1" CONTENT="the" WC="0.983333349" CC="000" />
            <SP ID="P209_SP00192" WIDTH="0" HPOS="0" VPOS="0" />
            <String ID="P209_S00215" HPOS="1579" VPOS="1820" WIDTH="115" HEIGHT="58" STYLEREFS="StyleId-1" CONTENT="part" WC="0.8025" CC="0070" />
            <SP ID="P209_SP00193" WIDTH="0" HPOS="0" VPOS="0" />
            <String ID="P209_S00216" HPOS="1713" VPOS="1818" WIDTH="53" HEIGHT="60" STYLEREFS="StyleId-1" CONTENT="of" WC="0.97" CC="00" />
            <SP ID="P209_SP00194" WIDTH="0" HPOS="0" VPOS="0" />
            <String ID="P209_S00217" HPOS="1776" VPOS="1818" WIDTH="85" HEIGHT="60" STYLEREFS="StyleId-1" CONTENT="the" WC="1" CC="000" />
          </TextLine>
          <TextLine ID="P209_TL00024" HPOS="338" VPOS="1889" WIDTH="1528" HEIGHT="49">
            <String ID="P209_S00218" HPOS="338" VPOS="1904" WIDTH="114" HEIGHT="31" STYLEREFS="StyleId-1" CONTENT="crew" WC="0.615" CC="1760" />
            <SP ID="P209_SP00195" WIDTH="0" HPOS="0" VPOS="0" />
            <String ID="P209_S00219" HPOS="480" VPOS="1890" WIDTH="54" HEIGHT="45" STYLEREFS="StyleId-1" CONTENT="of" WC="0.815" CC="30" />
            <SP ID="P209_SP00196" WIDTH="0" HPOS="0" VPOS="0" />
            <String ID="P209_S00220" HPOS="552" VPOS="1889" WIDTH="116" HEIGHT="46" STYLEREFS="StyleId-1" CONTENT="that" WC="0.77" CC="0009" />
            <SP ID="P209_SP00197" WIDTH="0" HPOS="0" VPOS="0" />
            <String ID="P209_S00221" HPOS="693" VPOS="1888" WIDTH="161" HEIGHT="52" STYLEREFS="StyleId-1" CONTENT="vessel," WC="0.6857143" CC="0057043" />
            <SP ID="P209_SP00198" WIDTH="0" HPOS="0" VPOS="0" />
            <String ID="P209_S00222" HPOS="882" VPOS="1888" WIDTH="116" HEIGHT="53" STYLEREFS="StyleId-1" CONTENT="they" WC="1" CC="0000" />
            <SP ID="P209_SP00199" WIDTH="0" HPOS="0" VPOS="0" />
            <String ID="P209_S00223" HPOS="1023" VPOS="1886" WIDTH="183" HEIGHT="55" STYLEREFS="StyleId-1" CONTENT="having" WC="0.7366667" CC="090060" />
            <SP ID="P209_SP00200" WIDTH="0" HPOS="0" VPOS="0" />
            <String ID="P209_S00224" HPOS="1231" VPOS="1885" WIDTH="273" HEIGHT="56" STYLEREFS="StyleId-1" CONTENT="previously" WC="0.775" CC="0700004550" />
            <SP ID="P209_SP00201" WIDTH="0" HPOS="0" VPOS="0" />
            <String ID="P209_S00225" HPOS="1529" VPOS="1885" WIDTH="99" HEIGHT="56" STYLEREFS="StyleId-1" CONTENT="had" WC="0.723333359" CC="080" />
            <SP ID="P209_SP00202" WIDTH="0" HPOS="0" VPOS="0" />
            <String ID="P209_S00226" HPOS="1654" VPOS="1897" WIDTH="131" HEIGHT="44" STYLEREFS="StyleId-1" CONTENT="some" WC="0.8175" CC="7000" />
            <SP ID="P209_SP00203" WIDTH="0" HPOS="0" VPOS="0" />
            <String ID="P209_S00227" HPOS="1811" VPOS="1883" WIDTH="55" HEIGHT="58" STYLEREFS="StyleId-1" CONTENT="of" WC="0.72" CC="05" />
          </TextLine>
          <TextLine ID="P209_TL00025" HPOS="337" VPOS="1955" WIDTH="1522" HEIGHT="49">
            <String ID="P209_S00228" HPOS="337" VPOS="1956" WIDTH="125" HEIGHT="43" STYLEREFS="StyleId-1" CONTENT="their" WC="0.86" CC="00007" />
            <SP ID="P209_SP00204" WIDTH="0" HPOS="0" VPOS="0" />
            <String ID="P209_S00229" HPOS="487" VPOS="1956" WIDTH="198" HEIGHT="43" STYLEREFS="StyleId-1" CONTENT="number" WC="0.515" CC="770707" />
            <SP ID="P209_SP00205" WIDTH="0" HPOS="0" VPOS="0" />
            <String ID="P209_S00230" HPOS="711" VPOS="1954" WIDTH="138" HEIGHT="45" STYLEREFS="StyleId-1" CONTENT="killed" WC="0.87" CC="200500" />
            <SP ID="P209_SP00206" WIDTH="0" HPOS="0" VPOS="0" />
            <String ID="P209_S00231" HPOS="875" VPOS="1953" WIDTH="49" HEIGHT="46" STYLEREFS="StyleId-1" CONTENT="in" WC="0.48" CC="36" />
            <SP ID="P209_SP00207" WIDTH="0" HPOS="0" VPOS="0" />
            <String ID="P209_S00232" HPOS="949" VPOS="1953" WIDTH="83" HEIGHT="46" STYLEREFS="StyleId-1" CONTENT="the" WC="1" CC="000" />
            <SP ID="P209_SP00208" WIDTH="0" HPOS="0" VPOS="0" />
            <String ID="P209_S00233" HPOS="1066" VPOS="1964" WIDTH="164" HEIGHT="35" STYLEREFS="StyleId-1" CONTENT="course" WC="0.636666656" CC="007770" />
            <SP ID="P209_SP00209" WIDTH="0" HPOS="0" VPOS="0" />
            <String ID="P209_S00234" HPOS="1265" VPOS="1952" WIDTH="54" HEIGHT="47" STYLEREFS="StyleId-1" CONTENT="of" WC="0.75" CC="13" />
            <SP ID="P209_SP00210" WIDTH="0" HPOS="0" VPOS="0" />
            <String ID="P209_S00235" HPOS="1348" VPOS="1964" WIDTH="32" HEIGHT="35" STYLEREFS="StyleId-1" CONTENT="a" WC="1" CC="0" />
            <SP ID="P209_SP00211" WIDTH="0" HPOS="0" VPOS="0" />
            <String ID="P209_S00236" HPOS="1414" VPOS="1950" WIDTH="230" HEIGHT="55" STYLEREFS="StyleId-1" CONTENT="difficulty" WC="0.749" CC="0084417000" />
            <SP ID="P209_SP00212" WIDTH="0" HPOS="0" VPOS="0" />
            <String ID="P209_S00237" HPOS="1677" VPOS="1950" WIDTH="118" HEIGHT="55" STYLEREFS="StyleId-1" CONTENT="with" WC="0.775" CC="0090" />
            <SP ID="P209_SP00213" WIDTH="0" HPOS="0" VPOS="0" />
            <String ID="P209_S00238" HPOS="1827" VPOS="1962" WIDTH="32" HEIGHT="43" STYLEREFS="StyleId-1" CONTENT="a" WC="1" CC="0" />
          </TextLine>
          <TextLine ID="P209_TL00026" HPOS="338" VPOS="2020" WIDTH="724" HEIGHT="52">
            <String ID="P209_S00239" HPOS="338" VPOS="2022" WIDTH="140" HEIGHT="42" STYLEREFS="StyleId-1" CONTENT="black" WC="0.944" CC="02000" />
            <SP ID="P209_SP00214" WIDTH="0" HPOS="0" VPOS="0" />
            <String ID="P209_S00240" HPOS="497" VPOS="2023" WIDTH="164" HEIGHT="51" STYLEREFS="StyleId-1" CONTENT="sentry" WC="0.735" CC="601070" />
            <SP ID="P209_SP00215" WIDTH="0" HPOS="0" VPOS="0" />
            <String ID="P209_S00241" HPOS="680" VPOS="2022" WIDTH="56" HEIGHT="52" STYLEREFS="StyleId-1" CONTENT="at" WC="1" CC="00" />
            <SP ID="P209_SP00216" WIDTH="0" HPOS="0" VPOS="0" />
            <String ID="P209_S00242" HPOS="754" VPOS="2018" WIDTH="112" HEIGHT="56" STYLEREFS="StyleId-1" CONTENT="Ship" WC="0.74" CC="6040" />
            <SP ID="P209_SP00217" WIDTH="0" HPOS="0" VPOS="0" />
            <String ID="P209_S00243" HPOS="885" VPOS="2018" WIDTH="177" HEIGHT="56" STYLEREFS="StyleId-1" CONTENT="Island." WC="0.6942857" CC="3600604" />
          </TextLine>
          <TextLine ID="P209_TL00027" HPOS="438" VPOS="2086" WIDTH="1421" HEIGHT="47">
            <String ID="P209_S00244" HPOS="438" VPOS="2087" WIDTH="98" HEIGHT="42" STYLEREFS="StyleId-1" CONTENT="The" WC="1" CC="000" />
            <SP ID="P209_SP00218" WIDTH="0" HPOS="0" VPOS="0" />
            <String ID="P209_S00245" HPOS="562" VPOS="2085" WIDTH="337" HEIGHT="53" STYLEREFS="StyleId-1" CONTENT="commanding" WC="0.917" CC="0000010060" />
            <SP ID="P209_SP00219" WIDTH="0" HPOS="0" VPOS="0" />
            <String ID="P209_S00246" HPOS="925" VPOS="2084" WIDTH="154" HEIGHT="54" STYLEREFS="StyleId-1" CONTENT="officer" WC="0.692857146" CC="0733006" />
            <SP ID="P209_SP00220" WIDTH="0" HPOS="0" VPOS="0" />
            <String ID="P209_S00247" HPOS="1106" VPOS="2082" WIDTH="54" HEIGHT="56" STYLEREFS="StyleId-1" CONTENT="of" WC="0.82" CC="30" />
            <SP ID="P209_SP00221" WIDTH="0" HPOS="0" VPOS="0" />
            <String ID="P209_S00248" HPOS="1178" VPOS="2082" WIDTH="83" HEIGHT="56" STYLEREFS="StyleId-1" CONTENT="the" WC="1" CC="000" />
            <SP ID="P209_SP00222" WIDTH="0" HPOS="0" VPOS="0" />
            <String ID="P209_S00249" HPOS="1286" VPOS="2082" WIDTH="114" HEIGHT="56" STYLEREFS="StyleId-1" CONTENT="land" WC="0.765" CC="2060" />
            <SP ID="P209_SP00223" WIDTH="0" HPOS="0" VPOS="0" />
            <String ID="P209_S00250" HPOS="1435" VPOS="2082" WIDTH="138" HEIGHT="56" STYLEREFS="StyleId-1" CONTENT="force," WC="0.645" CC="456004" />
            <SP ID="P209_SP00224" WIDTH="0" HPOS="0" VPOS="0" />
            <String ID="P209_S00251" HPOS="1611" VPOS="2082" WIDTH="248" HEIGHT="56" STYLEREFS="StyleId-1" CONTENT="doubtless" WC="0.645555556" CC="037004268" />
          </TextLine>
          <TextLine ID="P209_TL00028" HPOS="336" VPOS="2152" WIDTH="1523" HEIGHT="50">
            <String ID="P209_S00252" HPOS="336" VPOS="2153" WIDTH="125" HEIGHT="42" STYLEREFS="StyleId-1" CONTENT="from" WC="0.8525" CC="0500" />
            <SP ID="P209_SP00225" WIDTH="0" HPOS="0" VPOS="0" />
            <String ID="P209_S00253" HPOS="487" VPOS="2151" WIDTH="271" HEIGHT="55" STYLEREFS="StyleId-1" CONTENT="prudential" WC="0.694" CC="0770260403" />
            <SP ID="P209_SP00226" WIDTH="0" HPOS="0" VPOS="0" />
            <String ID="P209_S00254" HPOS="783" VPOS="2162" WIDTH="210" HEIGHT="44" STYLEREFS="StyleId-1" CONTENT="reasons," WC="0.50375" CC="60960474" />
            <SP ID="P209_SP00227" WIDTH="0" HPOS="0" VPOS="0" />
            <String ID="P209_S00255" HPOS="1025" VPOS="2148" WIDTH="202" HEIGHT="58" STYLEREFS="StyleId-1" CONTENT="omitted" WC="0.791428566" CC="00410000" />
            <SP ID="P209_SP00228" WIDTH="0" HPOS="0" VPOS="0" />
            <String ID="P209_S00256" HPOS="1252" VPOS="2149" WIDTH="57" HEIGHT="57" STYLEREFS="StyleId-1" CONTENT="to" WC="0.895" CC="02" />
            <SP ID="P209_SP00229" WIDTH="0" HPOS="0" VPOS="0" />
            <String ID="P209_S00257" HPOS="1338" VPOS="2149" WIDTH="131" HEIGHT="57" STYLEREFS="StyleId-1" CONTENT="state" WC="0.836" CC="80000" />
            <SP ID="P209_SP00230" WIDTH="0" HPOS="0" VPOS="0" />
            <String ID="P209_S00258" HPOS="1501" VPOS="2149" WIDTH="50" HEIGHT="57" STYLEREFS="StyleId-1" CONTENT="in" WC="0.385" CC="56" />
            <SP ID="P209_SP00231" WIDTH="0" HPOS="0" VPOS="0" />
            <String ID="P209_S00259" HPOS="1585" VPOS="2147" WIDTH="74" HEIGHT="59" STYLEREFS="StyleId-1" CONTENT="his" WC="0.50333333" CC="077" />
            <SP ID="P209_SP00232" WIDTH="0" HPOS="0" VPOS="0" />
            <String ID="P209_S00260" HPOS="1694" VPOS="2150" WIDTH="165" HEIGHT="56" STYLEREFS="StyleId-1" CONTENT="report" WC="0.6116667" CC="5000710" />
          </TextLine>
          <TextLine ID="P209_TL00029" HPOS="337" VPOS="2217" WIDTH="1522" HEIGHT="48">
            <String ID="P209_S00261" HPOS="337" VPOS="2219" WIDTH="117" HEIGHT="41" STYLEREFS="StyleId-1" CONTENT="that" WC="0.8225" CC="0700" />
            <SP ID="P209_SP00233" WIDTH="0" HPOS="0" VPOS="0" />
            <String ID="P209_S00262" HPOS="478" VPOS="2218" WIDTH="82" HEIGHT="42" STYLEREFS="StyleId-1" CONTENT="the" WC="1" CC="000" />
            <SP ID="P209_SP00234" WIDTH="0" HPOS="0" VPOS="0" />
            <String ID="P209_S00263" HPOS="585" VPOS="2229" WIDTH="107" HEIGHT="31" STYLEREFS="StyleId-1" CONTENT="men" WC="1" CC="000" />
            <SP ID="P209_SP00235" WIDTH="0" HPOS="0" VPOS="0" />
            <String ID="P209_S00264" HPOS="717" VPOS="2215" WIDTH="172" HEIGHT="54" STYLEREFS="StyleId-1" CONTENT="fought" WC="0.855" CC="107000" />
            <SP ID="P209_SP00236" WIDTH="0" HPOS="0" VPOS="0" />
            <String ID="P209_S00265" HPOS="914" VPOS="2214" WIDTH="123" HEIGHT="55" STYLEREFS="StyleId-1" CONTENT="their" WC="0.874" CC="00006" />
            <SP ID="P209_SP00237" WIDTH="0" HPOS="0" VPOS="0" />
            <String ID="P209_S00266" HPOS="1062" VPOS="2226" WIDTH="107" HEIGHT="43" STYLEREFS="StyleId-1" CONTENT="way" WC="1" CC="000" />
            <SP ID="P209_SP00238" WIDTH="0" HPOS="0" VPOS="0" />
            <String ID="P209_S00267" HPOS="1194" VPOS="2213" WIDTH="215" HEIGHT="56" STYLEREFS="StyleId-1" CONTENT="through" WC="0.8057143" CC="0032700" />
            <SP ID="P209_SP00239" WIDTH="0" HPOS="0" VPOS="0" />
            <String ID="P209_S00268" HPOS="1442" VPOS="2213" WIDTH="84" HEIGHT="56" STYLEREFS="StyleId-1" CONTENT="the" WC="1" CC="000" />
            <SP ID="P209_SP00240" WIDTH="0" HPOS="0" VPOS="0" />
            <String ID="P209_S00269" HPOS="1558" VPOS="2215" WIDTH="134" HEIGHT="54" STYLEREFS="StyleId-1" CONTENT="town" WC="0.82" CC="0007" />
            <SP ID="P209_SP00241" WIDTH="0" HPOS="0" VPOS="0" />
            <String ID="P209_S00270" HPOS="1725" VPOS="2213" WIDTH="134" HEIGHT="56" STYLEREFS="StyleId-1" CONTENT="while" WC="0.754" CC="00057" />
          </TextLine>
          <TextLine ID="P209_TL00030" HPOS="339" VPOS="2282" WIDTH="1520" HEIGHT="52">
            <String ID="P209_S00271" HPOS="339" VPOS="2284" WIDTH="140" HEIGHT="53" STYLEREFS="StyleId-1" CONTENT="being" WC="0.896" CC="00050" />
            <SP ID="P209_SP00242" WIDTH="0" HPOS="0" VPOS="0" />
            <String ID="P209_S00272" HPOS="504" VPOS="2282" WIDTH="114" HEIGHT="55" STYLEREFS="StyleId-1" CONTENT="fired" WC="0.716" CC="44500" />
            <SP ID="P209_SP00243" WIDTH="0" HPOS="0" VPOS="0" />
            <String ID="P209_S00273" HPOS="643" VPOS="2294" WIDTH="132" HEIGHT="43" STYLEREFS="StyleId-1" CONTENT="upon" WC="0.5025" CC="7057" />
            <SP ID="P209_SP00244" WIDTH="0" HPOS="0" VPOS="0" />
            <String ID="P209_S00274" HPOS="799" VPOS="2281" WIDTH="123" HEIGHT="56" STYLEREFS="StyleId-1" CONTENT="from" WC="0.7275" CC="2710" />
            <SP ID="P209_SP00245" WIDTH="0" HPOS="0" VPOS="0" />
            <String ID="P209_S00275" HPOS="947" VPOS="2280" WIDTH="279" HEIGHT="57" STYLEREFS="StyleId-1" CONTENT="house-tops" WC="0.798" CC="0074020005" />
            <SP ID="P209_SP00246" WIDTH="0" HPOS="0" VPOS="0" />
            <String ID="P209_S00276" HPOS="1254" VPOS="2277" WIDTH="92" HEIGHT="60" STYLEREFS="StyleId-1" CONTENT="and" WC="0.42" CC="1070" />
            <SP ID="P209_SP00247" WIDTH="0" HPOS="0" VPOS="0" />
            <String ID="P209_S00277" HPOS="1376" VPOS="2278" WIDTH="223" HEIGHT="59" STYLEREFS="StyleId-1" CONTENT="windows" WC="0.86" CC="0060003" />
            <SP ID="P209_SP00248" WIDTH="0" HPOS="0" VPOS="0" />
            <String ID="P209_S00278" HPOS="1634" VPOS="2279" WIDTH="66" HEIGHT="58" STYLEREFS="StyleId-1" CONTENT="by" WC="0.63" CC="70" />
            <SP ID="P209_SP00249" WIDTH="0" HPOS="0" VPOS="0" />
            <String ID="P209_S00279" HPOS="1734" VPOS="2279" WIDTH="125" HEIGHT="58" STYLEREFS="StyleId-1" CONTENT="boys" WC="0.79" CC="0008" />
          </TextLine>
          <TextLine ID="P209_TL00031" HPOS="339" VPOS="2347" WIDTH="1518" HEIGHT="53">
            <String ID="P209_S00280" HPOS="340" VPOS="2349" WIDTH="97" HEIGHT="42" STYLEREFS="StyleId-1" CONTENT="and" WC="0.77" CC="060" />
            <SP ID="P209_SP00250" WIDTH="0" HPOS="0" VPOS="0" />
            <String ID="P209_S00281" HPOS="470" VPOS="2360" WIDTH="194" HEIGHT="31" STYLEREFS="StyleId-1" CONTENT="women." WC="0.79" CC="030053" />
            <SP ID="P209_SP00251" WIDTH="0" HPOS="0" VPOS="0" />
            <String ID="P209_S00282" HPOS="717" VPOS="2346" WIDTH="131" HEIGHT="45" STYLEREFS="StyleId-1" CONTENT="That" WC="0.77" CC="0090" />
            <SP ID="P209_SP00252" WIDTH="0" HPOS="0" VPOS="0" />
            <String ID="P209_S00283" HPOS="880" VPOS="2345" WIDTH="83" HEIGHT="46" STYLEREFS="StyleId-1" CONTENT="the" WC="0.73" CC="700" />
            <SP ID="P209_SP00253" WIDTH="0" HPOS="0" VPOS="0" />
            <String ID="P209_S00284" HPOS="996" VPOS="2344" WIDTH="222" HEIGHT="54" STYLEREFS="StyleId-1" CONTENT="gunboat" WC="0.8057143" CC="0760000" />
            <SP ID="P209_SP00254" WIDTH="0" HPOS="0" VPOS="0" />
            <String ID="P209_S00285" HPOS="1254" VPOS="2343" WIDTH="177" HEIGHT="55" STYLEREFS="StyleId-1" CONTENT="opened" WC="0.8833333" CC="000700" />
            <SP ID="P209_SP00255" WIDTH="0" HPOS="0" VPOS="0" />
            <String ID="P209_S00286" HPOS="1457" VPOS="2344" WIDTH="84" HEIGHT="54" STYLEREFS="StyleId-1" CONTENT="fire" WC="0.8475" CC="0050" />
            <SP ID="P209_SP00256" WIDTH="0" HPOS="0" VPOS="0" />
            <String ID="P209_S00287" HPOS="1566" VPOS="2344" WIDTH="199" HEIGHT="56" STYLEREFS="StyleId-1" CONTENT="directly" WC="0.69125" CC="00603950" />
            <SP ID="P209_SP00257" WIDTH="0" HPOS="0" VPOS="0" />
            <String ID="P209_S00288" HPOS="1793" VPOS="2358" WIDTH="64" HEIGHT="42" STYLEREFS="StyleId-1" CONTENT="on" WC="0.63" CC="07" />
          </TextLine>
          <TextLine ID="P209_TL00032" HPOS="338" VPOS="2412" WIDTH="1517" HEIGHT="53">
            <String ID="P209_S00289" HPOS="338" VPOS="2415" WIDTH="131" HEIGHT="41" STYLEREFS="StyleId-1" CONTENT="them" WC="1" CC="0000" />
            <SP ID="P209_SP00258" WIDTH="0" HPOS="0" VPOS="0" />
            <String ID="P209_S00290" HPOS="495" VPOS="2413" WIDTH="131" HEIGHT="43" STYLEREFS="StyleId-1" CONTENT="when" WC="0.84" CC="0006" />
            <SP ID="P209_SP00259" WIDTH="0" HPOS="0" VPOS="0" />
            <String ID="P209_S00291" HPOS="651" VPOS="2412" WIDTH="114" HEIGHT="52" STYLEREFS="StyleId-1" CONTENT="they" WC="0.75" CC="01000" />
            <SP ID="P209_SP00260" WIDTH="0" HPOS="0" VPOS="0" />
            <String ID="P209_S00292" HPOS="791" VPOS="2423" WIDTH="114" HEIGHT="41" STYLEREFS="StyleId-1" CONTENT="were" WC="0.845" CC="0060" />
            <SP ID="P209_SP00261" WIDTH="0" HPOS="0" VPOS="0" />
            <String ID="P209_S00293" HPOS="931" VPOS="2409" WIDTH="211" HEIGHT="55" STYLEREFS="StyleId-1" CONTENT="engaged" WC="0.9128571" CC="0600000" />
            <SP ID="P209_SP00262" WIDTH="0" HPOS="0" VPOS="0" />
            <String ID="P209_S00294" HPOS="1160" VPOS="2408" WIDTH="49" HEIGHT="56" STYLEREFS="StyleId-1" CONTENT="in" WC="0.67" CC="06" />
            <SP ID="P209_SP00263" WIDTH="0" HPOS="0" VPOS="0" />
            <String ID="P209_S00295" HPOS="1228" VPOS="2421" WIDTH="32" HEIGHT="43" STYLEREFS="StyleId-1" CONTENT="a" WC="1" CC="0" />
            <SP ID="P209_SP00264" WIDTH="0" HPOS="0" VPOS="0" />
            <String ID="P209_S00296" HPOS="1276" VPOS="2408" WIDTH="130" HEIGHT="56" STYLEREFS="StyleId-1" CONTENT="hand" WC="0.995" CC="0000" />
            <SP ID="P209_SP00265" WIDTH="0" HPOS="0" VPOS="0" />
            <String ID="P209_S00297" HPOS="1424" VPOS="2411" WIDTH="56" HEIGHT="53" STYLEREFS="StyleId-1" CONTENT="to" WC="1" CC="00" />
            <SP ID="P209_SP00266" WIDTH="0" HPOS="0" VPOS="0" />
            <String ID="P209_S00298" HPOS="1499" VPOS="2409" WIDTH="132" HEIGHT="55" STYLEREFS="StyleId-1" CONTENT="hand" WC="0.8975" CC="0040" />
            <SP ID="P209_SP00267" WIDTH="0" HPOS="0" VPOS="0" />
            <String ID="P209_S00299" HPOS="1649" VPOS="2411" WIDTH="206" HEIGHT="54" STYLEREFS="StyleId-1" CONTENT="conflict," WC="0.623333335" CC="0264400104" />
          </TextLine>
          <TextLine ID="P209_TL00033" HPOS="338" VPOS="2478" WIDTH="1519" HEIGHT="47">
            <String ID="P209_S00300" HPOS="338" VPOS="2479" WIDTH="149" HEIGHT="42" STYLEREFS="StyleId-1" CONTENT="which" WC="0.908" CC="00400" />
            <SP ID="P209_SP00268" WIDTH="0" HPOS="0" VPOS="0" />
            <String ID="P209_S00301" HPOS="513" VPOS="2491" WIDTH="54" HEIGHT="30" STYLEREFS="StyleId-1" CONTENT="so" WC="0.69" CC="60" />
            <SP ID="P209_SP00269" WIDTH="0" HPOS="0" VPOS="0" />
            <String ID="P209_S00302" HPOS="586" VPOS="2476" WIDTH="278" HEIGHT="54" STYLEREFS="StyleId-1" CONTENT="completely" WC="0.808" CC="3090400010" />
            <SP ID="P209_SP00270" WIDTH="0" HPOS="0" VPOS="0" />
            <String ID="P209_S00303" HPOS="882" VPOS="2477" WIDTH="80" HEIGHT="53" STYLEREFS="StyleId-1" CONTENT="cut" WC="0.65" CC="370" />
            <SP ID="P209_SP00271" WIDTH="0" HPOS="0" VPOS="0" />
            <String ID="P209_S00304" HPOS="981" VPOS="2475" WIDTH="69" HEIGHT="55" STYLEREFS="StyleId-1" CONTENT="off" WC="0.476666659" CC="087" />
            <SP ID="P209_SP00272" WIDTH="0" HPOS="0" VPOS="0" />
            <String ID="P209_S00305" HPOS="1072" VPOS="2487" WIDTH="30" HEIGHT="43" STYLEREFS="StyleId-1" CONTENT="a" WC="1" CC="0" />
            <SP ID="P209_SP00273" WIDTH="0" HPOS="0" VPOS="0" />
            <String ID="P209_S00306" HPOS="1119" VPOS="2474" WIDTH="197" HEIGHT="56" STYLEREFS="StyleId-1" CONTENT="number" WC="0.6533333" CC="670006" />
            <SP ID="P209_SP00274" WIDTH="0" HPOS="0" VPOS="0" />
            <String ID="P209_S00307" HPOS="1334" VPOS="2474" WIDTH="54" HEIGHT="56" STYLEREFS="StyleId-1" CONTENT="of" WC="0.72" CC="50" />
            <SP ID="P209_SP00275" WIDTH="0" HPOS="0" VPOS="0" />
            <String ID="P209_S00308" HPOS="1407" VPOS="2474" WIDTH="83" HEIGHT="56" STYLEREFS="StyleId-1" CONTENT="the" WC="1" CC="000" />
            <SP ID="P209_SP00276" WIDTH="0" HPOS="0" VPOS="0" />
            <String ID="P209_S00309" HPOS="1508" VPOS="2488" WIDTH="106" HEIGHT="42" STYLEREFS="StyleId-1" CONTENT="men" WC="1" CC="000" />
            <SP ID="P209_SP00277" WIDTH="0" HPOS="0" VPOS="0" />
            <String ID="P209_S00310" HPOS="1634" VPOS="2476" WIDTH="122" HEIGHT="54" STYLEREFS="StyleId-1" CONTENT="from" WC="0.7325" CC="0604" />
            <SP ID="P209_SP00278" WIDTH="0" HPOS="0" VPOS="0" />
            <String ID="P209_S00311" HPOS="1773" VPOS="2478" WIDTH="84" HEIGHT="52" STYLEREFS="StyleId-1" CONTENT="the" WC="0.68" CC="701" />
          </TextLine>
          <TextLine ID="P209_TL00034" HPOS="338" VPOS="2542" WIDTH="1519" HEIGHT="53">
            <String ID="P209_S00312" HPOS="339" VPOS="2544" WIDTH="131" HEIGHT="42" STYLEREFS="StyleId-1" CONTENT="main" WC="0.9325" CC="0002" />
            <SP ID="P209_SP00279" WIDTH="0" HPOS="0" VPOS="0" />
            <String ID="P209_S00313" HPOS="487" VPOS="2542" WIDTH="131" HEIGHT="53" STYLEREFS="StyleId-1" CONTENT="body" WC="0.7075" CC="7400" />
            <SP ID="P209_SP00280" WIDTH="0" HPOS="0" VPOS="0" />
            <String ID="P209_S00314" HPOS="636" VPOS="2541" WIDTH="55" HEIGHT="54" STYLEREFS="StyleId-1" CONTENT="of" WC="0.785" CC="22" />
            <SP ID="P209_SP00281" WIDTH="0" HPOS="0" VPOS="0" />
            <String ID="P209_S00315" HPOS="708" VPOS="2541" WIDTH="82" HEIGHT="54" STYLEREFS="StyleId-1" CONTENT="the" WC="1" CC="000" />
            <SP ID="P209_SP00282" WIDTH="0" HPOS="0" VPOS="0" />
            <String ID="P209_S00316" HPOS="814" VPOS="2543" WIDTH="173" HEIGHT="52" STYLEREFS="StyleId-1" CONTENT="troops" WC="0.6016667" CC="772105" />
            <SP ID="P209_SP00283" WIDTH="0" HPOS="0" VPOS="0" />
            <String ID="P209_S00317" HPOS="1011" VPOS="2540" WIDTH="116" HEIGHT="55" STYLEREFS="StyleId-1" CONTENT="that" WC="0.7825" CC="8000" />
            <SP ID="P209_SP00284" WIDTH="0" HPOS="0" VPOS="0" />
            <String ID="P209_S00318" HPOS="1151" VPOS="2538" WIDTH="125" HEIGHT="57" STYLEREFS="StyleId-1" CONTENT="their" WC="0.514" CC="010265" />
            <SP ID="P209_SP00285" WIDTH="0" HPOS="0" VPOS="0" />
            <String ID="P209_S00319" HPOS="1292" VPOS="2541" WIDTH="198" HEIGHT="54" STYLEREFS="StyleId-1" CONTENT="capture" WC="0.6571429" CC="4700570" />
            <SP ID="P209_SP00286" WIDTH="0" HPOS="0" VPOS="0" />
            <String ID="P209_S00320" HPOS="1509" VPOS="2544" WIDTH="237" HEIGHT="52" STYLEREFS="StyleId-1" CONTENT="appeared" WC="0.805" CC="00000608" />
            <SP ID="P209_SP00287" WIDTH="0" HPOS="0" VPOS="0" />
            <String ID="P209_S00321" HPOS="1766" VPOS="2557" WIDTH="91" HEIGHT="39" STYLEREFS="StyleId-1" CONTENT="cer¬" WC="0.7875" CC="0044" />
          </TextLine>
          <TextLine ID="P209_TL00035" HPOS="338" VPOS="2608" WIDTH="1524" HEIGHT="49">
            <String ID="P209_S00322" HPOS="338" VPOS="2609" WIDTH="121" HEIGHT="42" STYLEREFS="StyleId-1" CONTENT="tain." WC="0.594" CC="08074" />
            <SP ID="P209_SP00288" WIDTH="0" HPOS="0" VPOS="0" />
            <String ID="P209_S00323" HPOS="528" VPOS="2607" WIDTH="156" HEIGHT="53" STYLEREFS="StyleId-1" CONTENT="Major" WC="0.622" CC="40617" />
            <SP ID="P209_SP00289" WIDTH="0" HPOS="0" VPOS="0" />
            <String ID="P209_S00324" HPOS="726" VPOS="2606" WIDTH="192" HEIGHT="54" STYLEREFS="StyleId-1" CONTENT="Dumas," WC="0.55" CC="870064" />
            <SP ID="P209_SP00290" WIDTH="0" HPOS="0" VPOS="0" />
            <String ID="P209_S00325" HPOS="954" VPOS="2605" WIDTH="226" HEIGHT="55" STYLEREFS="StyleId-1" CONTENT="however," WC="0.82375" CC="02000164" />
            <SP ID="P209_SP00291" WIDTH="0" HPOS="0" VPOS="0" />
            <String ID="P209_S00326" HPOS="1218" VPOS="2604" WIDTH="157" HEIGHT="56" STYLEREFS="StyleId-1" CONTENT="seeing" WC="0.745" CC="702050" />
            <SP ID="P209_SP00292" WIDTH="0" HPOS="0" VPOS="0" />
            <String ID="P209_S00327" HPOS="1406" VPOS="2606" WIDTH="83" HEIGHT="54" STYLEREFS="StyleId-1" CONTENT="the" WC="1" CC="000" />
            <SP ID="P209_SP00293" WIDTH="0" HPOS="0" VPOS="0" />
            <String ID="P209_S00328" HPOS="1524" VPOS="2608" WIDTH="248" HEIGHT="52" STYLEREFS="StyleId-1" CONTENT="condition" WC="0.802222252" CC="006000603" />
            <SP ID="P209_SP00294" WIDTH="0" HPOS="0" VPOS="0" />
            <String ID="P209_S00329" HPOS="1808" VPOS="2609" WIDTH="54" HEIGHT="51" STYLEREFS="StyleId-1" CONTENT="of" WC="0.7" CC="06" />
          </TextLine>
          <TextLine ID="P209_TL00036" HPOS="337" VPOS="2672" WIDTH="1515" HEIGHT="57">
            <String ID="P209_S00330" HPOS="337" VPOS="2675" WIDTH="179" HEIGHT="53" STYLEREFS="StyleId-1" CONTENT="things," WC="0.748571455" CC="0006064" />
            <SP ID="P209_SP00295" WIDTH="0" HPOS="0" VPOS="0" />
            <String ID="P209_S00331" HPOS="537" VPOS="2674" WIDTH="89" HEIGHT="54" STYLEREFS="StyleId-1" CONTENT="put" WC="0.75666666" CC="070" />
            <SP ID="P209_SP00296" WIDTH="0" HPOS="0" VPOS="0" />
            <String ID="P209_S00332" HPOS="653" VPOS="2684" WIDTH="136" HEIGHT="44" STYLEREFS="StyleId-1" CONTENT="spurs" WC="0.524" CC="60745" />
            <SP ID="P209_SP00297" WIDTH="0" HPOS="0" VPOS="0" />
            <String ID="P209_S00333" HPOS="814" VPOS="2673" WIDTH="57" HEIGHT="55" STYLEREFS="StyleId-1" CONTENT="to" WC="0.935" CC="01" />
            <SP ID="P209_SP00298" WIDTH="0" HPOS="0" VPOS="0" />
            <String ID="P209_S00334" HPOS="897" VPOS="2669" WIDTH="73" HEIGHT="59" STYLEREFS="StyleId-1" CONTENT="his" WC="0.673333347" CC="045" />
            <SP ID="P209_SP00299" WIDTH="0" HPOS="0" VPOS="0" />
            <String ID="P209_S00335" HPOS="995" VPOS="2670" WIDTH="140" HEIGHT="58" STYLEREFS="StyleId-1" CONTENT="horse" WC="0.748" CC="00471" />
            <SP ID="P209_SP00300" WIDTH="0" HPOS="0" VPOS="0" />
            <String ID="P209_S00336" HPOS="1162" VPOS="2669" WIDTH="95" HEIGHT="59" STYLEREFS="StyleId-1" CONTENT="and" WC="0.76" CC="070" />
            <SP ID="P209_SP00301" WIDTH="0" HPOS="0" VPOS="0" />
            <String ID="P209_S00337" HPOS="1283" VPOS="2671" WIDTH="124" HEIGHT="57" STYLEREFS="StyleId-1" CONTENT="went" WC="0.8475" CC="0060" />
            <SP ID="P209_SP00302" WIDTH="0" HPOS="0" VPOS="0" />
            <String ID="P209_S00338" HPOS="1431" VPOS="2672" WIDTH="57" HEIGHT="56" STYLEREFS="StyleId-1" CONTENT="to" WC="0.8" CC="04" />
            <SP ID="P209_SP00303" WIDTH="0" HPOS="0" VPOS="0" />
            <String ID="P209_S00339" HPOS="1521" VPOS="2673" WIDTH="119" HEIGHT="55" STYLEREFS="StyleId-1" CONTENT="their" WC="0.674" CC="36005" />
            <SP ID="P209_SP00304" WIDTH="0" HPOS="0" VPOS="0" />
            <String ID="P209_S00340" HPOS="1674" VPOS="2687" WIDTH="178" HEIGHT="42" STYLEREFS="StyleId-1" CONTENT="succor," WC="0.605714262" CC="6700264" />
          </TextLine>
          <TextLine ID="P209_TL00037" HPOS="337" VPOS="2738" WIDTH="1520" HEIGHT="58">
            <String ID="P209_S00341" HPOS="337" VPOS="2739" WIDTH="226" HEIGHT="53" STYLEREFS="StyleId-1" CONTENT="reaching" WC="0.72" CC="80000760" />
            <SP ID="P209_SP00305" WIDTH="0" HPOS="0" VPOS="0" />
            <String ID="P209_S00342" HPOS="579" VPOS="2737" WIDTH="130" HEIGHT="55" STYLEREFS="StyleId-1" CONTENT="them" WC="0.9175" CC="3000" />
            <SP ID="P209_SP00306" WIDTH="0" HPOS="0" VPOS="0" />
            <String ID="P209_S00343" HPOS="721" VPOS="2736" WIDTH="103" HEIGHT="56" STYLEREFS="StyleId-1" CONTENT="just" WC="0.5425" CC="5750" />
            <SP ID="P209_SP00307" WIDTH="0" HPOS="0" VPOS="0" />
            <String ID="P209_S00344" HPOS="842" VPOS="2748" WIDTH="56" HEIGHT="44" STYLEREFS="StyleId-1" CONTENT="as" WC="0.64" CC="07" />
            <SP ID="P209_SP00308" WIDTH="0" HPOS="0" VPOS="0" />
            <String ID="P209_S00345" HPOS="924" VPOS="2748" WIDTH="33" HEIGHT="44" STYLEREFS="StyleId-1" CONTENT="a" WC="1" CC="0" />
            <SP ID="P209_SP00309" WIDTH="0" HPOS="0" VPOS="0" />
            <String ID="P209_S00346" HPOS="981" VPOS="2747" WIDTH="238" HEIGHT="45" STYLEREFS="StyleId-1" CONTENT="company" WC="0.468571424" CC="21079710" />
            <SP ID="P209_SP00310" WIDTH="0" HPOS="0" VPOS="0" />
            <String ID="P209_S00347" HPOS="1244" VPOS="2735" WIDTH="55" HEIGHT="57" STYLEREFS="StyleId-1" CONTENT="of" WC="0.69" CC="60" />
            <SP ID="P209_SP00311" WIDTH="0" HPOS="0" VPOS="0" />
            <String ID="P209_S00348" HPOS="1316" VPOS="2735" WIDTH="84" HEIGHT="57" STYLEREFS="StyleId-1" CONTENT="the" WC="0.85" CC="040" />
            <SP ID="P209_SP00312" WIDTH="0" HPOS="0" VPOS="0" />
            <String ID="P209_S00349" HPOS="1423" VPOS="2739" WIDTH="207" HEIGHT="53" STYLEREFS="StyleId-1" CONTENT="enemy's" WC="0.7114286" CC="0710036" />
            <SP ID="P209_SP00313" WIDTH="0" HPOS="0" VPOS="0" />
            <String ID="P209_S00350" HPOS="1657" VPOS="2742" WIDTH="200" HEIGHT="54" STYLEREFS="StyleId-1" CONTENT="cavalry" WC="0.407142848" CC="09010777" />
          </TextLine>
          <TextLine ID="P209_TL00038" HPOS="339" VPOS="2802" WIDTH="1515" HEIGHT="49">
            <String ID="P209_S00351" HPOS="339" VPOS="2805" WIDTH="141" HEIGHT="42" STYLEREFS="StyleId-1" CONTENT="made" WC="1" CC="0000" />
            <SP ID="P209_SP00314" WIDTH="0" HPOS="0" VPOS="0" />
            <String ID="P209_S00352" HPOS="506" VPOS="2816" WIDTH="31" HEIGHT="31" STYLEREFS="StyleId-1" CONTENT="a" WC="1" CC="0" />
            <SP ID="P209_SP00315" WIDTH="0" HPOS="0" VPOS="0" />
            <String ID="P209_S00353" HPOS="563" VPOS="2802" WIDTH="183" HEIGHT="52" STYLEREFS="StyleId-1" CONTENT="charge." WC="0.6757143" CC="1097004" />
            <SP ID="P209_SP00316" WIDTH="0" HPOS="0" VPOS="0" />
            <String ID="P209_S00354" HPOS="800" VPOS="2800" WIDTH="97" HEIGHT="54" STYLEREFS="StyleId-1" CONTENT="The" WC="1" CC="000" />
            <SP ID="P209_SP00317" WIDTH="0" HPOS="0" VPOS="0" />
            <String ID="P209_S00355" HPOS="922" VPOS="2799" WIDTH="168" HEIGHT="55" STYLEREFS="StyleId-1" CONTENT="Major," WC="0.836666644" CC="001060" />
            <SP ID="P209_SP00318" WIDTH="0" HPOS="0" VPOS="0" />
            <String ID="P209_S00356" HPOS="1119" VPOS="2800" WIDTH="189" HEIGHT="54" STYLEREFS="StyleId-1" CONTENT="placing" WC="0.85" CC="0500050" />
            <SP ID="P209_SP00319" WIDTH="0" HPOS="0" VPOS="0" />
            <String ID="P209_S00357" HPOS="1332" VPOS="2800" WIDTH="188" HEIGHT="54" STYLEREFS="StyleId-1" CONTENT="himself" WC="0.7228571" CC="0386001" />
            <SP ID="P209_SP00320" WIDTH="0" HPOS="0" VPOS="0" />
            <String ID="P209_S00358" HPOS="1541" VPOS="2806" WIDTH="55" HEIGHT="48" STYLEREFS="StyleId-1" CONTENT="at" WC="1" CC="00" />
            <SP ID="P209_SP00321" WIDTH="0" HPOS="0" VPOS="0" />
            <String ID="P209_S00359" HPOS="1621" VPOS="2805" WIDTH="84" HEIGHT="49" STYLEREFS="StyleId-1" CONTENT="the" WC="1" CC="000" />
            <SP ID="P209_SP00322" WIDTH="0" HPOS="0" VPOS="0" />
            <String ID="P209_S00360" HPOS="1730" VPOS="2807" WIDTH="124" HEIGHT="47" STYLEREFS="StyleId-1" CONTENT="head" WC="0.6325" CC="0077" />
          </TextLine>
          <TextLine ID="P209_TL00039" HPOS="340" VPOS="2867" WIDTH="1516" HEIGHT="61">
            <String ID="P209_S00361" HPOS="340" VPOS="2871" WIDTH="55" HEIGHT="41" STYLEREFS="StyleId-1" CONTENT="of" WC="0.785" CC="40" />
            <SP ID="P209_SP00323" WIDTH="0" HPOS="0" VPOS="0" />
            <String ID="P209_S00362" HPOS="421" VPOS="2870" WIDTH="83" HEIGHT="42" STYLEREFS="StyleId-1" CONTENT="the" WC="1" CC="000" />
            <SP ID="P209_SP00324" WIDTH="0" HPOS="0" VPOS="0" />
            <String ID="P209_S00363" HPOS="533" VPOS="2865" WIDTH="330" HEIGHT="54" STYLEREFS="StyleId-1" CONTENT="hard-pressed" WC="0.6691667" CC="475000705620" />
            <SP ID="P209_SP00325" WIDTH="0" HPOS="0" VPOS="0" />
            <String ID="P209_S00364" HPOS="898" VPOS="2878" WIDTH="120" HEIGHT="41" STYLEREFS="StyleId-1" CONTENT="men," WC="0.9225" CC="0020" />
            <SP ID="P209_SP00326" WIDTH="0" HPOS="0" VPOS="0" />
            <String ID="P209_S00365" HPOS="1046" VPOS="2867" WIDTH="89" HEIGHT="52" STYLEREFS="StyleId-1" CONTENT="not" WC="0.6766667" CC="540" />
            <SP ID="P209_SP00327" WIDTH="0" HPOS="0" VPOS="0" />
            <String ID="P209_S00366" HPOS="1170" VPOS="2866" WIDTH="113" HEIGHT="53" STYLEREFS="StyleId-1" CONTENT="only" WC="0.7525" CC="3060" />
            <SP ID="P209_SP00328" WIDTH="0" HPOS="0" VPOS="0" />
            <String ID="P209_S00367" HPOS="1308" VPOS="2867" WIDTH="213" HEIGHT="53" STYLEREFS="StyleId-1" CONTENT="repulsed" WC="0.7025" CC="70073600" />
            <SP ID="P209_SP00329" WIDTH="0" HPOS="0" VPOS="0" />
            <String ID="P209_S00368" HPOS="1547" VPOS="2869" WIDTH="84" HEIGHT="51" STYLEREFS="StyleId-1" CONTENT="the" WC="1" CC="000" />
            <SP ID="P209_SP00330" WIDTH="0" HPOS="0" VPOS="0" />
            <String ID="P209_S00369" HPOS="1656" VPOS="2873" WIDTH="200" HEIGHT="55" STYLEREFS="StyleId-1" CONTENT="cavalry" WC="0.758571446" CC="30010030" />
          </TextLine>
          <TextLine ID="P209_TL00040" HPOS="338" VPOS="2933" WIDTH="1519" HEIGHT="54">
            <String ID="P209_S00370" HPOS="338" VPOS="2935" WIDTH="100" HEIGHT="43" STYLEREFS="StyleId-1" CONTENT="and" WC="0.5733333" CC="660" />
            <SP ID="P209_SP00331" WIDTH="0" HPOS="0" VPOS="0" />
            <String ID="P209_S00371" HPOS="463" VPOS="2932" WIDTH="187" HEIGHT="46" STYLEREFS="StyleId-1" CONTENT="rescued" WC="0.5285714" CC="60537010" />
            <SP ID="P209_SP00332" WIDTH="0" HPOS="0" VPOS="0" />
            <String ID="P209_S00372" HPOS="676" VPOS="2932" WIDTH="84" HEIGHT="46" STYLEREFS="StyleId-1" CONTENT="the" WC="0.75" CC="070" />
            <SP ID="P209_SP00333" WIDTH="0" HPOS="0" VPOS="0" />
            <String ID="P209_S00373" HPOS="783" VPOS="2930" WIDTH="169" HEIGHT="54" STYLEREFS="StyleId-1" CONTENT="squad," WC="0.5783333" CC="607281" />
            <SP ID="P209_SP00334" WIDTH="0" HPOS="0" VPOS="0" />
            <String ID="P209_S00374" HPOS="980" VPOS="2930" WIDTH="91" HEIGHT="54" STYLEREFS="StyleId-1" CONTENT="but" WC="0.2" CC="679" />
            <SP ID="P209_SP00335" WIDTH="0" HPOS="0" VPOS="0" />
            <String ID="P209_S00375" HPOS="1095" VPOS="2931" WIDTH="226" HEIGHT="53" STYLEREFS="StyleId-1" CONTENT="captured" WC="0.56625" CC="001007628" />
            <SP ID="P209_SP00336" WIDTH="0" HPOS="0" VPOS="0" />
            <String ID="P209_S00376" HPOS="1348" VPOS="2931" WIDTH="84" HEIGHT="53" STYLEREFS="StyleId-1" CONTENT="the" WC="0.8066667" CC="500" />
            <SP ID="P209_SP00337" WIDTH="0" HPOS="0" VPOS="0" />
            <String ID="P209_S00377" HPOS="1455" VPOS="2935" WIDTH="207" HEIGHT="53" STYLEREFS="StyleId-1" CONTENT="enemy's" WC="0.758571446" CC="01000006" />
            <SP ID="P209_SP00338" WIDTH="0" HPOS="0" VPOS="0" />
            <String ID="P209_S00378" HPOS="1688" VPOS="2938" WIDTH="169" HEIGHT="50" STYLEREFS="StyleId-1" CONTENT="stand-" WC="0.31" CC="789654" />
          </TextLine>
        </TextBlock>
      </PrintSpace>
    </Page>
  </Layout>
</alto>