2210 3307
372 313 64 42 46

678 317 223 45 History
927 332 64 31 of
1018 332 96 32 the
1140 322 166 42 Black
1331 320 253 45 Phalanx.

373 446 171 44 should
562 448 57 43 be
638 450 209 43 averted.
901 450 132 43 "With
1050 451 98 42 this
1173 450 51 43 in
1248 448 116 45 view
1389 448 59 45 he
1471 448 151 45 wrote
1638 448 58 45 to
1715 444 185 55 Joseph

371 510 123 45 Reed
519 514 50 41 in
595 513 261 56 December,
877 516 194 55 saying:

453 600 69 34 "If
549 602 66 34 the
642 602 218 44 Virginians
888 616 66 30 are
988 606 96 41 wise,
1113 605 94 42 that
1242 602 250 45 arch-traitor
1519 603 45 44 to
1599 601 68 46 the
1700 599 126 48 rights
1861 596 44 51 of

369 653 216 45 humanity,
609 656 105 42 Lord
741 658 202 44 Dunmorc,
968 658 138 44 should
1127 659 46 43 be
1194 658 192 44 instantly
1407 656 169 46 crushed,
1599 655 33 47 if
1647 655 34 47 it
1700 654 114 48 takes
1834 653 69 49 the

369 708 120 35 whole
504 720 111 32 army
628 714 45 38 to
690 713 49 39 do
755 713 50 43 it;
830 714 208 42 otherwise,
1054 714 73 42 like
1149 723 25 33 a
1195 712 186 44 snowball
1401 711 39 45 in
1460 710 150 46 rolling,
1627 709 60 47 his
1703 718 111 38 army
1830 707 73 49 will

367 765 69 40 get
450 765 81 42 size,
550 775 105 32 some
668 767 172 42 through
855 768 90 42 fear,
962 778 105 32 some
1087 766 173 44 through
1287 765 196 45 promises,
1501 764 79 46 and
1601 773 108 37 some
1728 762 174 48 through

368 817 237 45 inclination,
624 821 152 43 joining
788 822 60 42 his
869 821 209 43 standard;
1101 820 74 44 but
1202 820 93 44 that
1321 819 120 45 which
1469 819 153 45 renders
1643 818 66 46 the
1729 827 174 37 measure

367 871 280 44 indispensable
661 875 33 40 is
708 876 67 39 the
789 886 176 32 negroes;
981 876 70 42 for,
1068 875 31 43 if
1115 875 46 43 he
1181 876 86 42 gets
1288 873 237 45 formidable,
1542 873 180 45 numbers
1737 872 44 46 of
1795 874 107 44 them

367 926 74 36 will
454 928 46 34 be
514 930 173 42 tempted
702 932 44 40 to
764 929 95 44 join,
877 930 83 43 who
976 929 73 44 will
1062 929 47 44 be
1124 928 124 45 afraid
1261 930 46 43 to
1324 928 50 45 do
1389 928 34 45 it
1436 928 204 45 without."

466 1015 453 56 Notwithstanding
951 1016 114 55 this,
1092 1016 85 55 the
1203 1014 240 57 Southern
1470 1014 165 57 States
1662 1016 98 55 still
1785 1016 116 57 kept

364 1080 85 43 the
482 1094 148 42 negro
661 1085 90 51 out
779 1082 54 54 of
853 1083 82 53 the
963 1093 152 43 army.
1169 1081 49 55 It
1244 1093 99 43 was
1369 1083 92 53 not
1487 1082 125 54 until
1638 1082 163 54 affairs
1826 1084 75 52 be¬

366 1158 132 30 came
535 1147 292 56 alarmingly
856 1148 285 55 dangerous,
1171 1147 97 56 and
1296 1160 32 43 a
1354 1147 82 56 few
1462 1148 148 55 weeks
1636 1149 156 54 before
1817 1151 83 52 the

366 1211 239 54 adoption
634 1213 54 52 of
724 1213 85 52 the
835 1212 307 53 Declaration
1178 1213 54 52 of
1251 1212 363 57 Independence,
1658 1215 117 54 that
1815 1217 85 52 the

365 1277 182 53 subject
567 1278 54 52 of
643 1278 191 54 arming
851 1278 83 54 the
952 1278 156 54 slaves
1126 1291 133 41 came
1277 1280 148 55 again
1442 1281 157 54 before
1615 1282 83 53 the
1718 1285 177 54 peoplef

466 1342 57 41 In
557 1342 131 55 May,
711 1343 145 54 1777,
876 1344 84 53 the
995 1342 198 55 General
1226 1346 249 56 Assembly
1512 1348 54 54 of
1594 1347 302 55 Connecticut

364 1409 275 53 postponed
682 1408 51 54 in
769 1421 91 41 one
884 1409 151 53 house
1070 1411 96 51 and
1201 1412 198 55 rejected
1434 1414 51 53 in
1516 1414 84 53 the
1635 1416 138 51 other
1813 1418 83 49 the

363 1476 168 52 report
550 1474 53 54 of
626 1487 32 41 a
684 1475 276 53 committee
981 1477 153 51 "that
1159 1478 83 50 the
1267 1479 208 49 effective
1500 1494 146 42 negro
1676 1482 95 54 and
1797 1496 98 40 mu¬

362 1538 133 44 latto
516 1540 158 42 slaves
692 1541 58 41 be
769 1541 196 43 allowed
992 1544 56 41 to
1076 1544 140 42 enlist
1233 1545 116 46 with
1366 1547 84 44 the
1467 1546 304 45 Continental
1788 1549 105 43 bat-

361 1605 202 43 tallions
599 1619 109 32 now
743 1607 183 57 raising
959 1609 49 55 in
1042 1610 99 54 this
1177 1610 186 54 State."
1416 1612 98 52 But
1557 1615 148 49 under
1739 1628 32 36 a
1802 1616 90 48 law

363 1673 174 53 passed
566 1675 57 51 at
648 1673 84 53 the
759 1686 133 40 same
926 1676 181 50 session
1128 1678 180 48 "white
1343 1679 96 47 and
1474 1680 153 54 black,
1647 1681 129 53 bond
1795 1683 96 51 and

359 1738 108 53 free,
487 1739 66 52 if'
566 1740 108 51 able
691 1740 206 54 bodied,'
917 1745 123 49 went
1060 1756 63 38 on
1140 1744 84 50 the
1241 1745 91 49 roll
1349 1747 236 55 together,
1599 1749 217 54 accepted
1836 1762 56 41 as

362 1805 84 44 the
480 1807 402 54 representatives
918 1809 54 52 of
1000 1809 398 56 their'class,'or
1433 1826 55 39 as
1515 1815 284 50 substitutes
1818 1816 73 49 for

361 1871 127 44 their
514 1873 315 56 employers."
881 1875 68 54 At
981 1877 84 52 the
1099 1880 115 49 next
1249 1879 181 50 session
1453 1879 238 55 (October,
1721 1881 165 60 1777),

360 1939 85 44 the
462 1939 91 44 law
572 1953 99 30 was
690 1954 56 30 so
775 1943 229 42 amended
1033 1956 55 30 as
1113 1946 57 40 to
1199 1945 247 44 authorize
1470 1947 83 42 the
1579 1948 245 43 selectmen
1842 1949 54 43 of

362 2019 100 43 any
494 2008 147 54 town,
665 2021 64 41 on
762 2008 84 54 the
882 2009 296 55 application
1205 2011 55 53 of
1278 2012 83 52 the
1395 2015 371 49 master.—after
1802 2016 87 48 'in¬

361 2073 141 56 quiry
518 2074 108 55 into
644 2075 85 54 the
747 2088 102 42 age,
872 2076 218 54 abilities,
1112 2077 375 54 circumstances,
1509 2080 95 51 and
1624 2080 262 51 character'

359 2140 56 42 of
435 2140 83 42 the
544 2142 199 41 servant
771 2154 56 31 or
853 2142 144 51 slave,
1020 2141 96 52 and
1143 2140 141 57 being
1308 2143 212 54 satislied
1551 2145 135 52 'that
1712 2146 40 51 it
1785 2160 100 37 was

356 2206 144 55 likely
516 2209 57 52 to
593 2207 57 54 be
677 2207 264 54 consistent
966 2208 115 53 with
1107 2208 73 53 his
1206 2208 99 53 real
1331 2209 290 54 advantage,
1643 2211 96 52 and
1766 2213 117 50 that

355 2272 59 44 he
432 2273 157 43 would
608 2273 57 43 be
684 2273 106 43 able
810 2275 53 41 to
883 2275 204 52 support
1105 2273 318 54 himself,'—to
1449 2276 149 51 grant
1616 2274 173 58 liberty
1805 2279 77 53 for

354 2338 75 42 his
456 2338 370 54 emancipation,
849 2339 96 53 and
971 2341 56 51 to
1055 2338 245 54 discharge
1316 2339 83 53 the
1416 2340 179 52 master
1624 2339 136 53 'from
1779 2356 100 44 any

353 2404 175 54 charge
548 2416 56 42 or
630 2406 107 52 cost
762 2404 148 54 which
936 2416 116 42 may
1077 2404 56 54 be
1160 2403 275 55 occasioned
1462 2403 64 55 by
1552 2404 326 62 maintaining

353 2483 58 28 or
437 2469 290 55 supporting
752 2469 82 55 the
860 2470 196 54 servant
1083 2480 56 44 or
1173 2468 130 56 slave
1336 2466 139 58 made
1509 2467 90 57 free
1633 2482 55 42 as
1725 2472 149 52 afore¬

351 2534 138 43 said.'
542 2533 86 44 Mr.
650 2533 46 44 J.
725 2532 62 45 H.
818 2533 258 51 Trumbull,
1107 2532 53 52 of
1180 2531 313 53 Connecticut,
1521 2532 50 52 in
1595 2534 169 60 giving
1787 2541 86 53 the

347 2599 253 54 foregoing
615 2598 137 55 facts,
775 2597 121 56 adds
909 2611 10 42 :

430 2685 103 33 "The
547 2685 105 33 slave
669 2684 63 41 (or
745 2685 158 40 servant
915 2683 60 42 for
988 2684 98 41 term
1101 2683 44 42 of
1157 2682 127 43 years)
1303 2682 123 43 might
1446 2683 138 42 receive
1605 2685 59 40 his
1685 2688 179 51 freedom;

343 2739 69 34 the
426 2741 144 32 master
591 2738 125 41 might
736 2737 139 42 receive
901 2737 217 42 exemption
1144 2736 98 43 from
1270 2735 113 44 draft,
1407 2736 77 43 and
1506 2747 26 32 a
1552 2739 199 48 discharge
1764 2747 101 40 from

340 2793 130 33 future
490 2791 201 41 liabilities,
715 2793 45 39 to
782 2790 116 42 which
920 2790 45 42 he
992 2792 104 40 must
1124 2789 194 43 otherwise
1339 2789 98 43 have
1456 2790 92 42 been
1571 2795 202 43 subjected.
1817 2804 46 36 In

341 2846 115 42 point
477 2845 44 43 of
535 2845 89 43 fact,
655 2853 104 35 some
779 2843 190 45 hundreds
991 2843 44 45 of
1050 2843 305 45 blacks,—slaves
1377 2844 77 44 and
1474 2845 307 48 freemen,—were
1801 2868 62 25 en¬

339 2899 125 41 listed,
487 2900 97 40 from
606 2897 92 43 time
718 2899 44 41 to
783 2897 103 43 time,
902 2896 38 44 in
961 2896 66 44 the
1046 2896 202 44 regiments
1270 2896 44 44 of
1334 2896 112 44 State
1465 2900 140 45 troops
1626 2908 79 37 and
1726 2909 46 36 of
1792 2913 69 35 the

340 2952 244 35 Connecticut
598 2949 110 38 line."
