2200 3300
350 309 100 42 492

651 308 221 42 History
899 320 63 30 of
989 320 96 30 the
1112 307 164 43 Black
1300 305 253 45 Phalanx.

351 442 102 42 fight
472 441 61 43 for
545 439 104 45 you.'
691 439 86 45 You
792 441 105 43 must
916 439 112 45 make
1041 449 51 35 up
1113 447 100 37 your
1232 436 124 48 minds
1376 436 45 48 to
1444 435 66 49 try
1529 431 80 53 this
1625 440 45 44 or
1683 438 59 46 see
1755 438 98 46 your

350 507 115 32 army
479 496 224 43 withdrawn
723 495 101 44 from
844 493 125 46 before
982 504 99 35 your
1101 495 116 44 town.
1259 491 19 48 I
1298 491 112 48 know
1424 489 74 50 not
1512 486 118 53 where
1644 484 111 55 white
1769 495 82 44 men

349 562 77 24 can
439 551 47 35 be
499 550 155 36 found."

452 627 88 45 Mr.
568 626 289 55 Benjamin's
884 625 163 56 speech
1074 622 187 59 created
1288 634 64 47 an
1376 620 183 61 intense
1576 617 275 64 excitement

352 707 185 42 among
560 694 83 55 the
660 691 352 58 slave-holders.
1066 689 98 60 The
1181 686 236 63 situation
1444 684 179 65 seemed
1648 685 57 64 to
1731 682 120 67 have

352 760 249 43 narrowed
618 759 129 44 itself
761 758 139 45 down
917 759 56 44 to
986 768 31 35 a
1034 752 319 57 disagreeable
1371 749 298 60 alternative.
1722 748 129 61 They

353 828 133 40 must
528 825 148 43 either
717 824 123 55 fight
883 821 280 58 themselves
1199 832 55 47 or
1296 819 65 60 let
1402 817 82 62 the
1518 816 153 63 slaves
1714 815 133 64 fight.

355 891 254 43 Doubtless
628 903 147 42 many
794 888 154 57 would
975 887 123 58 have
1118 884 225 61 preferred
1370 881 285 64 submission
1671 882 56 63 to
1746 880 103 65 Lin¬

352 958 124 52 coln,
496 958 89 52 but
610 957 116 53 then
742 957 115 53 they
876 954 137 56 could
1041 956 89 54 not
1148 964 114 46 save
1278 950 123 60 their
1419 949 167 61 slaves.
1640 947 209 63 Immedi¬

356 1024 131 54 ately
503 1023 240 55 following
768 1022 86 56 Mr.
884 1018 286 60 Benjamin's
1189 1016 162 62 speech
1370 1028 63 50 on
1450 1015 82 63 the
1559 1013 133 65 11th,
1713 1025 32 53 a
1769 1013 79 65 bill

356 1102 98 29 was
471 1089 279 42 introduced
767 1088 105 43 into
890 1088 83 43 the
991 1086 164 45 House
1165 1084 53 47 of
1238 1080 407 57 Representatives
1656 1080 192 57 author¬

354 1156 127 54 izing
496 1155 83 55 the
596 1154 270 56 enlistment
884 1151 49 59 of
949 1152 212 58 200,000
1180 1150 168 60 slaves,
1361 1148 114 62 with
1491 1147 82 63 the
1590 1149 193 61 consent
1801 1145 52 65 of

353 1219 127 44 their
516 1233 191 30 owners.
761 1220 64 43 As
852 1232 31 31 a
915 1221 98 42 test
1050 1219 53 44 of
1130 1219 65 44 its
1230 1217 218 55 strength
1476 1229 29 43 a
1540 1216 185 56 motion
1750 1228 96 44 was

356 1287 141 42 made
523 1287 72 42 for
620 1286 83 43 the
728 1286 220 54 rejection
975 1285 53 55 of
1055 1285 98 55 this
1179 1284 94 56 bill,
1304 1283 95 57 and
1433 1282 82 58 the
1539 1284 112 56 vote
1677 1284 88 56 not
1790 1284 55 56 to

355 1353 141 54 reject
530 1352 40 55 it
604 1362 97 45 was
728 1364 130 43 more
890 1352 124 55 than
1047 1353 96 54 two
1178 1353 56 54 to
1262 1363 102 44 one.
1417 1349 146 58 There
1590 1361 93 46 was
1708 1360 138 47 every

353 1418 268 47 indication
653 1419 115 46 that
794 1418 82 47 the
909 1417 79 48 bill
1025 1417 151 48 would
1212 1429 126 42 pass.
1392 1415 48 56 It
1467 1428 94 43 was
1587 1414 129 57 while
1748 1413 97 58 this

358 1497 213 30 measure
588 1497 98 30 was
704 1484 147 43 under
869 1483 259 44 discussion
1145 1482 114 45 that
1278 1481 194 46 General
1499 1480 88 47 Lee
1604 1482 145 45 wrote
1765 1480 80 47 the

357 1551 140 41 letter
522 1549 147 43 which
692 1549 182 43 follows
899 1548 49 44 in
975 1561 178 31 answer
1178 1550 55 42 to
1261 1560 89 32 one
1376 1546 52 46 of
1456 1547 187 54 inquiry
1668 1546 119 55 from
1815 1558 30 43 a

356 1616 207 42 member
582 1615 52 43 of
653 1615 83 43 the
754 1614 184 44 House:

776 1697 365 40 "Head-quarters
1162 1699 285 38 Confederate
1469 1701 128 36 State
1619 1703 177 43 Armies,!

1251 1744 195 43 February
1461 1746 108 43 18th,
1586 1747 113 42 1865.
1781 1751 19 42 J

358 1799 25 17 "
392 1798 101 34 Hon.
509 1795 221 45 Barksdale,
748 1798 130 42 House
893 1797 43 43 of
951 1797 337 43 Representatives,
1305 1799 219 41 Richmond.

439 1854 20 16 "
470 1853 65 34 Sir
544 1864 8 23 :
595 1853 19 34 I
628 1854 98 33 have
740 1853 65 34 the
819 1853 125 34 honor
957 1855 44 32 to
1017 1853 261 43 acknowledge
1291 1854 65 42 the
1371 1856 136 42 receipt
1522 1856 149 43 ©fyour
1684 1858 110 41 letter
1808 1857 42 42 of

356 1908 67 34 the
445 1907 95 35 12th
561 1905 89 37 inst.
667 1908 91 34 with
780 1908 177 34 reference
976 1909 45 33 to
1036 1908 65 34 the
1115 1908 256 43 employment
1391 1910 44 41 of
1450 1921 155 33 negroes
1620 1922 45 32 as
1679 1913 164 41 soldiers.

357 1961 20 35 I
397 1962 112 34 think
528 1963 67 33 the
609 1972 171 24 measure
792 1964 73 32 not
879 1962 90 41 only
983 1962 197 42 expedient
1200 1963 73 41 but
1292 1974 207 33 necessary.
1542 1965 77 42 The
1632 1977 130 33 enemy
1776 1968 69 42 will

354 2017 186 41 certainly
556 2027 66 31 use
641 2017 104 41 them
761 2017 157 42 against
938 2026 45 33 us
1003 2017 32 42 if
1050 2017 46 42 he
1108 2027 71 32 can
1200 2020 66 40 get
1286 2019 215 41 possession
1516 2020 43 40 of
1574 2021 114 42 them,
1705 2022 76 41 and
1802 2033 44 30 as

357 2071 59 34 his
443 2074 152 39 present
615 2072 204 41 numerical
846 2070 228 44 superiority
1095 2072 70 42 will
1194 2073 131 41 enable
1345 2074 77 40 him
1443 2077 45 37 to
1516 2078 195 40 penetrate
1730 2088 116 32 many

354 2128 115 40 parts
484 2125 43 43 of
542 2126 66 42 the
621 2128 175 40 country,
819 2125 19 43 I
858 2136 72 32 can
944 2128 72 40 not
1030 2136 58 32 see
1102 2127 65 41 the
1180 2127 157 41 wisdom
1353 2128 42 40 of
1410 2129 65 39 the
1495 2130 124 43 policy
1634 2132 42 41 of
1691 2132 156 43 holding

353 2180 108 34 them
475 2182 45 32 to
535 2180 118 34 await
666 2179 58 35 his
739 2180 153 42 arrival,
911 2180 103 42 when
1029 2191 52 31 we
1095 2192 101 31 may,
1212 2182 52 42 by
1278 2183 131 42 timely
1423 2185 129 40 action
1567 2186 76 39 and
1660 2186 185 42 judicious

354 2237 283 39 management,
654 2245 65 31 use
733 2235 103 41 them
851 2237 46 39 to
912 2238 124 38 arrest
1056 2236 58 40 his
1129 2246 186 33 progress.
1358 2238 19 41 I
1391 2238 50 41 do
1455 2242 72 37 not
1540 2240 109 39 think
1671 2241 91 38 that
1776 2252 70 27 our

354 2289 116 33 white
489 2289 230 42 population
733 2297 70 34 can
819 2290 137 42 supply
969 2290 66 42 the
1049 2291 209 41 necessities
1273 2292 41 40 of
1332 2303 25 29 a
1370 2293 92 43 long
1475 2305 78 31 war
1567 2295 162 41 without
1744 2306 102 30 over¬

352 2343 144 42 taxing
508 2344 53 41 its
575 2343 187 43 capacity,
780 2344 77 42 and
877 2344 192 44 imposing
1082 2348 112 40 great
1207 2347 176 43 suffering
1396 2359 104 32 upon
1516 2360 70 31 our
1599 2351 147 43 people;
1769 2351 77 43 and

357 2397 20 34 I
402 2398 140 33 believe
562 2408 53 24 we
635 2396 137 36 should
798 2399 158 42 provide
976 2410 190 31 resources
1193 2401 59 40 for
1272 2412 25 29 a
1323 2404 223 41 protracted
1573 2406 179 43 struggle,
1775 2408 71 41 not

353 2452 142 41 merely
508 2452 61 41 for
581 2463 27 30 a
620 2452 125 41 battle
760 2463 44 30 or
819 2464 25 29 a
857 2454 214 43 campaign.

439 2506 70 34 "In
530 2517 143 24 answer
699 2510 45 31 to
764 2518 100 31 your
885 2510 137 39 second
1049 2510 176 42 question
1251 2511 20 41 I
1297 2522 72 30 can
1390 2513 90 42 only
1501 2524 72 32 say
1599 2515 102 43 that,
1723 2515 39 43 in
1782 2525 64 33 my

355 2561 171 43 opinion,
541 2561 119 43 under
680 2572 137 33 proper
831 2563 289 42 circumstances
1134 2566 64 39 the
1211 2576 158 33 negroes
1383 2567 71 42 will
1475 2569 111 40 make
1599 2570 157 39 efficient
1775 2570 70 39 sol¬

358 2616 109 34 diers.
509 2616 20 34 I
548 2616 111 34 think
669 2626 56 24 we
738 2617 111 34 could
865 2620 45 32 at
923 2619 99 34 least
1037 2619 49 34 do
1102 2630 44 23 as
1160 2621 77 33 well
1252 2621 90 34 with
1357 2622 103 34 them
1476 2633 43 24 as
1534 2624 65 34 the
1612 2634 141 33 enemy,
1770 2624 77 43 and

357 2671 47 33 he
418 2671 175 33 attaches
614 2673 112 41 great
745 2672 238 42 importance
1002 2675 45 39 to
1068 2674 99 40 their
1180 2676 219 38 assistance.
1441 2677 125 37 Under
1579 2679 104 42 good
1705 2680 142 41 officers

359 2725 78 34 and
450 2725 105 43 good
568 2725 249 43 instructions
831 2726 20 42 I
865 2727 50 41 do
929 2729 73 39 not
1015 2738 58 30 see
1082 2728 83 42 why
1179 2729 91 42 they
1278 2730 137 41 should
1429 2734 72 37 not
1513 2732 152 39 become
1678 2735 166 36 soldiers.

356 2780 107 41 They
482 2789 152 33 possess
648 2780 51 42 all
719 2780 66 42 the
804 2781 170 42 physical
996 2783 291 42 qualifications,
1304 2785 78 40 and
1402 2786 99 39 their
1520 2787 130 38 habits
1666 2788 43 37 of
1725 2789 120 36 obedi¬

357 2845 87 23 ence
457 2833 211 35 constitute
682 2845 25 23 a
720 2835 105 42 good
845 2835 249 42 formulation
1113 2837 60 40 for
1187 2838 199 43 discipline.
1429 2839 104 44 They
1547 2842 143 41 furnish
1706 2854 25 29 a
1744 2853 103 30 more

358 2888 212 44 promising
596 2889 176 43 material
799 2889 98 43 than
924 2900 117 32 many
1062 2891 135 41 armies
1226 2892 44 40 of
1290 2893 118 39 which
1429 2905 52 27 we
1501 2897 91 35 read
1619 2897 39 35 in
1685 2898 159 43 history,

356 2943 121 34 Vhich
498 2942 104 35 owed
622 2942 98 35 their
733 2943 183 42 efficiency
929 2945 45 40 to
990 2944 188 43 discipline
1192 2946 121 41 alone.
1355 2947 20 40 I
1394 2948 112 39 think
1526 2950 113 37 those
1650 2953 198 44 employed
