2200 3300
660 275 107 44 The
793 276 148 43 Army
969 288 63 31 of
1059 287 96 32 the
1182 274 348 45 Cumberland.

1761 271 95 42 303

334 406 88 37 fires
437 410 46 34 at
496 408 124 45 home,
637 410 92 43 they
743 410 146 43 burned
903 421 50 33 up
968 420 111 34 every
1100 409 97 45 stick
1216 409 67 45 the
1302 409 86 45 first
1408 407 121 47 night,
1544 409 46 45 to
1604 407 66 47 the
1685 408 173 46 quarter¬

336 463 182 35 master's
532 467 113 40 great
658 465 302 42 consternation.

421 517 89 36 "To
525 522 150 32 return:
720 519 57 36 On
797 521 67 34 the
884 520 176 43 morning
1082 520 42 43 of
1139 518 197 45 December
1356 518 108 45 15th,
1487 517 125 46 Major
1632 517 117 46 Lewis
1771 517 85 46 said

338 572 48 35 he
406 574 126 34 would
553 574 100 35 have
673 585 27 25 a
720 578 158 32 servant
899 576 111 42 bring
1029 585 60 33 me
1108 582 65 36 my
1193 574 206 44 breakfast,
1416 573 115 45 which
1547 583 77 35 was
1639 575 71 43 not
1724 572 130 46 ready,

339 627 184 45 however,
547 630 105 42 when
673 630 19 42 I
713 631 162 41 started.
919 630 77 42 The
1015 630 89 43 boy,
1128 630 90 43 with
1240 640 49 33 an
1310 639 66 34 eye
1395 631 45 42 to
1462 629 133 44 safety,
1612 628 170 45 followed
1798 638 59 35 me

341 683 86 35 afar
442 684 62 43 off,
521 695 46 32 so
581 685 60 42 far
654 685 93 42 that
761 686 46 41 he
821 686 91 42 only
926 685 156 43 reached
1096 696 69 32 me,
1181 685 19 43 I
1214 684 121 44 think,
1352 684 124 44 about
1489 686 76 42 two
1581 683 142 45 o'clock
1738 683 39 45 in
1790 683 67 45 the

342 739 216 35 afternoon.
602 739 79 36 But
701 740 19 35 1
740 741 119 42 really
880 740 138 43 believe
1037 741 66 42 the
1124 740 120 43 delay,
1267 739 194 44 improved
1482 739 65 44 the
1574 739 125 44 flavor
1726 738 44 45 of
1791 738 67 45 the

341 793 211 37 breakfast.

425 850 84 35 "As
530 860 99 25 soon
650 861 45 24 as
715 851 67 34 the
802 851 65 43 fog
880 851 116 43 lifted,
1013 851 65 43 the
1091 851 124 43 battle
1228 850 123 44 began
1366 850 37 44 in
1417 849 104 45 good
1535 851 160 43 earnest.
1739 849 119 45 Hood

342 905 174 35 mistook
544 916 65 32 my
630 907 151 41 assault
801 906 59 42 for
881 917 51 31 an
954 907 136 41 attack
1112 906 38 42 in
1170 906 98 42 force
1288 916 103 33 upon
1419 905 57 44 his
1503 904 105 47 right
1634 905 115 46 flank,
1780 905 77 46 and

344 960 219 44 weakening
584 961 58 43 his
663 961 66 43 left
749 961 38 43 in
810 962 111 42 order
941 964 44 40 to
1008 964 97 40 meet
1125 961 42 43 it,
1183 972 98 32 gave
1294 961 65 43 the
1373 961 155 43 coveted
1544 960 252 44 opportunity
1811 961 45 43 to

343 1015 184 44 Thomas,
545 1016 83 43 who
643 1017 197 43 improved
856 1016 31 44 it
907 1017 53 43 by
981 1016 183 44 assailing
1184 1015 149 45 Hood's
1346 1016 66 44 left
1425 1016 114 44 flank,
1556 1016 183 44 doubling
1746 1015 33 45 it
1792 1025 64 35 up,

345 1071 79 35 and
438 1072 206 43 capturing
658 1083 25 32 a
697 1073 105 42 large
816 1072 158 43 number
989 1072 43 43 of
1047 1072 199 43 prisoners.

427 1127 22 16 "
459 1127 104 34 Thus
577 1127 67 35 the
658 1128 85 34 first
758 1128 110 42 day's
883 1128 98 42 fight
1002 1137 97 33 wore
1120 1137 120 33 away.
1282 1126 40 44 It
1342 1126 77 44 had
1439 1126 91 44 been
1551 1126 58 44 for
1629 1136 45 34 us
1696 1137 25 33 a
1735 1136 125 34 severe

343 1180 75 36 but
431 1183 172 42 glorious
618 1183 89 42 day.
751 1183 98 42 Over
869 1183 106 42 three
994 1182 170 43 hundred
1186 1182 43 43 of
1245 1192 63 33 my
1328 1181 202 44 command
1551 1181 77 44 had
1649 1181 122 44 fallen,
1786 1181 73 44 but

344 1237 233 42 everywhere
592 1248 72 31 our
678 1244 110 37 army
804 1249 78 32 was
898 1238 207 43 successful.
1140 1234 156 47 Victory
1310 1236 156 45 perched
1481 1246 103 35 upon
1599 1246 71 35 our
1682 1236 175 45 banners.

346 1291 118 35 Hood
479 1292 77 34 had
571 1293 231 42 stubbornly
817 1293 167 42 resisted,
1001 1293 72 42 but
1093 1292 76 43 had
1192 1292 89 43 been
1303 1291 190 44 gallantly
1514 1291 130 44 driven
1657 1291 95 44 back
1769 1291 91 44 with

345 1357 126 24 severe
491 1347 90 35 loss.
625 1347 79 35 The
724 1348 66 35 left
810 1348 78 35 had
911 1348 98 35 done
1029 1348 51 35 its
1103 1347 107 42 duty.
1253 1346 156 43 General
1429 1346 207 43 Steadman
1657 1348 204 41 congratu¬

344 1402 106 35 lated
472 1412 57 32 us,
552 1403 139 42 saying
710 1403 59 42 his
791 1403 91 42 only
902 1403 79 42 fear
1002 1402 75 43 had
1101 1402 90 43 been
1211 1402 92 43 that
1323 1412 52 33 we
1395 1402 124 43 might
1539 1401 98 44 fight
1657 1403 71 42 too
1749 1401 109 44 hard.

346 1456 66 34 "We
440 1457 78 34 had
547 1458 99 33 done
673 1458 51 33 all
751 1457 46 34 he
825 1457 154 43 desired,
1009 1456 77 44 and
1114 1467 114 33 more.
1271 1456 156 44 Colored
1455 1456 156 44 soldiers
1639 1456 76 44 had
1744 1456 117 44 again

346 1511 140 44 fought
507 1512 78 43 side
606 1512 52 43 by
680 1512 78 43 side
779 1512 88 43 with
891 1512 111 43 white
1028 1514 154 41 troops;
1205 1512 90 43 they
1323 1512 79 43 had
1429 1511 163 44 mingled
1618 1511 178 44 together
1821 1511 40 44 in

347 1567 67 35 the
427 1567 156 42 charge;
599 1567 93 42 they
705 1567 79 42 had
798 1566 208 44 supported
1021 1567 90 43 each
1127 1566 126 44 other;
1270 1567 89 43 they
1374 1567 79 43 had
1469 1567 160 43 assisted
1645 1567 90 43 each
1751 1566 111 44 other

347 1622 99 34 from
467 1622 67 34 the
554 1622 85 34 field
662 1622 103 34 when
786 1622 193 42 wounded,
1003 1622 76 42 and
1099 1621 91 43 they
1211 1622 64 42 lay
1297 1621 78 43 side
1395 1622 51 42 by
1468 1621 78 43 side
1560 1621 38 43 in
1614 1621 127 43 death.
1783 1621 80 43 The

348 1676 199 35 survivors
568 1677 157 42 rejoiced
746 1677 177 42 together
944 1687 90 32 over
1055 1687 25 32 a
1100 1676 96 43 hard
1217 1676 137 43 fought
1368 1675 95 44 field,
1480 1687 82 32 won
1578 1677 52 42 by
1646 1687 26 32 a
1684 1687 178 32 common

348 1731 124 35 valor.
514 1731 59 35 All
595 1731 83 35 who
701 1731 194 35 witnessed
915 1731 99 35 their
1033 1731 174 43 conduct,
1229 1742 99 32 gave
1348 1731 102 43 them
1473 1732 111 42 equal
1606 1732 134 42 praise.
1783 1731 79 43 The

349 1786 78 42 day
448 1786 93 42 that
561 1796 52 32 we
634 1786 77 42 had
732 1786 136 43 longed
889 1789 43 40 to
955 1797 58 32 see
1032 1786 78 43 had
1130 1796 105 33 come
1256 1786 77 43 and
1353 1797 110 32 gone,
1487 1787 77 42 and
1585 1787 66 42 the
1672 1797 70 32 sun
1765 1789 97 40 went

349 1841 111 34 down
475 1851 105 33 upon
595 1852 24 32 a
633 1840 130 44 record
778 1842 44 42 of
829 1841 180 43 coolness,
1025 1841 174 43 bravery,
1215 1841 214 43 manliness,
1439 1852 113 32 never
1566 1844 44 40 to
1624 1842 47 42 be
1685 1841 174 43 unmade.

349 1896 31 35 A
396 1906 77 25 new
488 1896 158 42 chapter
666 1896 37 42 in
724 1896 66 42 the
810 1896 148 42 history
980 1896 44 42 of
1038 1896 137 42 liberty
1196 1896 77 42 had
1295 1896 91 42 been
1408 1897 160 41 written.
1611 1896 40 42 It
1671 1896 77 42 had
1771 1896 90 42 been

348 1951 132 34 shown
501 1951 102 42 that,
626 1951 198 42 marching
844 1950 116 43 under
980 1961 25 32 a
1025 1951 79 42 flag
1124 1951 43 42 of
1183 1951 173 43 freedom,
1381 1951 196 43 animated
1598 1951 52 43 by
1671 1962 25 32 a
1717 1951 85 43 love
1823 1950 44 44 of

348 2006 149 42 liberty,
514 2016 90 32 even
618 2006 66 42 the
698 2006 105 42 slave
816 2005 168 43 becomes
999 2016 26 32 a
1039 2016 90 32 man
1144 2006 77 42 and
1237 2017 24 31 a
1275 2007 102 41 hero.

431 2061 82 34 "At
528 2071 70 24 one
611 2061 92 34 time
718 2060 137 44 during
868 2061 65 43 the
948 2061 87 43 day,
1053 2061 103 43 while
1169 2061 66 43 the
1255 2062 125 42 battle
1399 2072 79 32 was
1498 2062 39 42 in
1558 2072 188 33 progress,
1763 2061 19 44 I
1797 2063 65 42 sat

348 2116 38 34 in
409 2126 50 24 an
480 2116 163 43 exposed
670 2117 105 42 place
804 2126 49 33 on
882 2127 26 32 a
935 2116 97 43 piece
1060 2116 43 43 of
1124 2116 150 43 ground
1303 2116 150 43 sloping
1480 2117 111 42 down
1619 2117 149 42 toward
1796 2117 66 42 the

347 2181 142 32 enemy,
507 2171 76 42 and
597 2171 112 43 being
723 2171 64 43 the
804 2171 89 43 only
908 2171 202 43 horseman
1126 2181 50 33 on
1198 2171 91 43 that
1309 2174 91 40 part
1420 2171 45 43 of
1478 2172 66 42 the
1565 2166 95 48 field,
1684 2182 97 32 soon
1802 2172 60 42 be¬

347 2236 106 24 came
475 2236 25 24 a
519 2228 131 41 target
663 2226 59 43 for
742 2226 67 43 the
829 2226 99 43 balls
949 2226 91 43 that
1067 2225 169 44 whistled
1265 2226 76 43 and
1369 2236 97 33 sang
1492 2227 99 42 their
1618 2227 246 43 threatening

348 2291 118 33 songs
494 2291 43 33 as
558 2281 91 43 they
669 2281 152 43 hurried
841 2281 64 43 by.
948 2281 52 43 At
1019 2280 132 44 length
1173 2290 25 34 a
1218 2280 91 44 shot
1330 2281 123 43 aimed
1481 2283 45 41 at
1552 2292 60 32 me
1640 2282 130 42 struck
1798 2293 65 31 my

348 2336 111 34 horse
473 2336 37 34 in
525 2336 65 35 the
604 2336 89 43 face,
711 2336 83 43 just
816 2336 125 43 above
961 2336 66 43 the
1046 2334 148 45 nostril,
1218 2334 77 45 and
1315 2336 158 43 passing
1493 2346 51 33 up
1567 2337 118 42 under
1699 2337 65 42 the
1779 2337 84 42 skin

346 2392 170 42 emerged
532 2402 91 32 near
636 2392 66 42 the
715 2402 77 32 eye,
809 2391 119 43 doing
941 2390 65 44 the
1020 2390 112 44 horse
1147 2389 89 45 only
1257 2391 221 43 temporary
1494 2391 122 43 harm,
1633 2392 77 42 and
1726 2391 138 43 letting

346 2457 59 24 me
420 2447 55 34 off
491 2447 181 42 scot-free,
689 2447 112 42 much
816 2449 44 40 to
876 2456 65 33 my
956 2444 252 45 satisfaction,
1226 2454 43 35 as
1284 2454 91 35 may
1390 2444 45 45 be
1455 2446 201 43 supposed.
1700 2446 163 43 Captain

346 2501 134 44 Baker,
504 2502 106 43 lying
631 2512 51 33 on
702 2501 67 44 the
789 2500 152 45 ground
962 2510 91 35 near
1073 2499 63 46 by,
1152 2497 118 48 heard
1296 2499 67 46 the
1389 2499 97 46 thud
1516 2501 43 44 of
1573 2501 66 44 the
1666 2501 79 44 ball
1766 2512 44 33 as
1832 2502 32 43 it

343 2558 132 35 struck
490 2558 67 35 the
570 2558 123 42 horse,
711 2557 78 43 and
804 2556 125 44 seeing
942 2565 60 35 me
1016 2554 181 46 suddenly
1214 2553 205 47 dismount,
1436 2555 96 45 cried
1555 2559 81 41 out,
1662 2557 83 43 'the
1759 2556 105 44 Colo¬

343 2613 58 35 nel
423 2613 32 35 is
476 2612 118 44 shot,'
611 2612 78 44 and
710 2621 146 35 sprang
876 2613 44 43 to
943 2619 65 37 my
1029 2605 89 51 side,
1134 2608 88 48 glad
1245 2609 150 47 enough
1416 2611 44 45 to
1482 2610 78 46 find
1580 2611 93 45 that
1686 2612 67 44 the
1765 2622 100 34 poor

342 2668 146 35 horse's
502 2668 81 35 face
597 2667 79 36 had
691 2667 91 36 been
797 2676 26 27 a
837 2665 118 38 shield
969 2668 44 35 to
1029 2673 92 30 save
1134 2672 64 32 my
1213 2662 69 42 life.
1324 2663 19 41 I
1357 2674 78 30 was
1456 2675 111 32 sorry
1587 2666 93 41 that
1699 2666 67 41 the
1786 2666 79 41 ani¬

343 2724 80 34 mal
436 2723 112 35 could
562 2725 74 33 not
650 2721 218 44 appreciate
882 2720 66 45 the
962 2717 198 48 gratitude
1173 2717 18 48 I
1206 2717 65 48 felt
1284 2720 45 45 to
1344 2717 33 48 it
1390 2719 59 46 for
1463 2730 64 35 my
1542 2720 241 45 deliverance.

426 2779 21 17 "
457 2779 147 42 During
623 2778 93 43 that
736 2776 113 45 night
871 2774 117 47 Hood
1008 2772 192 49 withdrew
1219 2773 59 48 his
1300 2784 109 37 army
1430 2785 105 36 some
1555 2778 77 43 two
1654 2777 115 44 miles,
1787 2777 79 44 and

342 2833 100 36 took
464 2844 51 33 up
538 2844 25 33 a
584 2843 78 34 new
684 2832 73 45 line
778 2832 119 45 along
916 2830 66 47 the
1002 2830 99 47 crest
1122 2828 44 49 of
1181 2838 104 39 some
1299 2829 71 48 low
1385 2830 94 47 hills,
1496 2831 117 46 which
1628 2832 46 45 he
1688 2833 177 44 strongly

343 2888 166 34 fortified
523 2888 92 34 with
630 2897 107 25 some
750 2884 231 45 improvised
995 2884 133 45 breast
1142 2884 124 45 works
1280 2884 76 45 and
1373 2885 140 44 abatis.
1557 2885 105 44 Soon
1683 2887 97 42 after
1795 2898 72 31 our

341 2944 108 43 early
464 2943 210 44 breakfast,
691 2953 52 34 we
758 2940 137 47 moved
910 2938 165 49 forward
1090 2948 91 39 over
1194 2938 66 49 the
1274 2938 236 49 intervening
1524 2951 122 36 space.
1689 2940 64 47 My
1767 2942 101 45 posi-

664 2996 50 35 15
