2200 3300
885 296 106 42 The
1020 295 122 43 War
1169 307 64 31 of
1261 296 143 42 1775.

371 427 93 43 ties
484 428 54 42 of
559 426 251 58 Saratoga
829 429 97 55 and
945 428 268 56 Stillwater,
1237 429 96 55 and
1359 429 248 55 witnessed
1624 429 84 55 the
1725 443 165 41 surren

373 494 83 42 der
476 494 54 43 of
550 494 272 56 Burgoyne.

475 561 167 43 Prince
659 561 217 56 Whipple
896 562 137 55 acted
1061 575 55 42 as
1143 562 288 55 bodyguard
1457 566 57 51 to
1535 561 197 56 General
1750 562 139 56 Whip

373 627 90 55 pie,
484 641 90 41 one
610 628 54 54 of
684 628 365 56 Washington's
1086 629 119 55 aids.
1259 628 166 56 Prince
1449 628 41 56 is
1515 629 84 55 the
1624 642 148 43 negro
1803 643 91 42 seei

375 707 65 29 on
467 695 266 43 horseback
767 695 50 43 in
850 696 84 42 the
960 695 266 56 engraving
1261 695 54 56 of
1334 694 323 57 Washington
1690 697 204 55 crossing

373 761 85 42 the
476 761 254 54 Delaware,
744 762 97 53 and
861 762 147 56 again
1026 762 183 56 pulling
1224 762 84 56 the
1326 762 165 56 stroke
1510 775 89 43 oar
1616 762 50 56 in
1684 763 84 55 the
1788 763 106 55 boa"

373 828 152 42 which
542 828 326 56 Washington
886 829 189 55 crossed
1093 828 64 56 in.

475 894 67 43 At
567 896 84 41 the
677 895 241 56 storming
937 895 52 56 of
1010 895 124 56 Fort
1162 893 243 58 Griswold,
1433 893 112 58 Maj.
1566 894 328 57 Montgomery

374 973 101 31 was
501 961 132 44 lifted
660 975 133 42 upon
818 962 84 55 the
928 962 131 55 walls
1079 961 54 56 of
1151 962 84 55 the
1260 961 99 56 fort
1385 961 65 56 by
1475 961 74 56 his
1577 961 215 56 soldiers,
1816 975 78 42 am

374 1028 151 42 called
543 1041 134 43 upon
692 1029 85 55 the
801 1028 275 56 Americans
1101 1030 57 54 to
1186 1028 260 56 surrender.
1501 1027 132 57 John
1662 1027 232 57 Freeman

377 1107 33 30 a
443 1107 148 43 negro
628 1095 187 55 soldier,
835 1095 116 55 with
985 1094 74 56 his
1094 1094 120 56 pike,
1242 1094 173 56 pinned
1450 1093 99 57 him
1587 1094 123 56 dead
1748 1097 56 53 to
1830 1095 64 55 th

375 1161 156 43 earth.
585 1161 193 56 Among
794 1162 83 55 the
894 1160 249 57 American
1162 1160 196 57 soldiers
1375 1160 106 57 who
1500 1173 117 44 were
1637 1173 257 44 massacret

375 1227 69 55 by
484 1228 86 54 the
595 1227 182 55 British
813 1228 211 54 soldiers,
1063 1227 122 55 after
1218 1227 83 55 the
1327 1226 248 56 surrender
1606 1227 54 55 of
1689 1227 84 55 the
1798 1227 96 55 fort

376 1307 119 29 were
527 1296 99 41 two
662 1307 147 42 negro
846 1294 211 55 soldiers,
1095 1293 188 56 Lambo
1318 1292 214 57 Latham
1580 1294 97 55 and
1725 1293 169 56 Jordai

378 1360 248 43 Freeman.

481 1426 166 51 Quack
671 1426 221 52 Matrick,
923 1438 31 40 a
979 1438 162 43 negro,
1161 1424 174 57 fought
1359 1424 216 57 through
1605 1425 84 56 the
1716 1425 178 56 Kevolu

377 1493 203 54 tionary
613 1504 113 43 war,
765 1505 56 42 as
857 1505 31 42 a
923 1492 186 55 soldier,
1130 1491 73 56 for
1227 1490 149 57 which
1409 1490 58 57 he
1502 1503 99 44 was
1642 1492 252 55 pensioned

379 1559 116 43 Also
523 1558 258 44 Jonathan
807 1557 210 53 Overtin,
1045 1557 106 53 who
1179 1569 97 41 was
1304 1559 56 51 at
1385 1557 83 53 the
1505 1558 158 52 battle
1694 1559 54 51 of
1766 1558 128 52 York

379 1627 149 41 town.
600 1625 99 43 The
740 1624 315 55 grandfather
1098 1622 53 57 of
1195 1623 83 56 the
1319 1622 240 57 historian
1606 1621 121 58 Wm.
1774 1624 120 55 Well

381 1691 189 53 Brown,
592 1690 164 54 Simon
775 1689 102 55 Lee,
898 1702 98 42 was
1015 1689 104 55 also
1139 1701 32 43 a
1189 1688 172 56 soldier
1381 1689 87 55 "in
1486 1686 83 58 the
1597 1690 143 54 times
1766 1690 128 54 whicl

381 1756 126 43 tried
526 1769 131 30 mens
676 1755 179 44 souls."

466 1844 184 36 "Samuel
664 1843 185 37 Charlton
869 1853 79 27 was
967 1843 100 37 born
1087 1843 39 37 in
1146 1842 66 38 the
1233 1842 111 38 State
1365 1843 44 37 of
1424 1843 85 37 New
1535 1844 143 44 Jersey,
1698 1856 25 32 a
1745 1846 114 42 slave,
1875 1846 19 42 ii

382 1901 69 35 the
464 1899 133 37 familv
612 1900 44 36 of
670 1898 71 38 Mr.
763 1898 63 44 M.,
843 1898 84 44 who
949 1898 141 44 owned,
1108 1898 94 44 also,
1220 1898 112 44 other
1353 1899 183 43 members
1564 1900 206 43 belonging
1790 1903 45 40 to
1857 1901 37 42 hi

383 1955 228 43 family—all
631 1954 167 44 residing
817 1953 40 45 in
877 1948 65 50 the
962 1952 157 46 English
1140 1952 304 46 neighborhood.
1489 1954 146 44 During
1657 1956 67 42 the
1738 1966 156 33 progres

384 2012 45 34 of
444 2012 67 34 the
525 2021 89 32 war,
631 2010 46 43 he
690 2019 80 34 was
791 2008 130 45 placed
941 2008 53 45 by
1014 2007 59 46 his
1094 2010 145 43 master
1263 2008 61 45 (as
1340 2020 25 33 a
1386 2010 212 43 substitnte
1621 2011 60 42 for
1697 2010 161 43 himself)
1876 2011 18 42 i:

383 2067 68 35 the
466 2076 111 32 army
597 2065 93 43 then
710 2064 40 44 in
771 2063 85 45 New
877 2063 140 45 Jersey,
1035 2073 44 35 as
1101 2073 25 35 a
1146 2066 185 42 teamster
1352 2066 38 42 in
1414 2067 67 41 the
1503 2067 179 43 baggage
1698 2067 116 43 train.
1857 2066 37 44 H

385 2132 79 25 was
491 2122 40 35 in
553 2121 124 36 active
698 2119 139 38 service
859 2121 44 36 at
922 2118 66 39 the
1008 2118 126 39 battle
1149 2119 43 38 of
1208 2119 241 45 Monmouth,
1474 2124 73 40 not
1571 2122 92 42 only
1685 2121 209 43 witnessing

383 2178 75 35 but
470 2176 141 43 taking
631 2186 26 33 a
675 2177 95 42 part
796 2174 50 45 in,
876 2174 65 45 the
967 2176 113 43 great
1101 2176 171 43 struggle
1301 2177 43 42 of
1366 2177 93 42 that
1489 2178 89 42 day.
1624 2177 59 43 He
1718 2187 79 33 was
1832 2177 62 43 als<

383 2234 40 34 in
445 2232 146 36 several
612 2230 112 38 other
745 2232 269 41 engagements
1021 2222 53 51 *n
1097 2231 170 42 different
1289 2234 163 39 sections
1476 2234 44 39 of
1543 2233 94 40 that
1665 2235 92 40 part
1786 2232 41 43 of
1850 2232 44 43 th

384 2290 125 35 State.
552 2287 60 38 He
625 2296 79 29 was
719 2297 25 28 a
758 2288 112 41 great
885 2285 164 44 admirer
1063 2286 44 43 of
1123 2286 157 43 General
1295 2288 269 44 "Washington,
1584 2288 79 44 and
1677 2298 91 34 was,
1788 2290 44 42 at
1845 2297 49 35 on

383 2346 106 41 time,
507 2342 184 45 attached
718 2344 45 43 to
790 2341 59 46 his
877 2341 178 46 baggage
1082 2343 116 44 train,
1217 2344 78 43 and
1322 2345 166 42 received
1510 2344 66 43 the
1601 2342 189 45 General's
1818 2353 76 34 con:

384 2396 227 40 mendation
631 2398 61 38 for
718 2396 59 40 his
804 2407 165 33 courage
997 2398 78 42 and
1097 2399 184 41 devotion
1300 2402 45 38 to
1367 2400 67 40 the
1456 2410 113 30 cause
1591 2399 43 41 of
1650 2399 151 41 liberty.
1844 2397 50 43 Mi

382 2456 189 36 Charlton
585 2464 79 28 was
679 2453 126 39 about
826 2453 123 39 fifteen
972 2464 45 28 or
1038 2457 197 35 seventeen
1249 2466 113 31 years
1378 2455 43 42 of
1438 2465 71 32 age
1523 2455 105 42 when
1643 2453 132 44 placed
1789 2453 40 44 in
1850 2453 44 44 th

384 2523 125 31 army,
518 2511 60 43 for
592 2509 118 45 which
725 2508 59 46 his
798 2512 145 42 master
957 2510 191 44 rewarded
1163 2510 77 44 him
1257 2510 90 44 with
1364 2521 25 33 a
1403 2510 111 44 silver
1530 2510 134 44 dollar.
1709 2508 53 46 At
1775 2508 66 46 the
1855 2518 39 36 en

384 2567 174 46 piration
573 2566 44 47 of
632 2565 59 48 his
706 2564 103 49 time,
826 2565 47 48 he
886 2565 178 48 returned
1084 2567 46 46 to
1150 2565 60 48 his
1231 2568 155 45 master,
1403 2568 44 45 to
1470 2575 105 38 serve
1597 2564 117 49 again
1735 2564 38 49 in
1796 2563 98 50 bond

383 2635 87 34 age,
487 2623 99 46 after
599 2621 148 48 having
760 2621 130 48 toiled,
906 2621 139 48 fought
1060 2620 78 49 and
1151 2620 86 49 bled
1251 2620 60 49 for
1329 2620 150 49 liberty,
1496 2620 38 49 in
1549 2629 178 40 common
1741 2618 91 51 with
1846 2618 45 51 th

384 2680 155 44 regular
553 2677 176 47 soldiery.
773 2676 69 48 Mr.
860 2675 63 49 M.,
947 2678 46 46 at
1012 2676 59 48 his
1093 2675 128 49 death,
1237 2675 53 49 by
1304 2675 82 49 will,
1402 2675 186 49 liberated
1606 2674 60 50 his
1682 2674 134 50 slaves,
1834 2683 60 41 am

385 2734 188 47 provided
588 2744 25 37 a
628 2732 158 49 pension
800 2732 60 49 for
874 2730 196 51 Charlton,
1086 2733 45 48 to
1145 2730 47 51 be
1205 2730 92 51 paid
1312 2730 138 51 during
1463 2730 58 51 his
1542 2729 163 52 lifetime.

469 2801 157 36 "James
640 2800 169 42 Easton,.
821 2799 44 43 of
881 2798 267 44 Bridgewater,
1166 2807 25 35 a
1211 2796 152 46 colored
1383 2807 102 35 man,
1508 2794 258 48 participated
1786 2793 39 49 in
1846 2794 44 48 th

382 2858 170 36 erection
568 2857 45 37 of
627 2856 67 38 the
715 2854 272 40 fortifications
1009 2863 51 31 on
1080 2851 225 43 Dorchester
1319 2851 174 43 Heights,
1510 2850 119 44 under
1649 2849 202 45 command
1874 2859 20 35 o

386 2913 272 43 "Washington,
682 2911 117 45 which
822 2910 66 46 the
908 2910 93 46 next
1028 2906 178 50 morning
1227 2917 43 39 so
1292 2906 151 50 greatly
1465 2905 190 51 surprised
1675 2905 67 51 the
1768 2904 126 52 Britisl

383 2969 164 36 soldiers
561 2968 94 37 then
669 2964 206 44 encamped
889 2964 39 44 in
943 2961 188 47 Boston."
