2213 3309
356 300 99 44 446

655 302 221 43 History
902 315 64 30 of
992 316 95 29 the
1115 304 162 42 Black
1304 304 251 42 Phalanx.

352 435 133 43 three
503 437 242 54 divisions,
758 439 115 52 with
889 440 483 56 Brigadier-Generals
1383 440 162 56 Wilde,
1566 437 174 59 Birney
1760 437 96 59 and

353 500 148 43 Paine
520 515 54 29 as
593 503 342 42 commanders.
989 504 367 54 Major-General
1377 503 95 55 Ord
1491 504 99 54 had
1610 504 247 54 succeeded

351 568 56 41 to
426 568 83 41 the
526 569 254 41 command
800 568 53 42 of
873 569 82 41 the
972 570 146 54 Army
1139 571 52 53 of
1210 571 83 53 the
1310 570 176 54 James,
1507 571 117 53 then
1643 570 215 54 number¬

351 632 83 55 ing
461 634 153 53 about
642 634 178 53 28,000
856 635 204 52 effective
1095 647 119 40 men,
1253 637 95 50 and
1383 649 98 38 was
1508 640 56 47 to
1592 637 116 50 take
1742 639 116 52 part

351 699 115 42 with
483 700 132 42 three
634 699 228 44 divisions
882 700 52 43 of
954 700 72 43 his
1046 702 253 42 command
1316 703 48 41 in
1382 703 84 42 the
1484 703 198 43 onward
1700 716 155 32 move¬

352 767 131 40 ment
507 767 56 40 to
591 778 264 30 commence
882 779 63 29 on
970 766 83 42 the
1080 767 121 42 29th
1229 768 54 41 of
1302 767 179 54 March,
1509 767 133 54 while
1667 768 189 53 Weitzel

350 843 99 30 was
466 833 56 40 to
542 832 253 41 command
806 831 81 42 the
905 831 264 44 remainder
1189 834 53 41 of
1253 834 83 42 the
1354 837 171 52 troops
1544 835 147 54 north
1710 836 53 53 of
1774 836 83 53 the

352 895 163 44 James
535 896 96 44 and
651 899 55 43 at
723 897 240 46 Bermuda
980 897 269 46 Hundreds.

451 962 102 53 Lee,
584 976 55 39 as
672 963 191 55 though
888 964 58 54 he
971 964 98 54 had
1095 964 273 56 knowledge
1394 966 53 54 of
1477 965 196 55 Grant's
1707 968 146 52 inten¬

350 1028 107 43 tion
493 1029 96 42 and
624 1031 166 40 meant
822 1032 56 40 to
914 1030 231 43 frustrate
1185 1032 73 42 his
1294 1032 138 54 plans
1467 1033 66 54 by
1566 1034 174 55 taking
1771 1035 82 54 the

350 1093 253 53 initiative,
625 1096 229 50 attacked
880 1096 83 50 the
990 1097 86 49 9th
1096 1095 146 57 Corps
1270 1100 55 52 at
1352 1098 123 54 Fort
1501 1098 261 54 Steadman
1789 1113 63 39 on

348 1160 86 42 the
468 1160 135 53 25th,
631 1161 116 52 with
775 1162 155 55 signal
955 1175 193 42 success.
1202 1163 74 54 He
1301 1176 98 41 wras
1433 1165 164 55 finally
1622 1167 227 54 repulsed,

350 1225 229 53 however,
618 1227 96 51 and
750 1226 154 52 Grant
938 1229 155 55 began
1128 1230 197 55 moving
1357 1230 83 55 the
1474 1230 155 55 Union
1662 1234 186 53 troops.

353 1289 72 44 On
458 1292 83 42 the
574 1293 224 55 morning
832 1295 53 53 of
912 1295 83 53 the
1030 1296 134 52 29th,
1204 1294 195 54 General
1432 1296 173 57 Birney
1629 1298 115 55 with
1769 1299 84 54 the

351 1357 98 43 2nd
468 1357 213 44 Division
700 1359 54 43 of
772 1360 82 42 the
881 1361 121 41 25th
1028 1360 147 56 Corps
1193 1375 98 41 was
1317 1375 114 41 near
1449 1362 253 54 Hatcher's
1728 1364 118 53 Run,

350 1424 116 42 with
486 1423 195 44 General
701 1425 136 43 Ord's
864 1427 267 43 command.
1186 1428 97 42 The
1309 1428 204 43 division
1539 1430 236 43 consisted
1803 1430 53 43 of

349 1490 134 43 three
525 1491 220 56 brigades
790 1492 53 55 of
888 1492 222 55 Phalanx
1152 1493 234 55 Infantry,
1433 1497 309 51 commanded
1785 1497 65 55 by

351 1554 214 46 Colonels
584 1556 162 44 James
765 1557 152 53 Shaw,
930 1558 86 53 Jr.,
1029 1559 188 56 Ulysses
1236 1559 278 56 Doubleday
1533 1562 95 53 and
1646 1561 202 54 William

350 1621 71 44 W.
450 1622 301 44 Woodward.
806 1624 39 42 A
880 1625 197 54 brigade
1113 1625 51 54 of
1197 1626 209 54 artillery
1442 1628 309 52 commanded
1785 1629 64 55 by

351 1687 205 57 Captain
584 1688 146 56 Louis
757 1689 53 55 L.
840 1689 237 55 Langdon
1102 1704 98 40 was
1237 1692 227 52 attached
1489 1695 56 49 to
1571 1693 83 51 the
1680 1693 167 56 Corps;

350 1756 104 52 but,
477 1755 156 56 owing
657 1757 55 54 to
740 1756 81 55 the
848 1758 204 53 country
1071 1756 139 55 being
1234 1756 211 55 wooded,
1473 1758 41 53 it
1530 1771 99 40 was
1657 1760 53 51 of
1728 1760 124 51 little

350 1834 95 40 use,
468 1821 96 53 and
583 1823 131 51 most
733 1821 53 53 of
806 1821 39 53 it
872 1834 97 40 was
996 1821 82 53 left
1105 1835 63 39 on
1194 1823 82 51 the
1301 1824 146 50 north
1474 1824 98 50 side
1597 1825 114 49 with
1738 1824 112 50 Gen¬

349 1888 99 42 eral
467 1887 201 45 Weitzel,

450 1952 70 43 On
539 1953 82 43 the
640 1965 130 31 same
787 1952 98 55 day
905 1951 229 56 Sheridan
1151 1954 196 53 reached
1366 1954 268 55 Dinwiddie,
1656 1957 96 52 and
1768 1958 82 51 the

348 2021 116 39 next
490 2019 223 54 morning
738 2018 58 55 he
822 2019 311 54 encountered
1168 2020 82 53 the
1284 2020 319 53 confederates
1629 2034 116 39 near
1768 2024 83 49 the

349 2082 147 45 Court
515 2084 176 43 House.
738 2083 123 44 Here
878 2097 115 30 were
1012 2084 69 43 W.
1102 2084 61 43 H.
1184 2084 53 44 F.
1259 2085 130 43 Lee's
1409 2085 216 58 Cavalry,
1647 2088 200 55 Pickets'

349 2151 95 41 and
464 2150 222 42 Bushrod
704 2150 263 43 Johnson's
995 2150 228 43 divisions
1243 2151 53 43 of
1316 2151 234 56 Infantry,
1573 2155 96 52 and
1687 2154 163 53 Wise's

347 2215 211 54 brigade.
597 2214 230 55 Sheridan
845 2216 139 53 made
1001 2217 83 52 the
1103 2217 183 52 attack.
1324 2216 91 53 His
1431 2232 120 38 men,
1565 2233 63 37 on
1646 2222 202 48 account

349 2281 53 42 of
421 2282 82 41 the
529 2282 198 54 marshy
752 2283 202 54 ground,
976 2282 97 55 had
1099 2285 56 52 to
1184 2283 258 54 dismount.
1498 2284 98 53 The
1622 2282 227 55 confeder¬

349 2349 104 39 ates
487 2346 172 56 fought
695 2348 309 60 desperately,
1033 2348 89 60 but
1159 2347 270 61 Sheridan's
1463 2360 106 48 men
1605 2352 241 56 contested

347 2424 139 41 every
504 2413 106 52 inch
629 2413 54 52 of
702 2414 202 54 ground,
928 2414 96 54 and
1052 2416 55 52 at
1133 2414 140 55 night
1290 2414 74 55 fell
1381 2415 123 54 back
1520 2419 56 50 to
1596 2416 252 53 Dinwiddie

347 2475 146 45 Court
521 2478 163 44 House
720 2480 95 42 and
843 2480 310 43 bivouacked.
1208 2480 98 43 The
1342 2480 88 43 5th
1456 2481 147 56 Corps
1629 2496 130 41 pame
1785 2496 62 44 up

347 2542 172 56 during
536 2544 82 54 the
644 2545 138 54 night
799 2548 56 51 to
884 2547 171 52 attack
1082 2547 82 52 the
1191 2546 320 53 confederates
1538 2548 48 51 in
1613 2549 80 50 the
1719 2562 128 41 rear;

346 2608 91 45 but
457 2612 54 41 at
531 2610 222 55 daylight
776 2611 39 54 it
834 2624 97 41 was
949 2612 147 53 found
1116 2613 114 52 that
1248 2613 115 56 they
1380 2613 98 56 had
1497 2613 139 56 fallen
1653 2616 122 53 back
1793 2619 56 50 to

346 2673 116 43 Five
496 2674 167 44 Forks.
718 2676 122 43 Here
874 2691 97 29 was
1007 2678 146 43 found
1180 2680 83 41 the
1289 2679 197 55 cavalry
1522 2680 54 54 of
1604 2679 70 55 W.
1702 2681 61 53 H.
1793 2682 53 52 F.

347 2738 90 43 Lee
464 2741 95 41 and
587 2740 236 56 Fitzhugh
850 2740 102 56 Lee,
982 2744 113 52 with
1130 2744 153 53 Ross',
1313 2744 219 54 Picket's,
1561 2744 164 54 Wise's
1753 2748 94 50 and

346 2804 263 45 Johnson's
636 2807 228 43 divisions
892 2808 53 42 of
964 2809 227 54 infantry.
1246 2809 70 54 On
1343 2811 83 52 the
1452 2811 225 56 morning
1695 2813 53 54 of
1767 2815 84 52 the

347 2870 81 43 1st
455 2871 53 42 of
527 2871 144 54 April,
702 2870 228 55 Sheridan
966 2874 242 51 advanced
1243 2875 83 50 the
1362 2876 87 49 5th
1486 2876 147 56 Corps
1659 2879 188 53 towTard

344 2935 117 44 Five
486 2936 168 43 Forks.
708 2937 131 42 That
874 2938 253 42 afternoon
1160 2940 42 41 it
1235 2939 74 42 fell
1334 2953 131 41 upon
1492 2941 207 53 Picket's
1725 2958 122 41 rear,
