2200 3300
710 299 106 44 The
843 299 364 44 Confederate
1233 299 220 44 Service.

1736 300 102 42 483

323 427 126 43 born
483 429 210 56 energies
720 431 54 54 of
793 431 85 54 the
913 430 139 55 white
1084 430 231 55 soldiery;
1342 430 84 55 the
1451 430 256 55 deliberate
1731 443 109 42 men

324 494 157 42 rested
506 495 129 43 their
660 496 366 55 hopes,—based
1042 495 127 56 their
1185 496 345 55 expectations,
1551 509 133 42 more
1708 508 133 43 upon

324 561 85 42 the
425 560 203 56 docility
646 563 55 53 of
720 563 85 53 the
821 574 163 42 negro,
1004 561 125 55 than
1146 573 133 43 upon
1295 561 84 55 the
1396 561 231 55 audacity
1644 561 56 55 of
1716 561 130 55 their

325 626 143 43 white
484 630 190 51 troops.

428 692 100 42 The
562 693 277 54 legislature
875 692 54 55 of
957 692 270 55 Tennessee,
1255 691 150 56 which
1440 692 197 55 secretly
1678 692 165 55 placed

328 760 117 42 that
462 758 142 44 State
621 759 50 43 in
697 759 84 43 the
807 757 240 45 Southern
1073 756 330 56 Confederacy,
1422 759 198 53 enacted
1636 757 51 55 in
1703 754 141 58 June,

332 825 145 54 1861,
498 838 32 41 a
546 825 91 54 law
657 823 309 56 authorizing
981 823 84 56 the
1081 836 293 43 governor—

414 914 90 34 "To
519 913 140 35 receive
673 913 85 35 into
773 913 67 35 the
861 912 172 42 military
1056 912 140 42 service
1210 912 44 42 of
1269 912 67 42 the
1357 909 113 45 State
1491 911 52 43 all
1563 910 98 44 male
1681 910 73 44 free
1766 919 81 35 per¬

335 981 90 25 sons
441 970 42 36 of
499 969 118 43 color,
634 969 166 43 between
815 968 68 44 the
904 978 72 34 age
998 967 43 45 of
1059 967 50 45 15
1132 967 79 45 and
1232 967 63 45 50,
1312 967 84 45 who
1411 966 138 46 should
1563 964 139 48 receive
1716 963 50 49 $8
1781 974 70 38 per

334 1026 151 43 month,
501 1025 174 44 clothing
689 1024 76 45 and
781 1022 192 47 rations."

434 1103 107 42 And
559 1103 116 42 then
693 1102 42 43 it
753 1101 183 44 further
953 1099 284 56 provided—

418 1193 138 33 "That
583 1192 40 34 in
643 1191 67 35 the
731 1192 114 34 event
860 1201 26 25 a
907 1188 186 38 sufficient
1113 1187 160 39 number
1287 1186 44 40 of
1345 1186 74 40 free
1439 1195 159 34 persons
1619 1184 44 45 of
1677 1184 107 45 color
1803 1185 48 44 to

338 1252 98 33 meet
449 1248 68 37 the
530 1249 126 36 wants
672 1241 43 44 of
730 1246 67 39 the
812 1245 113 40 State
939 1244 99 41 shall
1053 1245 73 40 not
1145 1242 134 43 tender
1292 1241 100 44 their
1406 1240 149 45 service,
1571 1239 67 46 the
1653 1238 198 47 Governor

338 1306 34 33 is
384 1302 245 45 empowered,
638 1301 173 46 through
826 1301 68 46 the
907 1299 146 48 sheriffs
1068 1299 44 48 of
1120 1298 68 49 the
1201 1297 174 50 different
1387 1296 184 51 counties,
1579 1297 47 50 to
1634 1303 114 44 press
1758 1293 93 54 such

340 1370 159 35 persons
514 1358 99 47 until
627 1358 67 47 the
708 1356 180 49 requisite
901 1355 160 50 number
1074 1354 33 51 is
1122 1351 223 54 obtained."

439 1439 41 41 A
505 1438 83 42 few
614 1435 199 45 months
842 1434 135 51 after,
997 1432 84 53 the
1106 1429 231 56 Memphis
1363 1427 287 58 Avalanche,
1672 1425 53 60 of
1746 1424 109 61 Sep¬

339 1506 183 43 tember
549 1504 104 51 3rd,
675 1502 145 53 1861,
848 1498 267 57 exultingly
1139 1494 281 61 announced
1446 1494 84 61 the
1556 1503 299 52 appearance

344 1586 63 30 on
432 1572 85 44 the
541 1572 175 44 streets
743 1568 54 48 of
817 1565 247 55 Memphis,
1085 1564 52 56 of
1157 1566 99 54 two
1283 1561 257 59 regiments
1566 1560 53 60 of
1639 1570 214 50 negroes,

343 1640 149 42 under
518 1635 256 47 cortimand
802 1633 52 49 of
884 1632 298 50 confederate
1209 1629 194 53 officers.
1458 1626 72 56 On
1564 1625 84 57 the
1683 1623 89 59 7th
1807 1623 56 59 of

346 1705 286 56 September,
655 1701 147 60 again
819 1700 83 61 the
918 1696 275 65 Avalanche
1210 1695 129 66 said:

427 1792 218 45 "Upwards
666 1791 44 46 of
726 1790 104 47 1000
853 1797 160 40 negroes
1035 1786 131 51 armed
1186 1784 91 53 with
1300 1782 139 55 spades
1461 1780 78 57 and
1559 1779 178 58 pickaxes
1756 1778 101 59 have

346 1851 140 45 passed
499 1848 172 48 through
686 1847 67 49 the
767 1845 78 51 city
860 1843 132 53 within
1007 1842 66 54 the
1092 1842 94 54 past
1206 1839 65 57 few
1294 1837 109 59 days.
1447 1835 113 61 Their
1574 1833 237 63 destination
1824 1832 36 64 is

348 1908 202 39 unknown,
573 1904 74 43 but
667 1901 33 46 it
720 1901 33 46 is
775 1898 192 49 supposed
988 1897 93 50 that
1101 1896 93 51 they
1215 1904 66 43 are
1303 1903 52 44 on
1374 1891 100 56 their
1488 1900 84 47 way
1587 1892 45 55 to
1647 1888 66 59 the
1729 1889 8 58 '
1746 1887 115 60 other

349 1963 79 35 side
442 1962 45 36 of
501 1957 212 41 Jordan.'"

1347 1992 13 15 0

447 2027 101 43 Nor
573 2037 116 33 were
714 2023 84 47 the
824 2031 197 44 negroes
1048 2017 49 58 in
1114 2014 218 61 "Virginia
1355 2011 173 64 behind
1545 2010 141 65 those
1705 2008 54 67 of
1777 2003 85 72 the

351 2096 139 43 other
516 2092 240 47 Southern
783 2087 179 52 States.
1016 2083 57 56 In
1092 2081 144 58 April,
1256 2080 84 59 the
1365 2077 290 62 Lynchburg
1682 2073 181 66 Repub¬

350 2164 121 41 lican
517 2155 262 50 chronicled
823 2154 86 51 the
943 2149 281 56 enrollment
1260 2146 53 59 of
1343 2157 31 48 a
1407 2153 240 52 company
1690 2140 54 65 of
1770 2139 94 66 free

351 2240 197 45 negroes
566 2227 49 58 in
632 2224 118 61 that
767 2221 114 64 city,
903 2218 106 67 also
1028 2228 91 57 one
1136 2217 57 68 at
1210 2211 303 74 Petersburg.

452 2294 131 43 Thus
609 2289 191 48 instead
827 2286 55 51 of
911 2282 180 55 revolts
1128 2290 181 47 among
1342 2276 83 61 the
1458 2285 211 52 negroes,
1707 2271 158 66 slaves

356 2362 95 43 and
477 2361 105 51 free,
613 2371 55 41 as
687 2351 241 61 predicted
954 2350 65 62 by
1047 2358 131 54 some
1202 2343 158 69 Union
1386 2353 106 59 men
1520 2341 55 71 at
1592 2338 84 74 the
1690 2335 174 77 North,

354 2441 148 41 many
536 2427 192 55 became
763 2414 249 68 possessed
1046 2412 55 70 of
1121 2424 33 58 a
1171 2404 523 78 fervor,—originating
1709 2413 160 69 gener¬

356 2495 98 54 ally
479 2490 49 59 in
554 2481 452 68 fear,—stimulated
1024 2479 66 70 by
1107 2489 62 60 an
1189 2471 297 78 enthusiasm
1505 2469 54 80 of
1578 2469 83 80 the
1687 2466 179 83 whites,

356 2562 114 42 that
497 2559 149 53 swept
672 2554 85 58 the
783 2548 233 64 populace
1049 2543 90 69 like
1167 2554 31 58 a
1223 2538 189 74 mighty
1440 2547 82 65 sea
1547 2534 189 78 current
1761 2531 110 81 into

355 2628 83 42 the
457 2622 200 48 channel
676 2620 54 50 of
749 2629 114 41 war.
917 2612 100 58 The
1042 2619 147 51 negro
1216 2605 106 65 who
1349 2599 206 71 boasted
1582 2599 81 71 the
1679 2596 191 74 loudest

357 2694 56 43 of
431 2691 74 46 his
524 2689 151 48 desire
691 2688 58 49 to
767 2681 126 56 fight
909 2678 85 59 the
1009 2673 238 64 Yankees;
1274 2670 107 67 who
1407 2664 190 73 showed
1614 2663 83 74 the
1713 2662 161 75 great¬

358 2763 75 40 est
452 2756 200 53 anxiety
669 2754 56 55 to
745 2748 81 61 aid
844 2745 84 64 the
946 2739 335 70 confederates,
1301 2746 98 63 was
1417 2729 206 80 granted
1640 2728 83 81 the
1741 2726 130 83 most

357 2825 210 44 freedom
587 2818 97 51 and
703 2810 207 59 received
927 2808 84 61 the
1030 2801 237 68 approval
1287 2799 52 70 of
1358 2798 74 71 his
1451 2797 195 72 master.

451 2890 101 42 The
570 2883 149 57 gayly
737 2875 174 65 decked
929 2872 146 68 cities;
1087 2869 83 71 the
1186 2867 138 73 flags,
1335 2862 209 78 bunting
1559 2858 97 82 and
1674 2860 200 80 stream¬

361 2972 75 33 ers
455 2955 56 50 of
530 2953 65 52 all
614 2949 173 56 colors;
805 2942 84 63 the
907 2933 230 72 mounted
1156 2930 210 75 cavalry;
1385 2928 84 77 the
1487 2924 213 81 artillery
1715 2920 161 85 trains
