<?xml version="1.0" encoding="utf-8"?>
<alto xmlns:xlink="http://www.w3.org/1999/xlink" xmlns:xsi="http://www.w3.org/2001/XMLSchema-instance" xsi:schemaLocation="http://www.loc.gov/standards/alto/ns-v2# http://www.loc.gov/standards/alto/alto-v2.0.xsd" xmlns="http://www.loc.gov/standards/alto/ns-v2#">
  <Description>
    <MeasurementUnit>pixel</MeasurementUnit>
    <sourceImageInformation>
      <fileName>0085.tif</fileName>
    </sourceImageInformation>
    <OCRProcessing ID="Processing">
      <ocrProcessingStep>
        <processingStepSettings>Image Resolution:400</processingStepSettings>
        <processingSoftware>
          <softwareCreator>I2S Kirtas</softwareCreator>
          <softwareName>Limb</softwareName>
          <softwareVersion>1.0</softwareVersion>
          <applicationDescription>Abbyy10 OCR Engine</applicationDescription>
        </processingSoftware>
      </ocrProcessingStep>
    </OCRProcessing>
  </Description>
  <Styles>
    <TextStyle ID="StyleId-0" FONTSIZE="9" FONTFAMILY="Times New Roman" />
    <TextStyle ID="StyleId-1" FONTSIZE="11" FONTFAMILY="Times New Roman" />
    <TextStyle ID="StyleId-2" FONTSIZE="8" FONTFAMILY="Times New Roman" />
  </Styles>
  <Layout>
    <Page ID="P84" PHYSICAL_IMG_NR="84" HEIGHT="3300" WIDTH="2200" ACCURACY="0.7197604" QUALITY_DETAIL="449 words, 2131 chars, 1433 with recognition greater than 50% (67.25%)">
      <TopMargin ID="P84_TM00001" HPOS="0" VPOS="0" WIDTH="2200" HEIGHT="297" />
      <LeftMargin ID="P84_LM00001" HPOS="0" VPOS="297" WIDTH="306" HEIGHT="2703" />
      <RightMargin ID="P84_RM00001" HPOS="1897" VPOS="297" WIDTH="303" HEIGHT="2703" />
      <BottomMargin ID="P84_BM00001" HPOS="0" VPOS="3000" WIDTH="2200" HEIGHT="300" />
      <PrintSpace ID="P84_PS00001" HPOS="306" VPOS="297" WIDTH="1591" HEIGHT="2703">
        <TextBlock ID="P84_TB00001" HPOS="843" VPOS="294" WIDTH="533" HEIGHT="57">
          <TextLine ID="P84_TL00001" HPOS="851" VPOS="302" WIDTH="517" HEIGHT="42">
            <String ID="P84_S00001" HPOS="851" VPOS="302" WIDTH="106" HEIGHT="44" STYLEREFS="StyleId-0" CONTENT="The" WC="0.61" CC="173" />
            <SP ID="P84_SP00001" WIDTH="0" HPOS="0" VPOS="0" />
            <String ID="P84_S00002" HPOS="982" VPOS="302" WIDTH="125" HEIGHT="44" STYLEREFS="StyleId-0" CONTENT="War" WC="0.263333321" CC="777" />
            <SP ID="P84_SP00002" WIDTH="0" HPOS="0" VPOS="0" />
            <String ID="P84_S00003" HPOS="1133" VPOS="314" WIDTH="66" HEIGHT="32" STYLEREFS="StyleId-0" CONTENT="of" WC="0.445" CC="46" />
            <SP ID="P84_SP00003" WIDTH="0" HPOS="0" VPOS="0" />
            <String ID="P84_S00004" HPOS="1225" VPOS="302" WIDTH="143" HEIGHT="44" STYLEREFS="StyleId-1" CONTENT="1812." WC="0.812" CC="00503" />
          </TextLine>
        </TextBlock>
        <TextBlock ID="P84_TB00002" HPOS="1795" VPOS="295" WIDTH="82" HEIGHT="59">
          <TextLine ID="P84_TL00002" HPOS="1803" VPOS="303" WIDTH="66" HEIGHT="43">
            <String ID="P84_S00005" HPOS="1803" VPOS="303" WIDTH="66" HEIGHT="43" STYLEREFS="StyleId-1" CONTENT="83" WC="0.58" CC="08" />
          </TextLine>
        </TextBlock>
        <TextBlock ID="P84_TB00003" HPOS="306" VPOS="428" WIDTH="1591" HEIGHT="2572">
          <TextLine ID="P84_TL00003" HPOS="336" VPOS="436" WIDTH="1534" HEIGHT="39">
            <String ID="P84_S00006" HPOS="337" VPOS="437" WIDTH="128" HEIGHT="33" STYLEREFS="StyleId-0" CONTENT="ments" WC="0.526" CC="80807" />
            <SP ID="P84_SP00004" WIDTH="0" HPOS="0" VPOS="0" />
            <String ID="P84_S00007" HPOS="487" VPOS="435" WIDTH="47" HEIGHT="35" STYLEREFS="StyleId-0" CONTENT="of" WC="0.66" CC="51" />
            <SP ID="P84_SP00005" WIDTH="0" HPOS="0" VPOS="0" />
            <String ID="P84_S00008" HPOS="546" VPOS="435" WIDTH="76" HEIGHT="36" STYLEREFS="StyleId-0" CONTENT="free" WC="0.9425" CC="0020" />
            <SP ID="P84_SP00006" WIDTH="0" HPOS="0" VPOS="0" />
            <String ID="P84_S00009" HPOS="640" VPOS="446" WIDTH="88" HEIGHT="25" STYLEREFS="StyleId-0" CONTENT="men" WC="0.363333344" CC="639" />
            <SP ID="P84_SP00007" WIDTH="0" HPOS="0" VPOS="0" />
            <String ID="P84_S00010" HPOS="749" VPOS="436" WIDTH="45" HEIGHT="35" STYLEREFS="StyleId-0" CONTENT="of" WC="0.67" CC="23" />
            <SP ID="P84_SP00008" WIDTH="0" HPOS="0" VPOS="0" />
            <String ID="P84_S00011" HPOS="808" VPOS="436" WIDTH="117" HEIGHT="43" STYLEREFS="StyleId-0" CONTENT="color," WC="0.62" CC="506037" />
            <SP ID="P84_SP00009" WIDTH="0" HPOS="0" VPOS="0" />
            <String ID="P84_S00012" HPOS="946" VPOS="436" WIDTH="62" HEIGHT="43" STYLEREFS="StyleId-0" CONTENT="for" WC="0.8066667" CC="005" />
            <SP ID="P84_SP00010" WIDTH="0" HPOS="0" VPOS="0" />
            <String ID="P84_S00013" HPOS="1026" VPOS="435" WIDTH="69" HEIGHT="44" STYLEREFS="StyleId-0" CONTENT="the" WC="0.686666667" CC="170" />
            <SP ID="P84_SP00011" WIDTH="0" HPOS="0" VPOS="0" />
            <String ID="P84_S00014" HPOS="1115" VPOS="434" WIDTH="146" HEIGHT="45" STYLEREFS="StyleId-0" CONTENT="defence" WC="0.768571436" CC="5030700" />
            <SP ID="P84_SP00012" WIDTH="0" HPOS="0" VPOS="0" />
            <String ID="P84_S00015" HPOS="1281" VPOS="434" WIDTH="47" HEIGHT="45" STYLEREFS="StyleId-0" CONTENT="of" WC="0.765" CC="04" />
            <SP ID="P84_SP00013" WIDTH="0" HPOS="0" VPOS="0" />
            <String ID="P84_S00016" HPOS="1338" VPOS="434" WIDTH="69" HEIGHT="45" STYLEREFS="StyleId-0" CONTENT="the" WC="0.44" CC="474" />
            <SP ID="P84_SP00014" WIDTH="0" HPOS="0" VPOS="0" />
            <String ID="P84_S00017" HPOS="1425" VPOS="432" WIDTH="115" HEIGHT="47" STYLEREFS="StyleId-0" CONTENT="State" WC="0.63" CC="68003" />
            <SP ID="P84_SP00015" WIDTH="0" HPOS="0" VPOS="0" />
            <String ID="P84_S00018" HPOS="1551" VPOS="433" WIDTH="61" HEIGHT="46" STYLEREFS="StyleId-0" CONTENT="for" WC="0.613333344" CC="406" />
            <SP ID="P84_SP00016" WIDTH="0" HPOS="0" VPOS="0" />
            <String ID="P84_S00019" HPOS="1624" VPOS="432" WIDTH="108" HEIGHT="47" STYLEREFS="StyleId-0" CONTENT="three" WC="0.658" CC="37600" />
            <SP ID="P84_SP00017" WIDTH="0" HPOS="0" VPOS="0" />
            <String ID="P84_S00020" HPOS="1743" VPOS="441" WIDTH="127" HEIGHT="38" STYLEREFS="StyleId-0" CONTENT="years," WC="0.416666657" CC="1004677" />
          </TextLine>
          <TextLine ID="P84_TL00004" HPOS="337" VPOS="488" WIDTH="535" HEIGHT="44">
            <String ID="P84_S00021" HPOS="337" VPOS="488" WIDTH="128" HEIGHT="36" STYLEREFS="StyleId-0" CONTENT="unless" WC="0.363333344" CC="9104166" />
            <SP ID="P84_SP00018" WIDTH="0" HPOS="0" VPOS="0" />
            <String ID="P84_S00022" HPOS="480" VPOS="500" WIDTH="141" HEIGHT="25" STYLEREFS="StyleId-0" CONTENT="sooner" WC="0.6483333" CC="500707" />
            <SP ID="P84_SP00019" WIDTH="0" HPOS="0" VPOS="0" />
            <String ID="P84_S00023" HPOS="635" VPOS="491" WIDTH="237" HEIGHT="41" STYLEREFS="StyleId-0" CONTENT="discharged." WC="0.5709091" CC="355070510055" />
          </TextLine>
          <TextLine ID="P84_TL00005" HPOS="420" VPOS="543" WIDTH="1452" HEIGHT="42">
            <String ID="P84_S00024" HPOS="420" VPOS="543" WIDTH="22" HEIGHT="17" STYLEREFS="StyleId-2" CONTENT="&quot;" WC="0.57" CC="4" />
            <SP ID="P84_SP00020" WIDTH="0" HPOS="0" VPOS="0" />
            <String ID="P84_S00025" HPOS="452" VPOS="543" WIDTH="111" HEIGHT="37" STYLEREFS="StyleId-0" CONTENT="Sect." WC="0.582" CC="64054" />
            <SP ID="P84_SP00021" WIDTH="0" HPOS="0" VPOS="0" />
            <String ID="P84_S00026" HPOS="586" VPOS="546" WIDTH="38" HEIGHT="34" STYLEREFS="StyleId-0" CONTENT="2." WC="0.935" CC="10" />
            <SP ID="P84_SP00022" WIDTH="0" HPOS="0" VPOS="0" />
            <String ID="P84_S00027" HPOS="665" VPOS="545" WIDTH="87" HEIGHT="35" STYLEREFS="StyleId-0" CONTENT="And" WC="0.766666651" CC="700" />
            <SP ID="P84_SP00023" WIDTH="0" HPOS="0" VPOS="0" />
            <String ID="P84_S00028" HPOS="779" VPOS="545" WIDTH="48" HEIGHT="35" STYLEREFS="StyleId-0" CONTENT="be" WC="0.465" CC="82" />
            <SP ID="P84_SP00024" WIDTH="0" HPOS="0" VPOS="0" />
            <String ID="P84_S00029" HPOS="853" VPOS="545" WIDTH="34" HEIGHT="35" STYLEREFS="StyleId-0" CONTENT="it" WC="0.42" CC="38" />
            <SP ID="P84_SP00025" WIDTH="0" HPOS="0" VPOS="0" />
            <String ID="P84_S00030" HPOS="912" VPOS="544" WIDTH="148" HEIGHT="36" STYLEREFS="StyleId-0" CONTENT="further" WC="0.6357143" CC="2550705" />
            <SP ID="P84_SP00026" WIDTH="0" HPOS="0" VPOS="0" />
            <String ID="P84_S00031" HPOS="1079" VPOS="544" WIDTH="170" HEIGHT="43" STYLEREFS="StyleId-0" CONTENT="enacted," WC="0.83875" CC="06400001" />
            <SP ID="P84_SP00027" WIDTH="0" HPOS="0" VPOS="0" />
            <String ID="P84_S00032" HPOS="1273" VPOS="544" WIDTH="106" HEIGHT="43" STYLEREFS="StyleId-0" CONTENT="That" WC="0.655" CC="01030" />
            <SP ID="P84_SP00028" WIDTH="0" HPOS="0" VPOS="0" />
            <String ID="P84_S00033" HPOS="1398" VPOS="543" WIDTH="93" HEIGHT="44" STYLEREFS="StyleId-0" CONTENT="each" WC="1" CC="0000" />
            <SP ID="P84_SP00029" WIDTH="0" HPOS="0" VPOS="0" />
            <String ID="P84_S00034" HPOS="1513" VPOS="543" WIDTH="44" HEIGHT="44" STYLEREFS="StyleId-0" CONTENT="of" WC="0.95" CC="01" />
            <SP ID="P84_SP00030" WIDTH="0" HPOS="0" VPOS="0" />
            <String ID="P84_S00035" HPOS="1571" VPOS="543" WIDTH="66" HEIGHT="44" STYLEREFS="StyleId-0" CONTENT="the" WC="1" CC="000" />
            <SP ID="P84_SP00031" WIDTH="0" HPOS="0" VPOS="0" />
            <String ID="P84_S00036" HPOS="1665" VPOS="541" WIDTH="85" HEIGHT="46" STYLEREFS="StyleId-0" CONTENT="said" WC="0.575" CC="8044" />
            <SP ID="P84_SP00032" WIDTH="0" HPOS="0" VPOS="0" />
            <String ID="P84_S00037" HPOS="1776" VPOS="542" WIDTH="96" HEIGHT="45" STYLEREFS="StyleId-0" CONTENT="regi¬" WC="0.666" CC="60504" />
          </TextLine>
          <TextLine ID="P84_TL00006" HPOS="335" VPOS="601" WIDTH="1536" HEIGHT="40">
            <String ID="P84_S00038" HPOS="335" VPOS="601" WIDTH="129" HEIGHT="34" STYLEREFS="StyleId-0" CONTENT="ments" WC="0.37" CC="70787" />
            <SP ID="P84_SP00033" WIDTH="0" HPOS="0" VPOS="0" />
            <String ID="P84_S00039" HPOS="490" VPOS="600" WIDTH="102" HEIGHT="35" STYLEREFS="StyleId-0" CONTENT="shall" WC="0.574" CC="60724" />
            <SP ID="P84_SP00034" WIDTH="0" HPOS="0" VPOS="0" />
            <String ID="P84_S00040" HPOS="618" VPOS="600" WIDTH="149" HEIGHT="35" STYLEREFS="StyleId-0" CONTENT="consist" WC="0.5971429" CC="0375560" />
            <SP ID="P84_SP00035" WIDTH="0" HPOS="0" VPOS="0" />
            <String ID="P84_S00041" HPOS="787" VPOS="600" WIDTH="45" HEIGHT="35" STYLEREFS="StyleId-0" CONTENT="of" WC="0.745" CC="05" />
            <SP ID="P84_SP00036" WIDTH="0" HPOS="0" VPOS="0" />
            <String ID="P84_S00042" HPOS="847" VPOS="610" WIDTH="74" HEIGHT="25" STYLEREFS="StyleId-0" CONTENT="one" WC="0.766666651" CC="060" />
            <SP ID="P84_SP00037" WIDTH="0" HPOS="0" VPOS="0" />
            <String ID="P84_S00043" HPOS="938" VPOS="599" WIDTH="201" HEIGHT="36" STYLEREFS="StyleId-0" CONTENT="thousand" WC="0.51125" CC="107086070" />
            <SP ID="P84_SP00038" WIDTH="0" HPOS="0" VPOS="0" />
            <String ID="P84_S00044" HPOS="1159" VPOS="599" WIDTH="80" HEIGHT="36" STYLEREFS="StyleId-0" CONTENT="and" WC="0.453333348" CC="970" />
            <SP ID="P84_SP00039" WIDTH="0" HPOS="0" VPOS="0" />
            <String ID="P84_S00045" HPOS="1259" VPOS="598" WIDTH="134" HEIGHT="43" STYLEREFS="StyleId-0" CONTENT="eighty" WC="0.66" CC="204462" />
            <SP ID="P84_SP00040" WIDTH="0" HPOS="0" VPOS="0" />
            <String ID="P84_S00046" HPOS="1412" VPOS="597" WIDTH="239" HEIGHT="44" STYLEREFS="StyleId-0" CONTENT="able-bodied" WC="0.7836364" CC="06401600500" />
            <SP ID="P84_SP00041" WIDTH="0" HPOS="0" VPOS="0" />
            <String ID="P84_S00047" HPOS="1670" VPOS="607" WIDTH="105" HEIGHT="34" STYLEREFS="StyleId-0" CONTENT="men;" WC="0.39" CC="10076" />
            <SP ID="P84_SP00042" WIDTH="0" HPOS="0" VPOS="0" />
            <String ID="P84_S00048" HPOS="1791" VPOS="598" WIDTH="80" HEIGHT="43" STYLEREFS="StyleId-0" CONTENT="and" WC="0.47" CC="870" />
          </TextLine>
          <TextLine ID="P84_TL00007" HPOS="335" VPOS="655" WIDTH="1536" HEIGHT="39">
            <String ID="P84_S00049" HPOS="335" VPOS="655" WIDTH="69" HEIGHT="36" STYLEREFS="StyleId-0" CONTENT="the" WC="0.6433333" CC="801" />
            <SP ID="P84_SP00043" WIDTH="0" HPOS="0" VPOS="0" />
            <String ID="P84_S00050" HPOS="424" VPOS="654" WIDTH="86" HEIGHT="37" STYLEREFS="StyleId-0" CONTENT="said" WC="0.6125" CC="0960" />
            <SP ID="P84_SP00044" WIDTH="0" HPOS="0" VPOS="0" />
            <String ID="P84_S00051" HPOS="530" VPOS="656" WIDTH="207" HEIGHT="42" STYLEREFS="StyleId-0" CONTENT="regiments" WC="0.644444466" CC="0010340607" />
            <SP ID="P84_SP00045" WIDTH="0" HPOS="0" VPOS="0" />
            <String ID="P84_S00052" HPOS="758" VPOS="655" WIDTH="100" HEIGHT="43" STYLEREFS="StyleId-0" CONTENT="shall" WC="0.76" CC="60400" />
            <SP ID="P84_SP00046" WIDTH="0" HPOS="0" VPOS="0" />
            <String ID="P84_S00053" HPOS="878" VPOS="655" WIDTH="47" HEIGHT="43" STYLEREFS="StyleId-0" CONTENT="be" WC="0.65" CC="70" />
            <SP ID="P84_SP00047" WIDTH="0" HPOS="0" VPOS="0" />
            <String ID="P84_S00054" HPOS="945" VPOS="653" WIDTH="146" HEIGHT="45" STYLEREFS="StyleId-0" CONTENT="formed" WC="0.816666663" CC="406000" />
            <SP ID="P84_SP00048" WIDTH="0" HPOS="0" VPOS="0" />
            <String ID="P84_S00055" HPOS="1111" VPOS="654" WIDTH="86" HEIGHT="44" STYLEREFS="StyleId-0" CONTENT="into" WC="0.8" CC="0601" />
            <SP ID="P84_SP00049" WIDTH="0" HPOS="0" VPOS="0" />
            <String ID="P84_S00056" HPOS="1227" VPOS="664" WIDTH="26" HEIGHT="34" STYLEREFS="StyleId-0" CONTENT="a" WC="0.42" CC="5" />
            <SP ID="P84_SP00050" WIDTH="0" HPOS="0" VPOS="0" />
            <String ID="P84_S00057" HPOS="1272" VPOS="653" WIDTH="170" HEIGHT="45" STYLEREFS="StyleId-0" CONTENT="brigade," WC="0.78125" CC="025100000" />
            <SP ID="P84_SP00051" WIDTH="0" HPOS="0" VPOS="0" />
            <String ID="P84_S00058" HPOS="1466" VPOS="663" WIDTH="46" HEIGHT="35" STYLEREFS="StyleId-0" CONTENT="or" WC="0.625" CC="07" />
            <SP ID="P84_SP00052" WIDTH="0" HPOS="0" VPOS="0" />
            <String ID="P84_S00059" HPOS="1530" VPOS="652" WIDTH="48" HEIGHT="46" STYLEREFS="StyleId-0" CONTENT="be" WC="1" CC="00" />
            <SP ID="P84_SP00053" WIDTH="0" HPOS="0" VPOS="0" />
            <String ID="P84_S00060" HPOS="1599" VPOS="652" WIDTH="204" HEIGHT="46" STYLEREFS="StyleId-0" CONTENT="organized" WC="0.728888869" CC="030653500" />
            <SP ID="P84_SP00054" WIDTH="0" HPOS="0" VPOS="0" />
            <String ID="P84_S00061" HPOS="1829" VPOS="652" WIDTH="42" HEIGHT="46" STYLEREFS="StyleId-0" CONTENT="in" WC="0.63" CC="07" />
          </TextLine>
          <TextLine ID="P84_TL00008" HPOS="336" VPOS="711" WIDTH="1541" HEIGHT="38">
            <String ID="P84_S00062" HPOS="336" VPOS="711" WIDTH="93" HEIGHT="35" STYLEREFS="StyleId-0" CONTENT="Buch" WC="0.625" CC="7700" />
            <SP ID="P84_SP00055" WIDTH="0" HPOS="0" VPOS="0" />
            <String ID="P84_S00063" HPOS="443" VPOS="720" WIDTH="171" HEIGHT="33" STYLEREFS="StyleId-0" CONTENT="manner," WC="0.638571441" CC="3077033" />
            <SP ID="P84_SP00056" WIDTH="0" HPOS="0" VPOS="0" />
            <String ID="P84_S00064" HPOS="638" VPOS="710" WIDTH="78" HEIGHT="43" STYLEREFS="StyleId-0" CONTENT="and" WC="0.77" CC="060" />
            <SP ID="P84_SP00057" WIDTH="0" HPOS="0" VPOS="0" />
            <String ID="P84_S00065" HPOS="738" VPOS="710" WIDTH="99" HEIGHT="43" STYLEREFS="StyleId-0" CONTENT="shall" WC="0.708" CC="70700" />
            <SP ID="P84_SP00058" WIDTH="0" HPOS="0" VPOS="0" />
            <String ID="P84_S00066" HPOS="856" VPOS="710" WIDTH="48" HEIGHT="43" STYLEREFS="StyleId-0" CONTENT="be" WC="0.5" CC="100" />
            <SP ID="P84_SP00059" WIDTH="0" HPOS="0" VPOS="0" />
            <String ID="P84_S00067" HPOS="924" VPOS="708" WIDTH="201" HEIGHT="45" STYLEREFS="StyleId-0" CONTENT="employed" WC="0.8825" CC="02401000" />
            <SP ID="P84_SP00060" WIDTH="0" HPOS="0" VPOS="0" />
            <String ID="P84_S00068" HPOS="1144" VPOS="709" WIDTH="41" HEIGHT="44" STYLEREFS="StyleId-0" CONTENT="in" WC="0.65" CC="07" />
            <SP ID="P84_SP00061" WIDTH="0" HPOS="0" VPOS="0" />
            <String ID="P84_S00069" HPOS="1206" VPOS="709" WIDTH="91" HEIGHT="44" STYLEREFS="StyleId-0" CONTENT="such" WC="0.5475" CC="5407" />
            <SP ID="P84_SP00062" WIDTH="0" HPOS="0" VPOS="0" />
            <String ID="P84_S00070" HPOS="1312" VPOS="709" WIDTH="148" HEIGHT="44" STYLEREFS="StyleId-0" CONTENT="service," WC="0.7875" CC="70050004" />
            <SP ID="P84_SP00063" WIDTH="0" HPOS="0" VPOS="0" />
            <String ID="P84_S00071" HPOS="1478" VPOS="718" WIDTH="45" HEIGHT="35" STYLEREFS="StyleId-0" CONTENT="as" WC="0.6" CC="08" />
            <SP ID="P84_SP00064" WIDTH="0" HPOS="0" VPOS="0" />
            <String ID="P84_S00072" HPOS="1536" VPOS="708" WIDTH="68" HEIGHT="45" STYLEREFS="StyleId-0" CONTENT="the" WC="1" CC="000" />
            <SP ID="P84_SP00065" WIDTH="0" HPOS="0" VPOS="0" />
            <String ID="P84_S00073" HPOS="1618" VPOS="706" WIDTH="199" HEIGHT="47" STYLEREFS="StyleId-0" CONTENT="Governor" WC="0.63375" CC="60702804" />
            <SP ID="P84_SP00066" WIDTH="0" HPOS="0" VPOS="0" />
            <String ID="P84_S00074" HPOS="1831" VPOS="707" WIDTH="46" HEIGHT="46" STYLEREFS="StyleId-0" CONTENT="of" WC="1" CC="00" />
          </TextLine>
          <TextLine ID="P84_TL00009" HPOS="335" VPOS="765" WIDTH="1533" HEIGHT="40">
            <String ID="P84_S00075" HPOS="335" VPOS="766" WIDTH="68" HEIGHT="35" STYLEREFS="StyleId-0" CONTENT="the" WC="0.826666653" CC="500" />
            <SP ID="P84_SP00067" WIDTH="0" HPOS="0" VPOS="0" />
            <String ID="P84_S00076" HPOS="417" VPOS="765" WIDTH="113" HEIGHT="36" STYLEREFS="StyleId-0" CONTENT="State" WC="0.812" CC="40005" />
            <SP ID="P84_SP00068" WIDTH="0" HPOS="0" VPOS="0" />
            <String ID="P84_S00077" HPOS="544" VPOS="766" WIDTH="45" HEIGHT="35" STYLEREFS="StyleId-0" CONTENT="of" WC="1" CC="00" />
            <SP ID="P84_SP00069" WIDTH="0" HPOS="0" VPOS="0" />
            <String ID="P84_S00078" HPOS="602" VPOS="765" WIDTH="88" HEIGHT="36" STYLEREFS="StyleId-0" CONTENT="New" WC="0.543333352" CC="607" />
            <SP ID="P84_SP00070" WIDTH="0" HPOS="0" VPOS="0" />
            <String ID="P84_S00079" HPOS="702" VPOS="765" WIDTH="108" HEIGHT="36" STYLEREFS="StyleId-0" CONTENT="York" WC="0.58" CC="6054" />
            <SP ID="P84_SP00071" WIDTH="0" HPOS="0" VPOS="0" />
            <String ID="P84_S00080" HPOS="824" VPOS="765" WIDTH="100" HEIGHT="36" STYLEREFS="StyleId-0" CONTENT="shall" WC="0.73" CC="57000" />
            <SP ID="P84_SP00072" WIDTH="0" HPOS="0" VPOS="0" />
            <String ID="P84_S00081" HPOS="939" VPOS="765" WIDTH="105" HEIGHT="36" STYLEREFS="StyleId-0" CONTENT="deem" WC="0.8725" CC="0050" />
            <SP ID="P84_SP00073" WIDTH="0" HPOS="0" VPOS="0" />
            <String ID="P84_S00082" HPOS="1057" VPOS="765" WIDTH="88" HEIGHT="36" STYLEREFS="StyleId-0" CONTENT="best" WC="0.8475" CC="0060" />
            <SP ID="P84_SP00074" WIDTH="0" HPOS="0" VPOS="0" />
            <String ID="P84_S00083" HPOS="1159" VPOS="764" WIDTH="171" HEIGHT="44" STYLEREFS="StyleId-0" CONTENT="adapted" WC="0.7285714" CC="0902700" />
            <SP ID="P84_SP00075" WIDTH="0" HPOS="0" VPOS="0" />
            <String ID="P84_S00084" HPOS="1350" VPOS="766" WIDTH="45" HEIGHT="42" STYLEREFS="StyleId-0" CONTENT="to" WC="1" CC="00" />
            <SP ID="P84_SP00076" WIDTH="0" HPOS="0" VPOS="0" />
            <String ID="P84_S00085" HPOS="1418" VPOS="763" WIDTH="131" HEIGHT="45" STYLEREFS="StyleId-0" CONTENT="defend" WC="0.9" CC="000060" />
            <SP ID="P84_SP00077" WIDTH="0" HPOS="0" VPOS="0" />
            <String ID="P84_S00086" HPOS="1562" VPOS="763" WIDTH="67" HEIGHT="45" STYLEREFS="StyleId-0" CONTENT="the" WC="0.75333333" CC="070" />
            <SP ID="P84_SP00078" WIDTH="0" HPOS="0" VPOS="0" />
            <String ID="P84_S00087" HPOS="1644" VPOS="762" WIDTH="85" HEIGHT="46" STYLEREFS="StyleId-0" CONTENT="said" WC="0.685" CC="8040" />
            <SP ID="P84_SP00079" WIDTH="0" HPOS="0" VPOS="0" />
            <String ID="P84_S00088" HPOS="1743" VPOS="762" WIDTH="125" HEIGHT="46" STYLEREFS="StyleId-0" CONTENT="State." WC="0.688333333" CC="700902" />
          </TextLine>
          <TextLine ID="P84_TL00010" HPOS="418" VPOS="822" WIDTH="1451" HEIGHT="38">
            <String ID="P84_S00089" HPOS="418" VPOS="822" WIDTH="135" HEIGHT="35" STYLEREFS="StyleId-0" CONTENT="&quot;Sect." WC="0.636666656" CC="164053" />
            <SP ID="P84_SP00080" WIDTH="0" HPOS="0" VPOS="0" />
            <String ID="P84_S00090" HPOS="577" VPOS="821" WIDTH="36" HEIGHT="36" STYLEREFS="StyleId-0" CONTENT="3." WC="0.51" CC="72" />
            <SP ID="P84_SP00081" WIDTH="0" HPOS="0" VPOS="0" />
            <String ID="P84_S00091" HPOS="655" VPOS="821" WIDTH="87" HEIGHT="36" STYLEREFS="StyleId-0" CONTENT="And" WC="0.7" CC="900" />
            <SP ID="P84_SP00082" WIDTH="0" HPOS="0" VPOS="0" />
            <String ID="P84_S00092" HPOS="768" VPOS="821" WIDTH="48" HEIGHT="36" STYLEREFS="StyleId-0" CONTENT="be" WC="1" CC="00" />
            <SP ID="P84_SP00083" WIDTH="0" HPOS="0" VPOS="0" />
            <String ID="P84_S00093" HPOS="842" VPOS="820" WIDTH="35" HEIGHT="37" STYLEREFS="StyleId-0" CONTENT="it" WC="1" CC="00" />
            <SP ID="P84_SP00084" WIDTH="0" HPOS="0" VPOS="0" />
            <String ID="P84_S00094" HPOS="903" VPOS="821" WIDTH="147" HEIGHT="36" STYLEREFS="StyleId-0" CONTENT="further" WC="0.677142859" CC="0170706" />
            <SP ID="P84_SP00085" WIDTH="0" HPOS="0" VPOS="0" />
            <String ID="P84_S00095" HPOS="1076" VPOS="820" WIDTH="171" HEIGHT="43" STYLEREFS="StyleId-0" CONTENT="enacted," WC="0.88375" CC="06000003" />
            <SP ID="P84_SP00086" WIDTH="0" HPOS="0" VPOS="0" />
            <String ID="P84_S00096" HPOS="1283" VPOS="819" WIDTH="106" HEIGHT="44" STYLEREFS="StyleId-0" CONTENT="That" WC="0.8125" CC="0700" />
            <SP ID="P84_SP00087" WIDTH="0" HPOS="0" VPOS="0" />
            <String ID="P84_S00097" HPOS="1417" VPOS="819" WIDTH="52" HEIGHT="44" STYLEREFS="StyleId-0" CONTENT="all" WC="0.886666656" CC="200" />
            <SP ID="P84_SP00088" WIDTH="0" HPOS="0" VPOS="0" />
            <String ID="P84_S00098" HPOS="1488" VPOS="818" WIDTH="67" HEIGHT="45" STYLEREFS="StyleId-0" CONTENT="the" WC="0.516666651" CC="770" />
            <SP ID="P84_SP00089" WIDTH="0" HPOS="0" VPOS="0" />
            <String ID="P84_S00099" HPOS="1574" VPOS="817" WIDTH="295" HEIGHT="46" STYLEREFS="StyleId-0" CONTENT="commissioned" WC="0.810833335" CC="000035600060" />
          </TextLine>
          <TextLine ID="P84_TL00011" HPOS="337" VPOS="878" WIDTH="1532" HEIGHT="38">
            <String ID="P84_S00100" HPOS="337" VPOS="878" WIDTH="145" HEIGHT="34" STYLEREFS="StyleId-0" CONTENT="officers" WC="0.755" CC="60000056" />
            <SP ID="P84_SP00090" WIDTH="0" HPOS="0" VPOS="0" />
            <String ID="P84_S00101" HPOS="498" VPOS="877" WIDTH="44" HEIGHT="35" STYLEREFS="StyleId-0" CONTENT="of" WC="1" CC="00" />
            <SP ID="P84_SP00091" WIDTH="0" HPOS="0" VPOS="0" />
            <String ID="P84_S00102" HPOS="556" VPOS="877" WIDTH="67" HEIGHT="35" STYLEREFS="StyleId-0" CONTENT="the" WC="0.706666648" CC="071" />
            <SP ID="P84_SP00092" WIDTH="0" HPOS="0" VPOS="0" />
            <String ID="P84_S00103" HPOS="644" VPOS="877" WIDTH="86" HEIGHT="35" STYLEREFS="StyleId-0" CONTENT="said" WC="0.5575" CC="7009" />
            <SP ID="P84_SP00093" WIDTH="0" HPOS="0" VPOS="0" />
            <String ID="P84_S00104" HPOS="749" VPOS="877" WIDTH="207" HEIGHT="43" STYLEREFS="StyleId-0" CONTENT="regiments" WC="0.614444435" CC="6010100736" />
            <SP ID="P84_SP00094" WIDTH="0" HPOS="0" VPOS="0" />
            <String ID="P84_S00105" HPOS="978" VPOS="876" WIDTH="79" HEIGHT="44" STYLEREFS="StyleId-0" CONTENT="and" WC="0.7866667" CC="060" />
            <SP ID="P84_SP00095" WIDTH="0" HPOS="0" VPOS="0" />
            <String ID="P84_S00106" HPOS="1076" VPOS="875" WIDTH="160" HEIGHT="45" STYLEREFS="StyleId-0" CONTENT="brigade" WC="0.7057143" CC="05510000" />
            <SP ID="P84_SP00096" WIDTH="0" HPOS="0" VPOS="0" />
            <String ID="P84_S00107" HPOS="1257" VPOS="875" WIDTH="99" HEIGHT="45" STYLEREFS="StyleId-0" CONTENT="shall" WC="0.714" CC="77000" />
            <SP ID="P84_SP00097" WIDTH="0" HPOS="0" VPOS="0" />
            <String ID="P84_S00108" HPOS="1374" VPOS="875" WIDTH="48" HEIGHT="45" STYLEREFS="StyleId-0" CONTENT="be" WC="1" CC="00" />
            <SP ID="P84_SP00098" WIDTH="0" HPOS="0" VPOS="0" />
            <String ID="P84_S00109" HPOS="1442" VPOS="874" WIDTH="114" HEIGHT="46" STYLEREFS="StyleId-0" CONTENT="white" WC="0.75" CC="70203" />
            <SP ID="P84_SP00099" WIDTH="0" HPOS="0" VPOS="0" />
            <String ID="P84_S00110" HPOS="1575" VPOS="884" WIDTH="104" HEIGHT="36" STYLEREFS="StyleId-0" CONTENT="men;" WC="0.6575" CC="0076" />
            <SP ID="P84_SP00100" WIDTH="0" HPOS="0" VPOS="0" />
            <String ID="P84_S00111" HPOS="1703" VPOS="873" WIDTH="78" HEIGHT="47" STYLEREFS="StyleId-0" CONTENT="and" WC="0.76" CC="070" />
            <SP ID="P84_SP00101" WIDTH="0" HPOS="0" VPOS="0" />
            <String ID="P84_S00112" HPOS="1801" VPOS="873" WIDTH="68" HEIGHT="47" STYLEREFS="StyleId-0" CONTENT="the" WC="0.75666666" CC="070" />
          </TextLine>
          <TextLine ID="P84_TL00012" HPOS="338" VPOS="932" WIDTH="1532" HEIGHT="39">
            <String ID="P84_S00113" HPOS="338" VPOS="932" WIDTH="199" HEIGHT="36" STYLEREFS="StyleId-0" CONTENT="Governor" WC="0.5825" CC="601004605" />
            <SP ID="P84_SP00102" WIDTH="0" HPOS="0" VPOS="0" />
            <String ID="P84_S00114" HPOS="551" VPOS="932" WIDTH="44" HEIGHT="36" STYLEREFS="StyleId-0" CONTENT="of" WC="1" CC="00" />
            <SP ID="P84_SP00103" WIDTH="0" HPOS="0" VPOS="0" />
            <String ID="P84_S00115" HPOS="609" VPOS="933" WIDTH="68" HEIGHT="35" STYLEREFS="StyleId-0" CONTENT="the" WC="0.76" CC="070" />
            <SP ID="P84_SP00104" WIDTH="0" HPOS="0" VPOS="0" />
            <String ID="P84_S00116" HPOS="697" VPOS="932" WIDTH="112" HEIGHT="36" STYLEREFS="StyleId-0" CONTENT="State" WC="0.79" CC="60030" />
            <SP ID="P84_SP00105" WIDTH="0" HPOS="0" VPOS="0" />
            <String ID="P84_S00117" HPOS="831" VPOS="932" WIDTH="44" HEIGHT="36" STYLEREFS="StyleId-0" CONTENT="of" WC="0.835" CC="21" />
            <SP ID="P84_SP00106" WIDTH="0" HPOS="0" VPOS="0" />
            <String ID="P84_S00118" HPOS="890" VPOS="932" WIDTH="87" HEIGHT="36" STYLEREFS="StyleId-0" CONTENT="New" WC="0.9533333" CC="100" />
            <SP ID="P84_SP00107" WIDTH="0" HPOS="0" VPOS="0" />
            <String ID="P84_S00119" HPOS="996" VPOS="931" WIDTH="108" HEIGHT="37" STYLEREFS="StyleId-0" CONTENT="York" WC="0.5475" CC="6056" />
            <SP ID="P84_SP00108" WIDTH="0" HPOS="0" VPOS="0" />
            <String ID="P84_S00120" HPOS="1124" VPOS="931" WIDTH="100" HEIGHT="37" STYLEREFS="StyleId-0" CONTENT="shall" WC="0.666" CC="77010" />
            <SP ID="P84_SP00109" WIDTH="0" HPOS="0" VPOS="0" />
            <String ID="P84_S00121" HPOS="1243" VPOS="930" WIDTH="58" HEIGHT="44" STYLEREFS="StyleId-0" CONTENT="be," WC="0.876666665" CC="003" />
            <SP ID="P84_SP00110" WIDTH="0" HPOS="0" VPOS="0" />
            <String ID="P84_S00122" HPOS="1325" VPOS="930" WIDTH="78" HEIGHT="44" STYLEREFS="StyleId-0" CONTENT="and" WC="0.75333333" CC="070" />
            <SP ID="P84_SP00111" WIDTH="0" HPOS="0" VPOS="0" />
            <String ID="P84_S00123" HPOS="1423" VPOS="930" WIDTH="46" HEIGHT="44" STYLEREFS="StyleId-0" CONTENT="he" WC="0.64" CC="70" />
            <SP ID="P84_SP00112" WIDTH="0" HPOS="0" VPOS="0" />
            <String ID="P84_S00124" HPOS="1489" VPOS="929" WIDTH="33" HEIGHT="45" STYLEREFS="StyleId-0" CONTENT="is" WC="0.605" CC="07" />
            <SP ID="P84_SP00113" WIDTH="0" HPOS="0" VPOS="0" />
            <String ID="P84_S00125" HPOS="1542" VPOS="929" WIDTH="150" HEIGHT="45" STYLEREFS="StyleId-0" CONTENT="hereby," WC="0.6957143" CC="70000103" />
            <SP ID="P84_SP00114" WIDTH="0" HPOS="0" VPOS="0" />
            <String ID="P84_S00126" HPOS="1709" VPOS="929" WIDTH="161" HEIGHT="45" STYLEREFS="StyleId-0" CONTENT="author¬" WC="0.67" CC="0407073" />
          </TextLine>
          <TextLine ID="P84_TL00013" HPOS="336" VPOS="989" WIDTH="1532" HEIGHT="37">
            <String ID="P84_S00127" HPOS="336" VPOS="989" WIDTH="81" HEIGHT="35" STYLEREFS="StyleId-0" CONTENT="ized" WC="0.825" CC="0700" />
            <SP ID="P84_SP00115" WIDTH="0" HPOS="0" VPOS="0" />
            <String ID="P84_S00128" HPOS="429" VPOS="991" WIDTH="47" HEIGHT="33" STYLEREFS="StyleId-0" CONTENT="to" WC="1" CC="00" />
            <SP ID="P84_SP00116" WIDTH="0" HPOS="0" VPOS="0" />
            <String ID="P84_S00129" HPOS="489" VPOS="988" WIDTH="258" HEIGHT="43" STYLEREFS="StyleId-0" CONTENT="commission," WC="0.6718182" CC="00006764073" />
            <SP ID="P84_SP00117" WIDTH="0" HPOS="0" VPOS="0" />
            <String ID="P84_S00130" HPOS="763" VPOS="988" WIDTH="53" HEIGHT="43" STYLEREFS="StyleId-0" CONTENT="by" WC="1" CC="00" />
            <SP ID="P84_SP00118" WIDTH="0" HPOS="0" VPOS="0" />
            <String ID="P84_S00131" HPOS="829" VPOS="987" WIDTH="146" HEIGHT="44" STYLEREFS="StyleId-0" CONTENT="brevet," WC="0.9257143" CC="0100102" />
            <SP ID="P84_SP00119" WIDTH="0" HPOS="0" VPOS="0" />
            <String ID="P84_S00132" HPOS="998" VPOS="987" WIDTH="53" HEIGHT="44" STYLEREFS="StyleId-0" CONTENT="all" WC="0.72" CC="502" />
            <SP ID="P84_SP00120" WIDTH="0" HPOS="0" VPOS="0" />
            <String ID="P84_S00133" HPOS="1070" VPOS="987" WIDTH="68" HEIGHT="44" STYLEREFS="StyleId-0" CONTENT="the" WC="1" CC="000" />
            <SP ID="P84_SP00121" WIDTH="0" HPOS="0" VPOS="0" />
            <String ID="P84_S00134" HPOS="1158" VPOS="988" WIDTH="146" HEIGHT="43" STYLEREFS="StyleId-0" CONTENT="officers" WC="0.80125" CC="02220036" />
            <SP ID="P84_SP00122" WIDTH="0" HPOS="0" VPOS="0" />
            <String ID="P84_S00135" HPOS="1324" VPOS="985" WIDTH="46" HEIGHT="46" STYLEREFS="StyleId-0" CONTENT="of" WC="0.77" CC="04" />
            <SP ID="P84_SP00123" WIDTH="0" HPOS="0" VPOS="0" />
            <String ID="P84_S00136" HPOS="1382" VPOS="985" WIDTH="67" HEIGHT="46" STYLEREFS="StyleId-0" CONTENT="the" WC="1" CC="000" />
            <SP ID="P84_SP00124" WIDTH="0" HPOS="0" VPOS="0" />
            <String ID="P84_S00137" HPOS="1469" VPOS="984" WIDTH="86" HEIGHT="47" STYLEREFS="StyleId-0" CONTENT="said" WC="0.815" CC="6000" />
            <SP ID="P84_SP00125" WIDTH="0" HPOS="0" VPOS="0" />
            <String ID="P84_S00138" HPOS="1568" VPOS="983" WIDTH="206" HEIGHT="48" STYLEREFS="StyleId-0" CONTENT="regiments" WC="0.723333359" CC="408200207" />
            <SP ID="P84_SP00126" WIDTH="0" HPOS="0" VPOS="0" />
            <String ID="P84_S00139" HPOS="1789" VPOS="983" WIDTH="79" HEIGHT="48" STYLEREFS="StyleId-0" CONTENT="and" WC="0.8" CC="060" />
          </TextLine>
          <TextLine ID="P84_TL00014" HPOS="337" VPOS="1044" WIDTH="1538" HEIGHT="37">
            <String ID="P84_S00140" HPOS="337" VPOS="1044" WIDTH="173" HEIGHT="44" STYLEREFS="StyleId-0" CONTENT="brigade," WC="0.60375" CC="104590010" />
            <SP ID="P84_SP00127" WIDTH="0" HPOS="0" VPOS="0" />
            <String ID="P84_S00141" HPOS="525" VPOS="1044" WIDTH="85" HEIGHT="44" STYLEREFS="StyleId-0" CONTENT="who" WC="1" CC="000" />
            <SP ID="P84_SP00128" WIDTH="0" HPOS="0" VPOS="0" />
            <String ID="P84_S00142" HPOS="626" VPOS="1044" WIDTH="99" HEIGHT="44" STYLEREFS="StyleId-0" CONTENT="shall" WC="0.498" CC="87044" />
            <SP ID="P84_SP00129" WIDTH="0" HPOS="0" VPOS="0" />
            <String ID="P84_S00143" HPOS="738" VPOS="1043" WIDTH="93" HEIGHT="45" STYLEREFS="StyleId-0" CONTENT="hold" WC="0.675" CC="7050" />
            <SP ID="P84_SP00130" WIDTH="0" HPOS="0" VPOS="0" />
            <String ID="P84_S00144" HPOS="844" VPOS="1043" WIDTH="101" HEIGHT="45" STYLEREFS="StyleId-0" CONTENT="their" WC="0.624" CC="07046" />
            <SP ID="P84_SP00131" WIDTH="0" HPOS="0" VPOS="0" />
            <String ID="P84_S00145" HPOS="964" VPOS="1042" WIDTH="207" HEIGHT="46" STYLEREFS="StyleId-0" CONTENT="respective" WC="0.845" CC="6060020000" />
            <SP ID="P84_SP00132" WIDTH="0" HPOS="0" VPOS="0" />
            <String ID="P84_S00146" HPOS="1190" VPOS="1040" WIDTH="265" HEIGHT="48" STYLEREFS="StyleId-0" CONTENT="commissions" WC="0.7781818" CC="00000740065" />
            <SP ID="P84_SP00133" WIDTH="0" HPOS="0" VPOS="0" />
            <String ID="P84_S00147" HPOS="1475" VPOS="1039" WIDTH="104" HEIGHT="49" STYLEREFS="StyleId-0" CONTENT="until" WC="0.538" CC="77520" />
            <SP ID="P84_SP00134" WIDTH="0" HPOS="0" VPOS="0" />
            <String ID="P84_S00148" HPOS="1588" VPOS="1039" WIDTH="67" HEIGHT="49" STYLEREFS="StyleId-0" CONTENT="the" WC="1" CC="000" />
            <SP ID="P84_SP00135" WIDTH="0" HPOS="0" VPOS="0" />
            <String ID="P84_S00149" HPOS="1668" VPOS="1039" WIDTH="147" HEIGHT="49" STYLEREFS="StyleId-0" CONTENT="council" WC="0.7757143" CC="0167000" />
            <SP ID="P84_SP00136" WIDTH="0" HPOS="0" VPOS="0" />
            <String ID="P84_S00150" HPOS="1829" VPOS="1039" WIDTH="46" HEIGHT="49" STYLEREFS="StyleId-0" CONTENT="of" WC="1" CC="00" />
          </TextLine>
          <TextLine ID="P84_TL00015" HPOS="338" VPOS="1099" WIDTH="1529" HEIGHT="38">
            <String ID="P84_S00151" HPOS="338" VPOS="1101" WIDTH="274" HEIGHT="42" STYLEREFS="StyleId-0" CONTENT="appointment" WC="0.7309091" CC="600066000100" />
            <SP ID="P84_SP00137" WIDTH="0" HPOS="0" VPOS="0" />
            <String ID="P84_S00152" HPOS="625" VPOS="1099" WIDTH="100" HEIGHT="44" STYLEREFS="StyleId-0" CONTENT="shall" WC="0.63" CC="77030" />
            <SP ID="P84_SP00138" WIDTH="0" HPOS="0" VPOS="0" />
            <String ID="P84_S00153" HPOS="737" VPOS="1099" WIDTH="101" HEIGHT="44" STYLEREFS="StyleId-0" CONTENT="have" WC="0.7875" CC="7001" />
            <SP ID="P84_SP00139" WIDTH="0" HPOS="0" VPOS="0" />
            <String ID="P84_S00154" HPOS="852" VPOS="1098" WIDTH="212" HEIGHT="45" STYLEREFS="StyleId-0" CONTENT="appointed" WC="0.8422222" CC="040106300" />
            <SP ID="P84_SP00140" WIDTH="0" HPOS="0" VPOS="0" />
            <String ID="P84_S00155" HPOS="1084" VPOS="1098" WIDTH="67" HEIGHT="45" STYLEREFS="StyleId-0" CONTENT="the" WC="0.75333333" CC="070" />
            <SP ID="P84_SP00141" WIDTH="0" HPOS="0" VPOS="0" />
            <String ID="P84_S00156" HPOS="1172" VPOS="1097" WIDTH="144" HEIGHT="46" STYLEREFS="StyleId-0" CONTENT="officers" WC="0.85625" CC="00002224" />
            <SP ID="P84_SP00142" WIDTH="0" HPOS="0" VPOS="0" />
            <String ID="P84_S00157" HPOS="1331" VPOS="1096" WIDTH="44" HEIGHT="47" STYLEREFS="StyleId-0" CONTENT="of" WC="0.855" CC="02" />
            <SP ID="P84_SP00143" WIDTH="0" HPOS="0" VPOS="0" />
            <String ID="P84_S00158" HPOS="1389" VPOS="1093" WIDTH="66" HEIGHT="50" STYLEREFS="StyleId-0" CONTENT="the" WC="0.75333333" CC="070" />
            <SP ID="P84_SP00144" WIDTH="0" HPOS="0" VPOS="0" />
            <String ID="P84_S00159" HPOS="1469" VPOS="1095" WIDTH="85" HEIGHT="48" STYLEREFS="StyleId-0" CONTENT="said" WC="0.74" CC="6030" />
            <SP ID="P84_SP00145" WIDTH="0" HPOS="0" VPOS="0" />
            <String ID="P84_S00160" HPOS="1568" VPOS="1095" WIDTH="205" HEIGHT="48" STYLEREFS="StyleId-0" CONTENT="regiments" WC="0.6311111" CC="500600686" />
            <SP ID="P84_SP00146" WIDTH="0" HPOS="0" VPOS="0" />
            <String ID="P84_S00161" HPOS="1788" VPOS="1094" WIDTH="79" HEIGHT="49" STYLEREFS="StyleId-0" CONTENT="and" WC="0.78" CC="060" />
          </TextLine>
          <TextLine ID="P84_TL00016" HPOS="337" VPOS="1155" WIDTH="1449" HEIGHT="37">
            <String ID="P84_S00162" HPOS="337" VPOS="1155" WIDTH="172" HEIGHT="44" STYLEREFS="StyleId-0" CONTENT="brigade," WC="0.535" CC="108600804" />
            <SP ID="P84_SP00147" WIDTH="0" HPOS="0" VPOS="0" />
            <String ID="P84_S00163" HPOS="523" VPOS="1155" WIDTH="41" HEIGHT="44" STYLEREFS="StyleId-0" CONTENT="in" WC="0.545" CC="44" />
            <SP ID="P84_SP00148" WIDTH="0" HPOS="0" VPOS="0" />
            <String ID="P84_S00164" HPOS="577" VPOS="1165" WIDTH="215" HEIGHT="34" STYLEREFS="StyleId-0" CONTENT="pursuance" WC="0.544444442" CC="966740600" />
            <SP ID="P84_SP00149" WIDTH="0" HPOS="0" VPOS="0" />
            <String ID="P84_S00165" HPOS="805" VPOS="1154" WIDTH="45" HEIGHT="45" STYLEREFS="StyleId-0" CONTENT="of" WC="1" CC="00" />
            <SP ID="P84_SP00150" WIDTH="0" HPOS="0" VPOS="0" />
            <String ID="P84_S00166" HPOS="863" VPOS="1154" WIDTH="68" HEIGHT="45" STYLEREFS="StyleId-0" CONTENT="the" WC="0.75333333" CC="070" />
            <SP ID="P84_SP00151" WIDTH="0" HPOS="0" VPOS="0" />
            <String ID="P84_S00167" HPOS="945" VPOS="1153" WIDTH="266" HEIGHT="46" STYLEREFS="StyleId-0" CONTENT="Constitution" WC="0.635" CC="3066000710207" />
            <SP ID="P84_SP00152" WIDTH="0" HPOS="0" VPOS="0" />
            <String ID="P84_S00168" HPOS="1225" VPOS="1152" WIDTH="78" HEIGHT="47" STYLEREFS="StyleId-0" CONTENT="and" WC="0.63" CC="460" />
            <SP ID="P84_SP00153" WIDTH="0" HPOS="0" VPOS="0" />
            <String ID="P84_S00169" HPOS="1315" VPOS="1151" WIDTH="94" HEIGHT="48" STYLEREFS="StyleId-0" CONTENT="laws" WC="0.665" CC="0075" />
            <SP ID="P84_SP00154" WIDTH="0" HPOS="0" VPOS="0" />
            <String ID="P84_S00170" HPOS="1423" VPOS="1150" WIDTH="45" HEIGHT="49" STYLEREFS="StyleId-0" CONTENT="of" WC="1" CC="00" />
            <SP ID="P84_SP00155" WIDTH="0" HPOS="0" VPOS="0" />
            <String ID="P84_S00171" HPOS="1481" VPOS="1150" WIDTH="68" HEIGHT="49" STYLEREFS="StyleId-0" CONTENT="the" WC="0.75" CC="070" />
            <SP ID="P84_SP00156" WIDTH="0" HPOS="0" VPOS="0" />
            <String ID="P84_S00172" HPOS="1562" VPOS="1150" WIDTH="86" HEIGHT="49" STYLEREFS="StyleId-0" CONTENT="said" WC="0.5775" CC="7900" />
            <SP ID="P84_SP00157" WIDTH="0" HPOS="0" VPOS="0" />
            <String ID="P84_S00173" HPOS="1661" VPOS="1149" WIDTH="125" HEIGHT="50" STYLEREFS="StyleId-0" CONTENT="State." WC="0.663333356" CC="600904" />
          </TextLine>
          <TextLine ID="P84_TL00017" HPOS="420" VPOS="1211" WIDTH="1448" HEIGHT="37">
            <String ID="P84_S00174" HPOS="420" VPOS="1211" WIDTH="134" HEIGHT="34" STYLEREFS="StyleId-2" CONTENT="&quot;Sect." WC="0.71" CC="354003" />
            <SP ID="P84_SP00158" WIDTH="0" HPOS="0" VPOS="0" />
            <String ID="P84_S00175" HPOS="578" VPOS="1210" WIDTH="36" HEIGHT="35" STYLEREFS="StyleId-0" CONTENT="6." WC="0.455" CC="64" />
            <SP ID="P84_SP00159" WIDTH="0" HPOS="0" VPOS="0" />
            <String ID="P84_S00176" HPOS="656" VPOS="1210" WIDTH="87" HEIGHT="35" STYLEREFS="StyleId-0" CONTENT="And" WC="0.6766667" CC="900" />
            <SP ID="P84_SP00160" WIDTH="0" HPOS="0" VPOS="0" />
            <String ID="P84_S00177" HPOS="763" VPOS="1210" WIDTH="47" HEIGHT="35" STYLEREFS="StyleId-0" CONTENT="be" WC="0.96" CC="00" />
            <SP ID="P84_SP00161" WIDTH="0" HPOS="0" VPOS="0" />
            <String ID="P84_S00178" HPOS="829" VPOS="1209" WIDTH="35" HEIGHT="36" STYLEREFS="StyleId-0" CONTENT="it" WC="0.54" CC="09" />
            <SP ID="P84_SP00162" WIDTH="0" HPOS="0" VPOS="0" />
            <String ID="P84_S00179" HPOS="883" VPOS="1209" WIDTH="146" HEIGHT="36" STYLEREFS="StyleId-0" CONTENT="further" WC="0.4942857" CC="51050707" />
            <SP ID="P84_SP00163" WIDTH="0" HPOS="0" VPOS="0" />
            <String ID="P84_S00180" HPOS="1049" VPOS="1209" WIDTH="171" HEIGHT="42" STYLEREFS="StyleId-0" CONTENT="enacted," WC="0.92625" CC="05000000" />
            <SP ID="P84_SP00164" WIDTH="0" HPOS="0" VPOS="0" />
            <String ID="P84_S00181" HPOS="1263" VPOS="1206" WIDTH="105" HEIGHT="45" STYLEREFS="StyleId-0" CONTENT="That" WC="0.62" CC="0780" />
            <SP ID="P84_SP00165" WIDTH="0" HPOS="0" VPOS="0" />
            <String ID="P84_S00182" HPOS="1394" VPOS="1206" WIDTH="33" HEIGHT="45" STYLEREFS="StyleId-0" CONTENT="it" WC="0.5" CC="010" />
            <SP ID="P84_SP00166" WIDTH="0" HPOS="0" VPOS="0" />
            <String ID="P84_S00183" HPOS="1454" VPOS="1205" WIDTH="99" HEIGHT="46" STYLEREFS="StyleId-0" CONTENT="shall" WC="0.71" CC="77000" />
            <SP ID="P84_SP00167" WIDTH="0" HPOS="0" VPOS="0" />
            <String ID="P84_S00184" HPOS="1579" VPOS="1205" WIDTH="49" HEIGHT="46" STYLEREFS="StyleId-0" CONTENT="be" WC="0.705" CC="05" />
            <SP ID="P84_SP00168" WIDTH="0" HPOS="0" VPOS="0" />
            <String ID="P84_S00185" HPOS="1651" VPOS="1205" WIDTH="128" HEIGHT="46" STYLEREFS="StyleId-0" CONTENT="lawful" WC="0.50666666" CC="269172" />
            <SP ID="P84_SP00169" WIDTH="0" HPOS="0" VPOS="0" />
            <String ID="P84_S00186" HPOS="1805" VPOS="1205" WIDTH="63" HEIGHT="46" STYLEREFS="StyleId-0" CONTENT="for" WC="0.7" CC="008" />
          </TextLine>
          <TextLine ID="P84_TL00018" HPOS="338" VPOS="1267" WIDTH="1530" HEIGHT="36">
            <String ID="P84_S00187" HPOS="338" VPOS="1276" WIDTH="80" HEIGHT="33" STYLEREFS="StyleId-0" CONTENT="any" WC="0.533333361" CC="670" />
            <SP ID="P84_SP00170" WIDTH="0" HPOS="0" VPOS="0" />
            <String ID="P84_S00188" HPOS="445" VPOS="1265" WIDTH="239" HEIGHT="44" STYLEREFS="StyleId-0" CONTENT="able-bodied" WC="0.883636355" CC="70203000000" />
            <SP ID="P84_SP00171" WIDTH="0" HPOS="0" VPOS="0" />
            <String ID="P84_S00189" HPOS="711" VPOS="1265" WIDTH="116" HEIGHT="44" STYLEREFS="StyleId-0" CONTENT="slave," WC="0.6016667" CC="7201004" />
            <SP ID="P84_SP00172" WIDTH="0" HPOS="0" VPOS="0" />
            <String ID="P84_S00190" HPOS="858" VPOS="1265" WIDTH="91" HEIGHT="44" STYLEREFS="StyleId-0" CONTENT="with" WC="0.5725" CC="0277" />
            <SP ID="P84_SP00173" WIDTH="0" HPOS="0" VPOS="0" />
            <String ID="P84_S00191" HPOS="969" VPOS="1264" WIDTH="67" HEIGHT="45" STYLEREFS="StyleId-0" CONTENT="the" WC="0.6666667" CC="0100" />
            <SP ID="P84_SP00174" WIDTH="0" HPOS="0" VPOS="0" />
            <String ID="P84_S00192" HPOS="1056" VPOS="1264" WIDTH="154" HEIGHT="45" STYLEREFS="StyleId-0" CONTENT="written" WC="0.65" CC="0519007" />
            <SP ID="P84_SP00175" WIDTH="0" HPOS="0" VPOS="0" />
            <String ID="P84_S00193" HPOS="1231" VPOS="1264" WIDTH="132" HEIGHT="45" STYLEREFS="StyleId-0" CONTENT="assent" WC="0.6666667" CC="066070" />
            <SP ID="P84_SP00176" WIDTH="0" HPOS="0" VPOS="0" />
            <String ID="P84_S00194" HPOS="1383" VPOS="1261" WIDTH="43" HEIGHT="48" STYLEREFS="StyleId-0" CONTENT="of" WC="0.69" CC="06" />
            <SP ID="P84_SP00177" WIDTH="0" HPOS="0" VPOS="0" />
            <String ID="P84_S00195" HPOS="1449" VPOS="1261" WIDTH="58" HEIGHT="48" STYLEREFS="StyleId-0" CONTENT="his" WC="0.57" CC="057" />
            <SP ID="P84_SP00178" WIDTH="0" HPOS="0" VPOS="0" />
            <String ID="P84_S00196" HPOS="1534" VPOS="1262" WIDTH="146" HEIGHT="47" STYLEREFS="StyleId-0" CONTENT="master" WC="0.613333344" CC="1006006" />
            <SP ID="P84_SP00179" WIDTH="0" HPOS="0" VPOS="0" />
            <String ID="P84_S00197" HPOS="1707" VPOS="1270" WIDTH="46" HEIGHT="39" STYLEREFS="StyleId-0" CONTENT="or" WC="0.755" CC="04" />
            <SP ID="P84_SP00180" WIDTH="0" HPOS="0" VPOS="0" />
            <String ID="P84_S00198" HPOS="1779" VPOS="1260" WIDTH="89" HEIGHT="49" STYLEREFS="StyleId-0" CONTENT="mis¬" WC="0.555" CC="0584" />
          </TextLine>
          <TextLine ID="P84_TL00019" HPOS="337" VPOS="1322" WIDTH="1528" HEIGHT="37">
            <String ID="P84_S00199" HPOS="337" VPOS="1324" WIDTH="111" HEIGHT="40" STYLEREFS="StyleId-0" CONTENT="tress," WC="0.481666654" CC="670664" />
            <SP ID="P84_SP00181" WIDTH="0" HPOS="0" VPOS="0" />
            <String ID="P84_S00200" HPOS="464" VPOS="1323" WIDTH="45" HEIGHT="41" STYLEREFS="StyleId-0" CONTENT="to" WC="1" CC="00" />
            <SP ID="P84_SP00182" WIDTH="0" HPOS="0" VPOS="0" />
            <String ID="P84_S00201" HPOS="524" VPOS="1321" WIDTH="115" HEIGHT="43" STYLEREFS="StyleId-0" CONTENT="enliBt" WC="0.6483333" CC="071480" />
            <SP ID="P84_SP00183" WIDTH="0" HPOS="0" VPOS="0" />
            <String ID="P84_S00202" HPOS="658" VPOS="1321" WIDTH="85" HEIGHT="43" STYLEREFS="StyleId-0" CONTENT="into" WC="0.815" CC="0700" />
            <SP ID="P84_SP00184" WIDTH="0" HPOS="0" VPOS="0" />
            <String ID="P84_S00203" HPOS="757" VPOS="1321" WIDTH="67" HEIGHT="43" STYLEREFS="StyleId-0" CONTENT="the" WC="0.74333334" CC="070" />
            <SP ID="P84_SP00185" WIDTH="0" HPOS="0" VPOS="0" />
            <String ID="P84_S00204" HPOS="845" VPOS="1320" WIDTH="86" HEIGHT="44" STYLEREFS="StyleId-0" CONTENT="said" WC="0.6625" CC="5700" />
            <SP ID="P84_SP00186" WIDTH="0" HPOS="0" VPOS="0" />
            <String ID="P84_S00205" HPOS="951" VPOS="1330" WIDTH="130" HEIGHT="34" STYLEREFS="StyleId-0" CONTENT="corps;" WC="0.6716667" CC="006066" />
            <SP ID="P84_SP00187" WIDTH="0" HPOS="0" VPOS="0" />
            <String ID="P84_S00206" HPOS="1105" VPOS="1318" WIDTH="78" HEIGHT="46" STYLEREFS="StyleId-0" CONTENT="and" WC="0.5" CC="770" />
            <SP ID="P84_SP00188" WIDTH="0" HPOS="0" VPOS="0" />
            <String ID="P84_S00207" HPOS="1203" VPOS="1318" WIDTH="67" HEIGHT="46" STYLEREFS="StyleId-0" CONTENT="the" WC="0.75333333" CC="070" />
            <SP ID="P84_SP00189" WIDTH="0" HPOS="0" VPOS="0" />
            <String ID="P84_S00208" HPOS="1289" VPOS="1320" WIDTH="146" HEIGHT="44" STYLEREFS="StyleId-0" CONTENT="master" WC="0.533333361" CC="037907" />
            <SP ID="P84_SP00190" WIDTH="0" HPOS="0" VPOS="0" />
            <String ID="P84_S00209" HPOS="1456" VPOS="1327" WIDTH="45" HEIGHT="37" STYLEREFS="StyleId-0" CONTENT="or" WC="0.655" CC="06" />
            <SP ID="P84_SP00191" WIDTH="0" HPOS="0" VPOS="0" />
            <String ID="P84_S00210" HPOS="1521" VPOS="1316" WIDTH="171" HEIGHT="48" STYLEREFS="StyleId-0" CONTENT="mistress" WC="0.5975" CC="06605077" />
            <SP ID="P84_SP00192" WIDTH="0" HPOS="0" VPOS="0" />
            <String ID="P84_S00211" HPOS="1714" VPOS="1316" WIDTH="43" HEIGHT="48" STYLEREFS="StyleId-0" CONTENT="of" WC="0.695" CC="06" />
            <SP ID="P84_SP00193" WIDTH="0" HPOS="0" VPOS="0" />
            <String ID="P84_S00212" HPOS="1773" VPOS="1315" WIDTH="92" HEIGHT="49" STYLEREFS="StyleId-0" CONTENT="such" WC="0.48" CC="7607" />
          </TextLine>
          <TextLine ID="P84_TL00020" HPOS="339" VPOS="1377" WIDTH="1526" HEIGHT="36">
            <String ID="P84_S00213" HPOS="339" VPOS="1377" WIDTH="106" HEIGHT="35" STYLEREFS="StyleId-0" CONTENT="slave" WC="0.728" CC="84000" />
            <SP ID="P84_SP00194" WIDTH="0" HPOS="0" VPOS="0" />
            <String ID="P84_S00214" HPOS="459" VPOS="1377" WIDTH="100" HEIGHT="35" STYLEREFS="StyleId-0" CONTENT="shall" WC="0.67" CC="77010" />
            <SP ID="P84_SP00195" WIDTH="0" HPOS="0" VPOS="0" />
            <String ID="P84_S00215" HPOS="571" VPOS="1377" WIDTH="47" HEIGHT="35" STYLEREFS="StyleId-0" CONTENT="be" WC="1" CC="00" />
            <SP ID="P84_SP00196" WIDTH="0" HPOS="0" VPOS="0" />
            <String ID="P84_S00216" HPOS="632" VPOS="1375" WIDTH="159" HEIGHT="37" STYLEREFS="StyleId-0" CONTENT="entitled" WC="0.9025" CC="07000000" />
            <SP ID="P84_SP00197" WIDTH="0" HPOS="0" VPOS="0" />
            <String ID="P84_S00217" HPOS="804" VPOS="1378" WIDTH="46" HEIGHT="34" STYLEREFS="StyleId-0" CONTENT="to" WC="1" CC="00" />
            <SP ID="P84_SP00198" WIDTH="0" HPOS="0" VPOS="0" />
            <String ID="P84_S00218" HPOS="864" VPOS="1375" WIDTH="67" HEIGHT="37" STYLEREFS="StyleId-0" CONTENT="the" WC="0.75" CC="070" />
            <SP ID="P84_SP00199" WIDTH="0" HPOS="0" VPOS="0" />
            <String ID="P84_S00219" HPOS="944" VPOS="1385" WIDTH="80" HEIGHT="33" STYLEREFS="StyleId-0" CONTENT="pay" WC="0.6666667" CC="0010" />
            <SP ID="P84_SP00200" WIDTH="0" HPOS="0" VPOS="0" />
            <String ID="P84_S00220" HPOS="1038" VPOS="1374" WIDTH="79" HEIGHT="44" STYLEREFS="StyleId-0" CONTENT="and" WC="0.75333333" CC="070" />
            <SP ID="P84_SP00201" WIDTH="0" HPOS="0" VPOS="0" />
            <String ID="P84_S00221" HPOS="1130" VPOS="1374" WIDTH="153" HEIGHT="44" STYLEREFS="StyleId-0" CONTENT="bounty" WC="0.76" CC="007700" />
            <SP ID="P84_SP00202" WIDTH="0" HPOS="0" VPOS="0" />
            <String ID="P84_S00222" HPOS="1297" VPOS="1372" WIDTH="157" HEIGHT="46" STYLEREFS="StyleId-0" CONTENT="allowed" WC="1" CC="0000000" />
            <SP ID="P84_SP00203" WIDTH="0" HPOS="0" VPOS="0" />
            <String ID="P84_S00223" HPOS="1468" VPOS="1371" WIDTH="78" HEIGHT="47" STYLEREFS="StyleId-0" CONTENT="him" WC="0.8666667" CC="040" />
            <SP ID="P84_SP00204" WIDTH="0" HPOS="0" VPOS="0" />
            <String ID="P84_S00224" HPOS="1560" VPOS="1372" WIDTH="61" HEIGHT="46" STYLEREFS="StyleId-0" CONTENT="for" WC="0.826666653" CC="005" />
            <SP ID="P84_SP00205" WIDTH="0" HPOS="0" VPOS="0" />
            <String ID="P84_S00225" HPOS="1633" VPOS="1370" WIDTH="59" HEIGHT="48" STYLEREFS="StyleId-0" CONTENT="his" WC="0.5566667" CC="066" />
            <SP ID="P84_SP00206" WIDTH="0" HPOS="0" VPOS="0" />
            <String ID="P84_S00226" HPOS="1706" VPOS="1371" WIDTH="159" HEIGHT="47" STYLEREFS="StyleId-0" CONTENT="service:" WC="0.62125" CC="706100006" />
          </TextLine>
          <TextLine ID="P84_TL00021" HPOS="339" VPOS="1432" WIDTH="1523" HEIGHT="37">
            <String ID="P84_S00227" HPOS="339" VPOS="1433" WIDTH="90" HEIGHT="43" STYLEREFS="StyleId-0" CONTENT="and," WC="0.6875" CC="1704" />
            <SP ID="P84_SP00207" WIDTH="0" HPOS="0" VPOS="0" />
            <String ID="P84_S00228" HPOS="444" VPOS="1433" WIDTH="158" HEIGHT="43" STYLEREFS="StyleId-0" CONTENT="further," WC="0.62125" CC="36107074" />
            <SP ID="P84_SP00208" WIDTH="0" HPOS="0" VPOS="0" />
            <String ID="P84_S00229" HPOS="618" VPOS="1432" WIDTH="94" HEIGHT="44" STYLEREFS="StyleId-0" CONTENT="that" WC="0.8125" CC="0700" />
            <SP ID="P84_SP00209" WIDTH="0" HPOS="0" VPOS="0" />
            <String ID="P84_S00230" HPOS="725" VPOS="1431" WIDTH="67" HEIGHT="45" STYLEREFS="StyleId-0" CONTENT="the" WC="0.75" CC="070" />
            <SP ID="P84_SP00210" WIDTH="0" HPOS="0" VPOS="0" />
            <String ID="P84_S00231" HPOS="806" VPOS="1430" WIDTH="85" HEIGHT="46" STYLEREFS="StyleId-0" CONTENT="said" WC="0.5675" CC="6820" />
            <SP ID="P84_SP00211" WIDTH="0" HPOS="0" VPOS="0" />
            <String ID="P84_S00232" HPOS="907" VPOS="1430" WIDTH="115" HEIGHT="46" STYLEREFS="StyleId-0" CONTENT="slave," WC="0.7183333" CC="704004" />
            <SP ID="P84_SP00212" WIDTH="0" HPOS="0" VPOS="0" />
            <String ID="P84_S00233" HPOS="1046" VPOS="1431" WIDTH="46" HEIGHT="45" STYLEREFS="StyleId-0" CONTENT="at" WC="1" CC="00" />
            <SP ID="P84_SP00213" WIDTH="0" HPOS="0" VPOS="0" />
            <String ID="P84_S00234" HPOS="1111" VPOS="1429" WIDTH="67" HEIGHT="47" STYLEREFS="StyleId-0" CONTENT="the" WC="0.75" CC="070" />
            <SP ID="P84_SP00214" WIDTH="0" HPOS="0" VPOS="0" />
            <String ID="P84_S00235" HPOS="1197" VPOS="1428" WIDTH="93" HEIGHT="48" STYLEREFS="StyleId-0" CONTENT="time" WC="0.9125" CC="0300" />
            <SP ID="P84_SP00215" WIDTH="0" HPOS="0" VPOS="0" />
            <String ID="P84_S00236" HPOS="1311" VPOS="1427" WIDTH="43" HEIGHT="49" STYLEREFS="StyleId-0" CONTENT="of" WC="0.855" CC="02" />
            <SP ID="P84_SP00216" WIDTH="0" HPOS="0" VPOS="0" />
            <String ID="P84_S00237" HPOS="1369" VPOS="1426" WIDTH="186" HEIGHT="50" STYLEREFS="StyleId-0" CONTENT="receiving" WC="0.586666644" CC="70000102710" />
            <SP ID="P84_SP00217" WIDTH="0" HPOS="0" VPOS="0" />
            <String ID="P84_S00238" HPOS="1573" VPOS="1425" WIDTH="60" HEIGHT="51" STYLEREFS="StyleId-0" CONTENT="his" WC="0.48" CC="708" />
            <SP ID="P84_SP00218" WIDTH="0" HPOS="0" VPOS="0" />
            <String ID="P84_S00239" HPOS="1654" VPOS="1426" WIDTH="208" HEIGHT="50" STYLEREFS="StyleId-0" CONTENT="discharge," WC="0.865" CC="0360001010" />
          </TextLine>
          <TextLine ID="P84_TL00022" HPOS="339" VPOS="1487" WIDTH="1525" HEIGHT="36">
            <String ID="P84_S00240" HPOS="339" VPOS="1488" WIDTH="100" HEIGHT="35" STYLEREFS="StyleId-0" CONTENT="shall" WC="0.598" CC="77040" />
            <SP ID="P84_SP00219" WIDTH="0" HPOS="0" VPOS="0" />
            <String ID="P84_S00241" HPOS="457" VPOS="1488" WIDTH="48" HEIGHT="35" STYLEREFS="StyleId-0" CONTENT="be" WC="1" CC="00" />
            <SP ID="P84_SP00220" WIDTH="0" HPOS="0" VPOS="0" />
            <String ID="P84_S00242" HPOS="533" VPOS="1487" WIDTH="152" HEIGHT="36" STYLEREFS="StyleId-0" CONTENT="deemed" WC="0.841666639" CC="900000" />
            <SP ID="P84_SP00221" WIDTH="0" HPOS="0" VPOS="0" />
            <String ID="P84_S00243" HPOS="712" VPOS="1486" WIDTH="79" HEIGHT="37" STYLEREFS="StyleId-0" CONTENT="and" WC="0.81" CC="050" />
            <SP ID="P84_SP00222" WIDTH="0" HPOS="0" VPOS="0" />
            <String ID="P84_S00244" HPOS="819" VPOS="1485" WIDTH="191" HEIGHT="43" STYLEREFS="StyleId-0" CONTENT="adjudged" WC="0.84125" CC="00570000" />
            <SP ID="P84_SP00223" WIDTH="0" HPOS="0" VPOS="0" />
            <String ID="P84_S00245" HPOS="1030" VPOS="1486" WIDTH="45" HEIGHT="42" STYLEREFS="StyleId-0" CONTENT="to" WC="1" CC="00" />
            <SP ID="P84_SP00224" WIDTH="0" HPOS="0" VPOS="0" />
            <String ID="P84_S00246" HPOS="1096" VPOS="1484" WIDTH="100" HEIGHT="44" STYLEREFS="StyleId-0" CONTENT="have" WC="0.8125" CC="7000" />
            <SP ID="P84_SP00225" WIDTH="0" HPOS="0" VPOS="0" />
            <String ID="P84_S00247" HPOS="1216" VPOS="1483" WIDTH="93" HEIGHT="45" STYLEREFS="StyleId-0" CONTENT="been" WC="1" CC="0000" />
            <SP ID="P84_SP00226" WIDTH="0" HPOS="0" VPOS="0" />
            <String ID="P84_S00248" HPOS="1328" VPOS="1482" WIDTH="139" HEIGHT="46" STYLEREFS="StyleId-0" CONTENT="legally" WC="0.735714257" CC="0058400" />
            <SP ID="P84_SP00227" WIDTH="0" HPOS="0" VPOS="0" />
            <String ID="P84_S00249" HPOS="1487" VPOS="1480" WIDTH="257" HEIGHT="48" STYLEREFS="StyleId-0" CONTENT="manumitted" WC="0.758" CC="10067000000" />
            <SP ID="P84_SP00228" WIDTH="0" HPOS="0" VPOS="0" />
            <String ID="P84_S00250" HPOS="1763" VPOS="1481" WIDTH="101" HEIGHT="47" STYLEREFS="StyleId-0" CONTENT="from" WC="0.6525" CC="6700" />
          </TextLine>
          <TextLine ID="P84_TL00023" HPOS="337" VPOS="1542" WIDTH="1530" HEIGHT="37">
            <String ID="P84_S00251" HPOS="337" VPOS="1544" WIDTH="96" HEIGHT="35" STYLEREFS="StyleId-0" CONTENT="that" WC="1" CC="0000" />
            <SP ID="P84_SP00229" WIDTH="0" HPOS="0" VPOS="0" />
            <String ID="P84_S00252" HPOS="451" VPOS="1543" WIDTH="105" HEIGHT="43" STYLEREFS="StyleId-0" CONTENT="time," WC="0.852" CC="03003" />
            <SP ID="P84_SP00230" WIDTH="0" HPOS="0" VPOS="0" />
            <String ID="P84_S00253" HPOS="579" VPOS="1543" WIDTH="79" HEIGHT="43" STYLEREFS="StyleId-0" CONTENT="and" WC="0.7733333" CC="060" />
            <SP ID="P84_SP00231" WIDTH="0" HPOS="0" VPOS="0" />
            <String ID="P84_S00254" HPOS="678" VPOS="1542" WIDTH="59" HEIGHT="44" STYLEREFS="StyleId-0" CONTENT="his" WC="0.6433333" CC="037" />
            <SP ID="P84_SP00232" WIDTH="0" HPOS="0" VPOS="0" />
            <String ID="P84_S00255" HPOS="758" VPOS="1540" WIDTH="86" HEIGHT="46" STYLEREFS="StyleId-0" CONTENT="said" WC="0.5525" CC="6254" />
            <SP ID="P84_SP00233" WIDTH="0" HPOS="0" VPOS="0" />
            <String ID="P84_S00256" HPOS="863" VPOS="1542" WIDTH="148" HEIGHT="44" STYLEREFS="StyleId-0" CONTENT="master" WC="0.446666658" CC="087908" />
            <SP ID="P84_SP00234" WIDTH="0" HPOS="0" VPOS="0" />
            <String ID="P84_S00257" HPOS="1030" VPOS="1550" WIDTH="47" HEIGHT="36" STYLEREFS="StyleId-0" CONTENT="or" WC="0.54" CC="17" />
            <SP ID="P84_SP00235" WIDTH="0" HPOS="0" VPOS="0" />
            <String ID="P84_S00258" HPOS="1096" VPOS="1539" WIDTH="171" HEIGHT="47" STYLEREFS="StyleId-0" CONTENT="mistress" WC="0.46375" CC="50697066" />
            <SP ID="P84_SP00236" WIDTH="0" HPOS="0" VPOS="0" />
            <String ID="P84_S00259" HPOS="1288" VPOS="1537" WIDTH="99" HEIGHT="49" STYLEREFS="StyleId-0" CONTENT="shall" WC="0.414" CC="74646" />
            <SP ID="P84_SP00237" WIDTH="0" HPOS="0" VPOS="0" />
            <String ID="P84_S00260" HPOS="1407" VPOS="1538" WIDTH="74" HEIGHT="48" STYLEREFS="StyleId-0" CONTENT="not" WC="0.626666665" CC="740" />
            <SP ID="P84_SP00238" WIDTH="0" HPOS="0" VPOS="0" />
            <String ID="P84_S00261" HPOS="1499" VPOS="1535" WIDTH="297" HEIGHT="51" STYLEREFS="StyleId-0" CONTENT="thenceforward" WC="0.6446154" CC="0707100076950" />
            <SP ID="P84_SP00239" WIDTH="0" HPOS="0" VPOS="0" />
            <String ID="P84_S00262" HPOS="1816" VPOS="1535" WIDTH="51" HEIGHT="51" STYLEREFS="StyleId-0" CONTENT="be" WC="0.63" CC="07" />
          </TextLine>
          <TextLine ID="P84_TL00024" HPOS="338" VPOS="1596" WIDTH="1526" HEIGHT="36">
            <String ID="P84_S00263" HPOS="338" VPOS="1599" WIDTH="115" HEIGHT="33" STYLEREFS="StyleId-0" CONTENT="liable" WC="0.7633333" CC="670000" />
            <SP ID="P84_SP00240" WIDTH="0" HPOS="0" VPOS="0" />
            <String ID="P84_S00264" HPOS="465" VPOS="1598" WIDTH="61" HEIGHT="34" STYLEREFS="StyleId-0" CONTENT="for" WC="0.63" CC="407" />
            <SP ID="P84_SP00241" WIDTH="0" HPOS="0" VPOS="0" />
            <String ID="P84_S00265" HPOS="539" VPOS="1597" WIDTH="60" HEIGHT="35" STYLEREFS="StyleId-0" CONTENT="his" WC="0.36" CC="747" />
            <SP ID="P84_SP00242" WIDTH="0" HPOS="0" VPOS="0" />
            <String ID="P84_S00266" HPOS="613" VPOS="1595" WIDTH="432" HEIGHT="37" STYLEREFS="StyleId-0" CONTENT="maintenance.—Laws" WC="0.7394118" CC="60470060620090100" />
            <SP ID="P84_SP00243" WIDTH="0" HPOS="0" VPOS="0" />
            <String ID="P84_S00267" HPOS="1065" VPOS="1593" WIDTH="49" HEIGHT="39" STYLEREFS="StyleId-0" CONTENT="of" WC="0.855" CC="20" />
            <SP ID="P84_SP00244" WIDTH="0" HPOS="0" VPOS="0" />
            <String ID="P84_S00268" HPOS="1125" VPOS="1593" WIDTH="65" HEIGHT="39" STYLEREFS="StyleId-0" CONTENT="the" WC="0.97" CC="000" />
            <SP ID="P84_SP00245" WIDTH="0" HPOS="0" VPOS="0" />
            <String ID="P84_S00269" HPOS="1209" VPOS="1591" WIDTH="113" HEIGHT="41" STYLEREFS="StyleId-0" CONTENT="State" WC="0.516" CC="27563" />
            <SP ID="P84_SP00246" WIDTH="0" HPOS="0" VPOS="0" />
            <String ID="P84_S00270" HPOS="1343" VPOS="1592" WIDTH="48" HEIGHT="40" STYLEREFS="StyleId-0" CONTENT="of" WC="0.93" CC="01" />
            <SP ID="P84_SP00247" WIDTH="0" HPOS="0" VPOS="0" />
            <String ID="P84_S00271" HPOS="1399" VPOS="1590" WIDTH="90" HEIGHT="42" STYLEREFS="StyleId-0" CONTENT="New" WC="0.44" CC="790" />
            <SP ID="P84_SP00248" WIDTH="0" HPOS="0" VPOS="0" />
            <String ID="P84_S00272" HPOS="1510" VPOS="1590" WIDTH="111" HEIGHT="43" STYLEREFS="StyleId-0" CONTENT="York," WC="0.84" CC="30301" />
            <SP ID="P84_SP00249" WIDTH="0" HPOS="0" VPOS="0" />
            <String ID="P84_S00273" HPOS="1647" VPOS="1590" WIDTH="145" HEIGHT="43" STYLEREFS="StyleId-0" CONTENT="passed" WC="0.695" CC="261350" />
            <SP ID="P84_SP00250" WIDTH="0" HPOS="0" VPOS="0" />
            <String ID="P84_S00274" HPOS="1816" VPOS="1593" WIDTH="48" HEIGHT="40" STYLEREFS="StyleId-0" CONTENT="at" WC="0.325" CC="58" />
          </TextLine>
          <TextLine ID="P84_TL00025" HPOS="343" VPOS="1652" WIDTH="1173" HEIGHT="38">
            <String ID="P84_S00275" HPOS="343" VPOS="1653" WIDTH="65" HEIGHT="35" STYLEREFS="StyleId-0" CONTENT="the" WC="0.213333338" CC="689" />
            <SP ID="P84_SP00251" WIDTH="0" HPOS="0" VPOS="0" />
            <String ID="P84_S00276" HPOS="424" VPOS="1651" WIDTH="280" HEIGHT="44" STYLEREFS="StyleId-0" CONTENT="Thirty-eighth" WC="0.71615386" CC="0504791020006" />
            <SP ID="P84_SP00252" WIDTH="0" HPOS="0" VPOS="0" />
            <String ID="P84_S00277" HPOS="719" VPOS="1650" WIDTH="151" HEIGHT="45" STYLEREFS="StyleId-0" CONTENT="Session" WC="0.667142868" CC="4831014" />
            <SP ID="P84_SP00253" WIDTH="0" HPOS="0" VPOS="0" />
            <String ID="P84_S00278" HPOS="887" VPOS="1649" WIDTH="49" HEIGHT="46" STYLEREFS="StyleId-0" CONTENT="of" WC="1" CC="00" />
            <SP ID="P84_SP00254" WIDTH="0" HPOS="0" VPOS="0" />
            <String ID="P84_S00279" HPOS="946" VPOS="1649" WIDTH="65" HEIGHT="46" STYLEREFS="StyleId-0" CONTENT="the" WC="0.7366667" CC="601" />
            <SP ID="P84_SP00255" WIDTH="0" HPOS="0" VPOS="0" />
            <String ID="P84_S00280" HPOS="1022" VPOS="1648" WIDTH="250" HEIGHT="47" STYLEREFS="StyleId-0" CONTENT="Legislature," WC="0.634166658" CC="080330805481" />
            <SP ID="P84_SP00256" WIDTH="0" HPOS="0" VPOS="0" />
            <String ID="P84_S00281" HPOS="1288" VPOS="1647" WIDTH="109" HEIGHT="48" STYLEREFS="StyleId-0" CONTENT="chap," WC="0.76" CC="07004" />
            <SP ID="P84_SP00257" WIDTH="0" HPOS="0" VPOS="0" />
            <String ID="P84_S00282" HPOS="1413" VPOS="1646" WIDTH="103" HEIGHT="49" STYLEREFS="StyleId-0" CONTENT="xviii." WC="0.8466667" CC="600020" />
          </TextLine>
          <TextLine ID="P84_TL00026" HPOS="441" VPOS="1750" WIDTH="1421" HEIGHT="49">
            <String ID="P84_S00283" HPOS="441" VPOS="1751" WIDTH="100" HEIGHT="42" STYLEREFS="StyleId-1" CONTENT="The" WC="0.68" CC="270" />
            <SP ID="P84_SP00258" WIDTH="0" HPOS="0" VPOS="0" />
            <String ID="P84_S00284" HPOS="576" VPOS="1749" WIDTH="336" HEIGHT="56" STYLEREFS="StyleId-1" CONTENT="organization" WC="0.6041667" CC="066390175007" />
            <SP ID="P84_SP00259" WIDTH="0" HPOS="0" VPOS="0" />
            <String ID="P84_S00285" HPOS="948" VPOS="1747" WIDTH="51" HEIGHT="58" STYLEREFS="StyleId-1" CONTENT="of" WC="0.85" CC="03" />
            <SP ID="P84_SP00260" WIDTH="0" HPOS="0" VPOS="0" />
            <String ID="P84_S00286" HPOS="1028" VPOS="1760" WIDTH="146" HEIGHT="45" STYLEREFS="StyleId-1" CONTENT="negro" WC="0.766" CC="01720" />
            <SP ID="P84_SP00261" WIDTH="0" HPOS="0" VPOS="0" />
            <String ID="P84_S00287" HPOS="1216" VPOS="1748" WIDTH="173" HEIGHT="57" STYLEREFS="StyleId-1" CONTENT="troops" WC="0.623333335" CC="570036" />
            <SP ID="P84_SP00262" WIDTH="0" HPOS="0" VPOS="0" />
            <String ID="P84_S00288" HPOS="1431" VPOS="1758" WIDTH="98" HEIGHT="47" STYLEREFS="StyleId-1" CONTENT="was" WC="0.5733333" CC="606" />
            <SP ID="P84_SP00263" WIDTH="0" HPOS="0" VPOS="0" />
            <String ID="P84_S00289" HPOS="1571" VPOS="1757" WIDTH="108" HEIGHT="48" STYLEREFS="StyleId-1" CONTENT="now" WC="0.7" CC="026" />
            <SP ID="P84_SP00264" WIDTH="0" HPOS="0" VPOS="0" />
            <String ID="P84_S00290" HPOS="1720" VPOS="1743" WIDTH="142" HEIGHT="62" STYLEREFS="StyleId-1" CONTENT="fairly" WC="0.6566667" CC="2100700" />
          </TextLine>
          <TextLine ID="P84_TL00027" HPOS="341" VPOS="1816" WIDTH="1521" HEIGHT="48">
            <String ID="P84_S00291" HPOS="341" VPOS="1818" WIDTH="181" HEIGHT="54" STYLEREFS="StyleId-1" CONTENT="&quot;begun;" WC="0.6342857" CC="6410904" />
            <SP ID="P84_SP00265" WIDTH="0" HPOS="0" VPOS="0" />
            <String ID="P84_S00292" HPOS="552" VPOS="1818" WIDTH="55" HEIGHT="54" STYLEREFS="StyleId-1" CONTENT="at" WC="0.15" CC="107" />
            <SP ID="P84_SP00266" WIDTH="0" HPOS="0" VPOS="0" />
            <String ID="P84_S00293" HPOS="631" VPOS="1816" WIDTH="84" HEIGHT="56" STYLEREFS="StyleId-1" CONTENT="the" WC="0.6" CC="470" />
            <SP ID="P84_SP00267" WIDTH="0" HPOS="0" VPOS="0" />
            <String ID="P84_S00294" HPOS="741" VPOS="1814" WIDTH="154" HEIGHT="58" STYLEREFS="StyleId-1" CONTENT="South" WC="0.67" CC="71700" />
            <SP ID="P84_SP00268" WIDTH="0" HPOS="0" VPOS="0" />
            <String ID="P84_S00295" HPOS="921" VPOS="1813" WIDTH="271" HEIGHT="59" STYLEREFS="StyleId-1" CONTENT="enlistment" WC="0.778" CC="0600602060" />
            <SP ID="P84_SP00269" WIDTH="0" HPOS="0" VPOS="0" />
            <String ID="P84_S00296" HPOS="1217" VPOS="1824" WIDTH="98" HEIGHT="48" STYLEREFS="StyleId-1" CONTENT="was" WC="0.56" CC="075" />
            <SP ID="P84_SP00270" WIDTH="0" HPOS="0" VPOS="0" />
            <String ID="P84_S00297" HPOS="1342" VPOS="1810" WIDTH="212" HEIGHT="62" STYLEREFS="StyleId-1" CONTENT="confined" WC="0.74125" CC="00700706" />
            <SP ID="P84_SP00271" WIDTH="0" HPOS="0" VPOS="0" />
            <String ID="P84_S00298" HPOS="1579" VPOS="1812" WIDTH="57" HEIGHT="60" STYLEREFS="StyleId-1" CONTENT="to" WC="1" CC="00" />
            <SP ID="P84_SP00272" WIDTH="0" HPOS="0" VPOS="0" />
            <String ID="P84_S00299" HPOS="1662" VPOS="1810" WIDTH="83" HEIGHT="62" STYLEREFS="StyleId-1" CONTENT="the" WC="1" CC="000" />
            <SP ID="P84_SP00273" WIDTH="0" HPOS="0" VPOS="0" />
            <String ID="P84_S00300" HPOS="1770" VPOS="1810" WIDTH="92" HEIGHT="62" STYLEREFS="StyleId-1" CONTENT="free" WC="0.8925" CC="0400" />
          </TextLine>
          <TextLine ID="P84_TL00028" HPOS="342" VPOS="1881" WIDTH="1519" HEIGHT="49">
            <String ID="P84_S00301" HPOS="342" VPOS="1895" WIDTH="199" HEIGHT="43" STYLEREFS="StyleId-1" CONTENT="negroes" WC="0.535714269" CC="100107005" />
            <SP ID="P84_SP00274" WIDTH="0" HPOS="0" VPOS="0" />
            <String ID="P84_S00302" HPOS="560" VPOS="1894" WIDTH="55" HEIGHT="44" STYLEREFS="StyleId-1" CONTENT="as" WC="0.51" CC="54" />
            <SP ID="P84_SP00275" WIDTH="0" HPOS="0" VPOS="0" />
            <String ID="P84_S00303" HPOS="634" VPOS="1883" WIDTH="73" HEIGHT="55" STYLEREFS="StyleId-1" CONTENT="set" WC="0.783333361" CC="600" />
            <SP ID="P84_SP00276" WIDTH="0" HPOS="0" VPOS="0" />
            <String ID="P84_S00304" HPOS="731" VPOS="1880" WIDTH="132" HEIGHT="58" STYLEREFS="StyleId-1" CONTENT="forth" WC="0.566" CC="506100" />
            <SP ID="P84_SP00277" WIDTH="0" HPOS="0" VPOS="0" />
            <String ID="P84_S00305" HPOS="888" VPOS="1879" WIDTH="49" HEIGHT="59" STYLEREFS="StyleId-1" CONTENT="in" WC="0.63" CC="07" />
            <SP ID="P84_SP00278" WIDTH="0" HPOS="0" VPOS="0" />
            <String ID="P84_S00306" HPOS="964" VPOS="1878" WIDTH="108" HEIGHT="60" STYLEREFS="StyleId-1" CONTENT="Gen." WC="0.625" CC="4064" />
            <SP ID="P84_SP00279" WIDTH="0" HPOS="0" VPOS="0" />
            <String ID="P84_S00307" HPOS="1094" VPOS="1877" WIDTH="254" HEIGHT="61" STYLEREFS="StyleId-1" CONTENT="Jackson's" WC="0.8155556" CC="100050602" />
            <SP ID="P84_SP00280" WIDTH="0" HPOS="0" VPOS="0" />
            <String ID="P84_S00308" HPOS="1374" VPOS="1875" WIDTH="375" HEIGHT="63" STYLEREFS="StyleId-1" CONTENT="Proclamation." WC="0.656923056" CC="7600006900374" />
            <SP ID="P84_SP00281" WIDTH="0" HPOS="0" VPOS="0" />
            <String ID="P84_S00309" HPOS="1803" VPOS="1875" WIDTH="57" HEIGHT="63" STYLEREFS="StyleId-1" CONTENT="In" WC="0.63" CC="07" />
          </TextLine>
          <TextLine ID="P84_TL00029" HPOS="342" VPOS="1948" WIDTH="1518" HEIGHT="45">
            <String ID="P84_S00310" HPOS="342" VPOS="1948" WIDTH="108" HEIGHT="43" STYLEREFS="StyleId-1" CONTENT="New" WC="0.45" CC="709" />
            <SP ID="P84_SP00282" WIDTH="0" HPOS="0" VPOS="0" />
            <String ID="P84_S00311" HPOS="467" VPOS="1947" WIDTH="145" HEIGHT="53" STYLEREFS="StyleId-1" CONTENT="York," WC="0.528" CC="54607" />
            <SP ID="P84_SP00283" WIDTH="0" HPOS="0" VPOS="0" />
            <String ID="P84_S00312" HPOS="631" VPOS="1947" WIDTH="84" HEIGHT="53" STYLEREFS="StyleId-1" CONTENT="the" WC="1" CC="000" />
            <SP ID="P84_SP00284" WIDTH="0" HPOS="0" VPOS="0" />
            <String ID="P84_S00313" HPOS="741" VPOS="1946" WIDTH="154" HEIGHT="54" STYLEREFS="StyleId-1" CONTENT="slaves" WC="0.5366667" CC="606806" />
            <SP ID="P84_SP00285" WIDTH="0" HPOS="0" VPOS="0" />
            <String ID="P84_S00314" HPOS="919" VPOS="1945" WIDTH="106" HEIGHT="55" STYLEREFS="StyleId-1" CONTENT="who" WC="0.5566667" CC="1003" />
            <SP ID="P84_SP00286" WIDTH="0" HPOS="0" VPOS="0" />
            <String ID="P84_S00315" HPOS="1052" VPOS="1944" WIDTH="170" HEIGHT="56" STYLEREFS="StyleId-1" CONTENT="should" WC="0.691666663" CC="700704" />
            <SP ID="P84_SP00287" WIDTH="0" HPOS="0" VPOS="0" />
            <String ID="P84_S00316" HPOS="1249" VPOS="1943" WIDTH="139" HEIGHT="57" STYLEREFS="StyleId-1" CONTENT="enlist" WC="0.723333359" CC="075040" />
            <SP ID="P84_SP00288" WIDTH="0" HPOS="0" VPOS="0" />
            <String ID="P84_S00317" HPOS="1414" VPOS="1942" WIDTH="114" HEIGHT="58" STYLEREFS="StyleId-1" CONTENT="with" WC="0.75" CC="10000" />
            <SP ID="P84_SP00289" WIDTH="0" HPOS="0" VPOS="0" />
            <String ID="P84_S00318" HPOS="1553" VPOS="1941" WIDTH="84" HEIGHT="59" STYLEREFS="StyleId-1" CONTENT="the" WC="1" CC="000" />
            <SP ID="P84_SP00290" WIDTH="0" HPOS="0" VPOS="0" />
            <String ID="P84_S00319" HPOS="1662" VPOS="1944" WIDTH="198" HEIGHT="56" STYLEREFS="StyleId-1" CONTENT="consent" WC="0.5542857" CC="0445079" />
          </TextLine>
          <TextLine ID="P84_TL00030" HPOS="344" VPOS="2014" WIDTH="1517" HEIGHT="47">
            <String ID="P84_S00320" HPOS="344" VPOS="2015" WIDTH="54" HEIGHT="43" STYLEREFS="StyleId-1" CONTENT="of" WC="0.73" CC="50" />
            <SP ID="P84_SP00291" WIDTH="0" HPOS="0" VPOS="0" />
            <String ID="P84_S00321" HPOS="417" VPOS="2014" WIDTH="124" HEIGHT="44" STYLEREFS="StyleId-1" CONTENT="their" WC="0.866" CC="00006" />
            <SP ID="P84_SP00292" WIDTH="0" HPOS="0" VPOS="0" />
            <String ID="P84_S00322" HPOS="568" VPOS="2026" WIDTH="178" HEIGHT="32" STYLEREFS="StyleId-1" CONTENT="owners" WC="0.6816667" CC="006066" />
            <SP ID="P84_SP00293" WIDTH="0" HPOS="0" VPOS="0" />
            <String ID="P84_S00323" HPOS="772" VPOS="2024" WIDTH="116" HEIGHT="34" STYLEREFS="StyleId-1" CONTENT="were" WC="0.835" CC="0060" />
            <SP ID="P84_SP00294" WIDTH="0" HPOS="0" VPOS="0" />
            <String ID="P84_S00324" HPOS="912" VPOS="2013" WIDTH="55" HEIGHT="45" STYLEREFS="StyleId-1" CONTENT="to" WC="1" CC="00" />
            <SP ID="P84_SP00295" WIDTH="0" HPOS="0" VPOS="0" />
            <String ID="P84_S00325" HPOS="994" VPOS="2011" WIDTH="57" HEIGHT="47" STYLEREFS="StyleId-1" CONTENT="be" WC="0.61" CC="70" />
            <SP ID="P84_SP00296" WIDTH="0" HPOS="0" VPOS="0" />
            <String ID="P84_S00326" HPOS="1075" VPOS="2010" WIDTH="91" HEIGHT="48" STYLEREFS="StyleId-1" CONTENT="free" WC="1" CC="0000" />
            <SP ID="P84_SP00297" WIDTH="0" HPOS="0" VPOS="0" />
            <String ID="P84_S00327" HPOS="1192" VPOS="2011" WIDTH="56" HEIGHT="47" STYLEREFS="StyleId-1" CONTENT="at" WC="1" CC="00" />
            <SP ID="P84_SP00298" WIDTH="0" HPOS="0" VPOS="0" />
            <String ID="P84_S00328" HPOS="1272" VPOS="2009" WIDTH="83" HEIGHT="49" STYLEREFS="StyleId-1" CONTENT="the" WC="1" CC="000" />
            <SP ID="P84_SP00299" WIDTH="0" HPOS="0" VPOS="0" />
            <String ID="P84_S00329" HPOS="1372" VPOS="2008" WIDTH="271" HEIGHT="55" STYLEREFS="StyleId-1" CONTENT="expiration" WC="0.714" CC="0552700007" />
            <SP ID="P84_SP00300" WIDTH="0" HPOS="0" VPOS="0" />
            <String ID="P84_S00330" HPOS="1662" VPOS="2007" WIDTH="54" HEIGHT="56" STYLEREFS="StyleId-1" CONTENT="of" WC="0.805" CC="30" />
            <SP ID="P84_SP00301" WIDTH="0" HPOS="0" VPOS="0" />
            <String ID="P84_S00331" HPOS="1734" VPOS="2008" WIDTH="127" HEIGHT="55" STYLEREFS="StyleId-1" CONTENT="their" WC="0.852" CC="00007" />
          </TextLine>
          <TextLine ID="P84_TL00031" HPOS="341" VPOS="2076" WIDTH="1517" HEIGHT="53">
            <String ID="P84_S00332" HPOS="341" VPOS="2081" WIDTH="187" HEIGHT="52" STYLEREFS="StyleId-1" CONTENT="/service," WC="0.423333347" CC="771676454" />
            <SP ID="P84_SP00302" WIDTH="0" HPOS="0" VPOS="0" />
            <String ID="P84_S00333" HPOS="549" VPOS="2093" WIDTH="57" HEIGHT="40" STYLEREFS="StyleId-1" CONTENT="as" WC="0.195" CC="96" />
            <SP ID="P84_SP00303" WIDTH="0" HPOS="0" VPOS="0" />
            <String ID="P84_S00334" HPOS="622" VPOS="2074" WIDTH="230" HEIGHT="61" STYLEREFS="StyleId-1" CONTENT="provided" WC="0.75125" CC="65007000" />
            <SP ID="P84_SP00304" WIDTH="0" HPOS="0" VPOS="0" />
            <String ID="P84_S00335" HPOS="869" VPOS="2077" WIDTH="50" HEIGHT="58" STYLEREFS="StyleId-1" CONTENT="in" WC="0.63" CC="07" />
            <SP ID="P84_SP00305" WIDTH="0" HPOS="0" VPOS="0" />
            <String ID="P84_S00336" HPOS="935" VPOS="2077" WIDTH="83" HEIGHT="58" STYLEREFS="StyleId-1" CONTENT="the" WC="1" CC="000" />
            <SP ID="P84_SP00306" WIDTH="0" HPOS="0" VPOS="0" />
            <String ID="P84_S00337" HPOS="1033" VPOS="2075" WIDTH="141" HEIGHT="60" STYLEREFS="StyleId-1" CONTENT="Sixth" WC="0.768" CC="70400" />
            <SP ID="P84_SP00307" WIDTH="0" HPOS="0" VPOS="0" />
            <String ID="P84_S00338" HPOS="1191" VPOS="2075" WIDTH="181" HEIGHT="60" STYLEREFS="StyleId-1" CONTENT="section" WC="0.8" CC="7000007" />
            <SP ID="P84_SP00308" WIDTH="0" HPOS="0" VPOS="0" />
            <String ID="P84_S00339" HPOS="1390" VPOS="2074" WIDTH="54" HEIGHT="61" STYLEREFS="StyleId-1" CONTENT="of" WC="0.765" CC="31" />
            <SP ID="P84_SP00309" WIDTH="0" HPOS="0" VPOS="0" />
            <String ID="P84_S00340" HPOS="1462" VPOS="2074" WIDTH="84" HEIGHT="61" STYLEREFS="StyleId-1" CONTENT="the" WC="1" CC="000" />
            <SP ID="P84_SP00310" WIDTH="0" HPOS="0" VPOS="0" />
            <String ID="P84_S00341" HPOS="1568" VPOS="2073" WIDTH="93" HEIGHT="62" STYLEREFS="StyleId-1" CONTENT="law" WC="0.6666667" CC="0100" />
            <SP ID="P84_SP00311" WIDTH="0" HPOS="0" VPOS="0" />
            <String ID="P84_S00342" HPOS="1678" VPOS="2074" WIDTH="180" HEIGHT="61" STYLEREFS="StyleId-1" CONTENT="quoted" WC="0.711666644" CC="470014" />
          </TextLine>
          <TextLine ID="P84_TL00032" HPOS="342" VPOS="2148" WIDTH="168" HEIGHT="42">
            <String ID="P84_S00343" HPOS="342" VPOS="2148" WIDTH="168" HEIGHT="43" STYLEREFS="StyleId-1" CONTENT="above." WC="0.8016667" CC="080003" />
          </TextLine>
          <TextLine ID="P84_TL00033" HPOS="438" VPOS="2212" WIDTH="1420" HEIGHT="48">
            <String ID="P84_S00344" HPOS="438" VPOS="2211" WIDTH="254" HEIGHT="44" STYLEREFS="StyleId-1" CONTENT="Animated" WC="0.74375" CC="77005000" />
            <SP ID="P84_SP00312" WIDTH="0" HPOS="0" VPOS="0" />
            <String ID="P84_S00345" HPOS="718" VPOS="2210" WIDTH="66" HEIGHT="56" STYLEREFS="StyleId-1" CONTENT="by" WC="0.31" CC="76" />
            <SP ID="P84_SP00313" WIDTH="0" HPOS="0" VPOS="0" />
            <String ID="P84_S00346" HPOS="808" VPOS="2209" WIDTH="117" HEIGHT="57" STYLEREFS="StyleId-1" CONTENT="that" WC="0.8025" CC="7000" />
            <SP ID="P84_SP00314" WIDTH="0" HPOS="0" VPOS="0" />
            <String ID="P84_S00347" HPOS="949" VPOS="2209" WIDTH="107" HEIGHT="57" STYLEREFS="StyleId-1" CONTENT="love" WC="0.8575" CC="0500" />
            <SP ID="P84_SP00315" WIDTH="0" HPOS="0" VPOS="0" />
            <String ID="P84_S00348" HPOS="1083" VPOS="2208" WIDTH="53" HEIGHT="58" STYLEREFS="StyleId-1" CONTENT="of" WC="1" CC="00" />
            <SP ID="P84_SP00316" WIDTH="0" HPOS="0" VPOS="0" />
            <String ID="P84_S00349" HPOS="1155" VPOS="2208" WIDTH="173" HEIGHT="58" STYLEREFS="StyleId-1" CONTENT="liberty" WC="0.882857144" CC="1000600" />
            <SP ID="P84_SP00317" WIDTH="0" HPOS="0" VPOS="0" />
            <String ID="P84_S00350" HPOS="1355" VPOS="2206" WIDTH="96" HEIGHT="60" STYLEREFS="StyleId-1" CONTENT="and" WC="0.75333333" CC="070" />
            <SP ID="P84_SP00318" WIDTH="0" HPOS="0" VPOS="0" />
            <String ID="P84_S00351" HPOS="1478" VPOS="2207" WIDTH="205" HEIGHT="59" STYLEREFS="StyleId-1" CONTENT="country" WC="0.714285731" CC="0576000" />
            <SP ID="P84_SP00319" WIDTH="0" HPOS="0" VPOS="0" />
            <String ID="P84_S00352" HPOS="1706" VPOS="2205" WIDTH="152" HEIGHT="61" STYLEREFS="StyleId-1" CONTENT="which" WC="0.852" CC="00007" />
          </TextLine>
          <TextLine ID="P84_TL00034" HPOS="338" VPOS="2277" WIDTH="1521" HEIGHT="50">
            <String ID="P84_S00353" HPOS="338" VPOS="2280" WIDTH="91" HEIGHT="43" STYLEREFS="StyleId-1" CONTENT="has" WC="0.223333329" CC="7105" />
            <SP ID="P84_SP00320" WIDTH="0" HPOS="0" VPOS="0" />
            <String ID="P84_S00354" HPOS="455" VPOS="2292" WIDTH="108" HEIGHT="31" STYLEREFS="StyleId-1" CONTENT="ever" WC="0.57" CC="01007" />
            <SP ID="P84_SP00321" WIDTH="0" HPOS="0" VPOS="0" />
            <String ID="P84_S00355" HPOS="586" VPOS="2277" WIDTH="254" HEIGHT="57" STYLEREFS="StyleId-1" CONTENT="prompted" WC="0.80875" CC="06304000" />
            <SP ID="P84_SP00322" WIDTH="0" HPOS="0" VPOS="0" />
            <String ID="P84_S00356" HPOS="857" VPOS="2276" WIDTH="145" HEIGHT="58" STYLEREFS="StyleId-1" CONTENT="them," WC="0.782" CC="60004" />
            <SP ID="P84_SP00323" WIDTH="0" HPOS="0" VPOS="0" />
            <String ID="P84_S00357" HPOS="1022" VPOS="2272" WIDTH="440" HEIGHT="62" STYLEREFS="StyleId-1" CONTENT="notwithstanding" WC="0.5933333" CC="7077000409404510" />
            <SP ID="P84_SP00324" WIDTH="0" HPOS="0" VPOS="0" />
            <String ID="P84_S00358" HPOS="1475" VPOS="2272" WIDTH="86" HEIGHT="62" STYLEREFS="StyleId-1" CONTENT="the" WC="0.8333333" CC="005" />
            <SP ID="P84_SP00325" WIDTH="0" HPOS="0" VPOS="0" />
            <String ID="P84_S00359" HPOS="1576" VPOS="2271" WIDTH="283" HEIGHT="63" STYLEREFS="StyleId-1" CONTENT="disabilities" WC="0.595833361" CC="046972540007" />
          </TextLine>
          <TextLine ID="P84_TL00035" HPOS="338" VPOS="2342" WIDTH="1520" HEIGHT="49">
            <String ID="P84_S00360" HPOS="338" VPOS="2347" WIDTH="149" HEIGHT="43" STYLEREFS="StyleId-1" CONTENT="under" WC="0.704" CC="72004" />
            <SP ID="P84_SP00326" WIDTH="0" HPOS="0" VPOS="0" />
            <String ID="P84_S00361" HPOS="510" VPOS="2344" WIDTH="148" HEIGHT="46" STYLEREFS="StyleId-1" CONTENT="which" WC="1" CC="00000" />
            <SP ID="P84_SP00327" WIDTH="0" HPOS="0" VPOS="0" />
            <String ID="P84_S00362" HPOS="699" VPOS="2343" WIDTH="117" HEIGHT="54" STYLEREFS="StyleId-1" CONTENT="they" WC="1" CC="0000" />
            <SP ID="P84_SP00328" WIDTH="0" HPOS="0" VPOS="0" />
            <String ID="P84_S00363" HPOS="848" VPOS="2340" WIDTH="211" HEIGHT="57" STYLEREFS="StyleId-1" CONTENT="labored," WC="0.79875" CC="10064004" />
            <SP ID="P84_SP00329" WIDTH="0" HPOS="0" VPOS="0" />
            <String ID="P84_S00364" HPOS="1094" VPOS="2342" WIDTH="57" HEIGHT="55" STYLEREFS="StyleId-1" CONTENT="to" WC="0.88" CC="02" />
            <SP ID="P84_SP00330" WIDTH="0" HPOS="0" VPOS="0" />
            <String ID="P84_S00365" HPOS="1187" VPOS="2341" WIDTH="132" HEIGHT="56" STYLEREFS="StyleId-1" CONTENT="enter" WC="0.716" CC="06008" />
            <SP ID="P84_SP00331" WIDTH="0" HPOS="0" VPOS="0" />
            <String ID="P84_S00366" HPOS="1351" VPOS="2337" WIDTH="83" HEIGHT="60" STYLEREFS="StyleId-1" CONTENT="the" WC="1" CC="000" />
            <SP ID="P84_SP00332" WIDTH="0" HPOS="0" VPOS="0" />
            <String ID="P84_S00367" HPOS="1467" VPOS="2336" WIDTH="149" HEIGHT="61" STYLEREFS="StyleId-1" CONTENT="ranks" WC="0.386" CC="60797" />
            <SP ID="P84_SP00333" WIDTH="0" HPOS="0" VPOS="0" />
            <String ID="P84_S00368" HPOS="1652" VPOS="2335" WIDTH="54" HEIGHT="62" STYLEREFS="StyleId-1" CONTENT="of" WC="0.81" CC="03" />
            <SP ID="P84_SP00334" WIDTH="0" HPOS="0" VPOS="0" />
            <String ID="P84_S00369" HPOS="1731" VPOS="2336" WIDTH="127" HEIGHT="61" STYLEREFS="StyleId-1" CONTENT="their" WC="0.716" CC="70023" />
          </TextLine>
          <TextLine ID="P84_TL00036" HPOS="337" VPOS="2408" WIDTH="1520" HEIGHT="52">
            <String ID="P84_S00370" HPOS="337" VPOS="2412" WIDTH="246" HEIGHT="55" STYLEREFS="StyleId-1" CONTENT="country's" WC="0.63" CC="506606035" />
            <SP ID="P84_SP00335" WIDTH="0" HPOS="0" VPOS="0" />
            <String ID="P84_S00371" HPOS="635" VPOS="2409" WIDTH="237" HEIGHT="58" STYLEREFS="StyleId-1" CONTENT="defenders" WC="0.803333342" CC="000060064" />
            <SP ID="P84_SP00336" WIDTH="0" HPOS="0" VPOS="0" />
            <String ID="P84_S00372" HPOS="913" VPOS="2407" WIDTH="240" HEIGHT="60" STYLEREFS="StyleId-1" CONTENT="whenever" WC="0.78375" CC="00350007" />
            <SP ID="P84_SP00337" WIDTH="0" HPOS="0" VPOS="0" />
            <String ID="P84_S00373" HPOS="1193" VPOS="2405" WIDTH="116" HEIGHT="62" STYLEREFS="StyleId-1" CONTENT="that" WC="1" CC="0000" />
            <SP ID="P84_SP00338" WIDTH="0" HPOS="0" VPOS="0" />
            <String ID="P84_S00374" HPOS="1352" VPOS="2404" WIDTH="206" HEIGHT="63" STYLEREFS="StyleId-1" CONTENT="country" WC="0.372857153" CC="6677960" />
            <SP ID="P84_SP00339" WIDTH="0" HPOS="0" VPOS="0" />
            <String ID="P84_S00375" HPOS="1598" VPOS="2401" WIDTH="92" HEIGHT="66" STYLEREFS="StyleId-1" CONTENT="has" WC="0.1" CC="10107" />
            <SP ID="P84_SP00340" WIDTH="0" HPOS="0" VPOS="0" />
            <String ID="P84_S00376" HPOS="1740" VPOS="2402" WIDTH="117" HEIGHT="65" STYLEREFS="StyleId-1" CONTENT="been" WC="0.815" CC="0007" />
          </TextLine>
          <TextLine ID="P84_TL00037" HPOS="336" VPOS="2474" WIDTH="1520" HEIGHT="56">
            <String ID="P84_S00377" HPOS="337" VPOS="2479" WIDTH="204" HEIGHT="45" STYLEREFS="StyleId-1" CONTENT="assailed" WC="0.67625" CC="97600300" />
            <SP ID="P84_SP00341" WIDTH="0" HPOS="0" VPOS="0" />
            <String ID="P84_S00378" HPOS="571" VPOS="2478" WIDTH="62" HEIGHT="59" STYLEREFS="StyleId-1" CONTENT="by" WC="0.19" CC="87" />
            <SP ID="P84_SP00342" WIDTH="0" HPOS="0" VPOS="0" />
            <String ID="P84_S00379" HPOS="657" VPOS="2477" WIDTH="99" HEIGHT="60" STYLEREFS="StyleId-1" CONTENT="foes" WC="0.85" CC="0006" />
            <SP ID="P84_SP00343" WIDTH="0" HPOS="0" VPOS="0" />
            <String ID="P84_S00380" HPOS="779" VPOS="2474" WIDTH="210" HEIGHT="63" STYLEREFS="StyleId-1" CONTENT="without" WC="0.851428568" CC="0000270" />
            <SP ID="P84_SP00344" WIDTH="0" HPOS="0" VPOS="0" />
            <String ID="P84_S00381" HPOS="1014" VPOS="2485" WIDTH="56" HEIGHT="52" STYLEREFS="StyleId-1" CONTENT="or" WC="0.585" CC="26" />
            <SP ID="P84_SP00345" WIDTH="0" HPOS="0" VPOS="0" />
            <String ID="P84_S00382" HPOS="1094" VPOS="2470" WIDTH="207" HEIGHT="67" STYLEREFS="StyleId-1" CONTENT="traitors" WC="0.69875" CC="04030366" />
            <SP ID="P84_SP00346" WIDTH="0" HPOS="0" VPOS="0" />
            <String ID="P84_S00383" HPOS="1326" VPOS="2468" WIDTH="180" HEIGHT="69" STYLEREFS="StyleId-1" CONTENT="within," WC="0.7657143" CC="0000474" />
            <SP ID="P84_SP00347" WIDTH="0" HPOS="0" VPOS="0" />
            <String ID="P84_S00384" HPOS="1541" VPOS="2469" WIDTH="84" HEIGHT="68" STYLEREFS="StyleId-1" CONTENT="the" WC="1" CC="000" />
            <SP ID="P84_SP00348" WIDTH="0" HPOS="0" VPOS="0" />
            <String ID="P84_S00385" HPOS="1657" VPOS="2481" WIDTH="199" HEIGHT="56" STYLEREFS="StyleId-1" CONTENT="negroes" WC="0.6" CC="70104006" />
          </TextLine>
          <TextLine ID="P84_TL00038" HPOS="333" VPOS="2540" WIDTH="1531" HEIGHT="55">
            <String ID="P84_S00386" HPOS="333" VPOS="2545" WIDTH="264" HEIGHT="58" STYLEREFS="StyleId-1" CONTENT="responded" WC="0.81" CC="506006000" />
            <SP ID="P84_SP00349" WIDTH="0" HPOS="0" VPOS="0" />
            <String ID="P84_S00387" HPOS="622" VPOS="2546" WIDTH="57" HEIGHT="57" STYLEREFS="StyleId-1" CONTENT="to" WC="0.765" CC="04" />
            <SP ID="P84_SP00350" WIDTH="0" HPOS="0" VPOS="0" />
            <String ID="P84_S00388" HPOS="705" VPOS="2542" WIDTH="84" HEIGHT="61" STYLEREFS="StyleId-1" CONTENT="the" WC="1" CC="000" />
            <SP ID="P84_SP00351" WIDTH="0" HPOS="0" VPOS="0" />
            <String ID="P84_S00389" HPOS="814" VPOS="2540" WIDTH="91" HEIGHT="63" STYLEREFS="StyleId-1" CONTENT="call" WC="0.9625" CC="1000" />
            <SP ID="P84_SP00352" WIDTH="0" HPOS="0" VPOS="0" />
            <String ID="P84_S00390" HPOS="931" VPOS="2539" WIDTH="54" HEIGHT="64" STYLEREFS="StyleId-1" CONTENT="of" WC="0.84" CC="02" />
            <SP ID="P84_SP00353" WIDTH="0" HPOS="0" VPOS="0" />
            <String ID="P84_S00391" HPOS="1005" VPOS="2536" WIDTH="197" HEIGHT="67" STYLEREFS="StyleId-1" CONTENT="General" WC="0.725714266" CC="7050600" />
            <SP ID="P84_SP00354" WIDTH="0" HPOS="0" VPOS="0" />
            <String ID="P84_S00392" HPOS="1227" VPOS="2535" WIDTH="214" HEIGHT="68" STYLEREFS="StyleId-1" CONTENT="Jackson" WC="0.764285743" CC="2000607" />
            <SP ID="P84_SP00355" WIDTH="0" HPOS="0" VPOS="0" />
            <String ID="P84_S00393" HPOS="1469" VPOS="2534" WIDTH="95" HEIGHT="69" STYLEREFS="StyleId-1" CONTENT="and" WC="0.42" CC="1070" />
            <SP ID="P84_SP00356" WIDTH="0" HPOS="0" VPOS="0" />
            <String ID="P84_S00394" HPOS="1590" VPOS="2535" WIDTH="57" HEIGHT="68" STYLEREFS="StyleId-1" CONTENT="to" WC="1" CC="00" />
            <SP ID="P84_SP00357" WIDTH="0" HPOS="0" VPOS="0" />
            <String ID="P84_S00395" HPOS="1673" VPOS="2534" WIDTH="115" HEIGHT="69" STYLEREFS="StyleId-1" CONTENT="that" WC="1" CC="0000" />
            <SP ID="P84_SP00358" WIDTH="0" HPOS="0" VPOS="0" />
            <String ID="P84_S00396" HPOS="1807" VPOS="2534" WIDTH="57" HEIGHT="69" STYLEREFS="StyleId-1" CONTENT="of" WC="0.855" CC="20" />
          </TextLine>
          <TextLine ID="P84_TL00039" HPOS="333" VPOS="2605" WIDTH="1524" HEIGHT="52">
            <String ID="P84_S00397" HPOS="333" VPOS="2614" WIDTH="107" HEIGHT="44" STYLEREFS="StyleId-1" CONTENT="New" WC="0.443333328" CC="709" />
            <SP ID="P84_SP00359" WIDTH="0" HPOS="0" VPOS="0" />
            <String ID="P84_S00398" HPOS="464" VPOS="2612" WIDTH="147" HEIGHT="52" STYLEREFS="StyleId-1" CONTENT="York," WC="0.692" CC="60602" />
            <SP ID="P84_SP00360" WIDTH="0" HPOS="0" VPOS="0" />
            <String ID="P84_S00399" HPOS="639" VPOS="2609" WIDTH="116" HEIGHT="55" STYLEREFS="StyleId-1" CONTENT="with" WC="0.905" CC="0300" />
            <SP ID="P84_SP00361" WIDTH="0" HPOS="0" VPOS="0" />
            <String ID="P84_S00400" HPOS="774" VPOS="2620" WIDTH="32" HEIGHT="44" STYLEREFS="StyleId-1" CONTENT="a" WC="1" CC="0" />
            <SP ID="P84_SP00362" WIDTH="0" HPOS="0" VPOS="0" />
            <String ID="P84_S00401" HPOS="822" VPOS="2605" WIDTH="100" HEIGHT="59" STYLEREFS="StyleId-1" CONTENT="zeal" WC="0.92" CC="1001" />
            <SP ID="P84_SP00363" WIDTH="0" HPOS="0" VPOS="0" />
            <String ID="P84_S00402" HPOS="940" VPOS="2605" WIDTH="96" HEIGHT="59" STYLEREFS="StyleId-1" CONTENT="and" WC="0.75333333" CC="070" />
            <SP ID="P84_SP00364" WIDTH="0" HPOS="0" VPOS="0" />
            <String ID="P84_S00403" HPOS="1054" VPOS="2615" WIDTH="174" HEIGHT="49" STYLEREFS="StyleId-1" CONTENT="energy" WC="0.59" CC="0707100" />
            <SP ID="P84_SP00365" WIDTH="0" HPOS="0" VPOS="0" />
            <String ID="P84_S00404" HPOS="1245" VPOS="2599" WIDTH="354" HEIGHT="65" STYLEREFS="StyleId-1" CONTENT="characteristic" WC="0.731428564" CC="00078100555003" />
            <SP ID="P84_SP00366" WIDTH="0" HPOS="0" VPOS="0" />
            <String ID="P84_S00405" HPOS="1617" VPOS="2599" WIDTH="114" HEIGHT="65" STYLEREFS="StyleId-1" CONTENT="only" WC="0.6275" CC="0770" />
            <SP ID="P84_SP00367" WIDTH="0" HPOS="0" VPOS="0" />
            <String ID="P84_S00406" HPOS="1749" VPOS="2599" WIDTH="54" HEIGHT="65" STYLEREFS="StyleId-1" CONTENT="of" WC="0.915" CC="10" />
            <SP ID="P84_SP00368" WIDTH="0" HPOS="0" VPOS="0" />
            <String ID="P84_S00407" HPOS="1823" VPOS="2613" WIDTH="34" HEIGHT="51" STYLEREFS="StyleId-1" CONTENT="a" WC="0" CC="10" />
          </TextLine>
          <TextLine ID="P84_TL00040" HPOS="331" VPOS="2671" WIDTH="1524" HEIGHT="55">
            <String ID="P84_S00408" HPOS="332" VPOS="2682" WIDTH="150" HEIGHT="43" STYLEREFS="StyleId-1" CONTENT="brave" WC="0.882" CC="05000" />
            <SP ID="P84_SP00369" WIDTH="0" HPOS="0" VPOS="0" />
            <String ID="P84_S00409" HPOS="508" VPOS="2678" WIDTH="97" HEIGHT="47" STYLEREFS="StyleId-1" CONTENT="and" WC="0.526666641" CC="1040" />
            <SP ID="P84_SP00370" WIDTH="0" HPOS="0" VPOS="0" />
            <String ID="P84_S00410" HPOS="631" VPOS="2674" WIDTH="232" HEIGHT="58" STYLEREFS="StyleId-1" CONTENT="patriotic" WC="0.7411111" CC="180700040" />
            <SP ID="P84_SP00371" WIDTH="0" HPOS="0" VPOS="0" />
            <String ID="P84_S00411" HPOS="889" VPOS="2670" WIDTH="177" HEIGHT="62" STYLEREFS="StyleId-1" CONTENT="people." WC="0.827142835" CC="0040303" />
            <SP ID="P84_SP00372" WIDTH="0" HPOS="0" VPOS="0" />
            <String ID="P84_S00412" HPOS="1120" VPOS="2666" WIDTH="213" HEIGHT="66" STYLEREFS="StyleId-1" CONTENT="Inspired" WC="0.64875" CC="26607600" />
            <SP ID="P84_SP00373" WIDTH="0" HPOS="0" VPOS="0" />
            <String ID="P84_S00413" HPOS="1360" VPOS="2666" WIDTH="65" HEIGHT="66" STYLEREFS="StyleId-1" CONTENT="by" WC="1" CC="00" />
            <SP ID="P84_SP00374" WIDTH="0" HPOS="0" VPOS="0" />
            <String ID="P84_S00414" HPOS="1448" VPOS="2666" WIDTH="84" HEIGHT="66" STYLEREFS="StyleId-1" CONTENT="the" WC="1" CC="000" />
            <SP ID="P84_SP00375" WIDTH="0" HPOS="0" VPOS="0" />
            <String ID="P84_S00415" HPOS="1556" VPOS="2665" WIDTH="125" HEIGHT="67" STYLEREFS="StyleId-1" CONTENT="hope" WC="0.92" CC="0300" />
            <SP ID="P84_SP00376" WIDTH="0" HPOS="0" VPOS="0" />
            <String ID="P84_S00416" HPOS="1698" VPOS="2665" WIDTH="56" HEIGHT="67" STYLEREFS="StyleId-1" CONTENT="of" WC="0.78" CC="13" />
            <SP ID="P84_SP00377" WIDTH="0" HPOS="0" VPOS="0" />
            <String ID="P84_S00417" HPOS="1770" VPOS="2665" WIDTH="85" HEIGHT="67" STYLEREFS="StyleId-1" CONTENT="im¬" WC="0.7266667" CC="404" />
          </TextLine>
          <TextLine ID="P84_TL00041" HPOS="331" VPOS="2737" WIDTH="1524" HEIGHT="60">
            <String ID="P84_S00418" HPOS="331" VPOS="2746" WIDTH="183" HEIGHT="59" STYLEREFS="StyleId-1" CONTENT="partial" WC="0.9057143" CC="0060000" />
            <SP ID="P84_SP00378" WIDTH="0" HPOS="0" VPOS="0" />
            <String ID="P84_S00419" HPOS="538" VPOS="2745" WIDTH="189" HEIGHT="60" STYLEREFS="StyleId-1" CONTENT="liberty," WC="0.87625" CC="00005004" />
            <SP ID="P84_SP00379" WIDTH="0" HPOS="0" VPOS="0" />
            <String ID="P84_S00420" HPOS="745" VPOS="2740" WIDTH="118" HEIGHT="65" STYLEREFS="StyleId-1" CONTENT="they" WC="0.8125" CC="0700" />
            <SP ID="P84_SP00380" WIDTH="0" HPOS="0" VPOS="0" />
            <String ID="P84_S00421" HPOS="888" VPOS="2735" WIDTH="164" HEIGHT="70" STYLEREFS="StyleId-1" CONTENT="rallied" WC="0.87" CC="6000200" />
            <SP ID="P84_SP00381" WIDTH="0" HPOS="0" VPOS="0" />
            <String ID="P84_S00422" HPOS="1069" VPOS="2736" WIDTH="57" HEIGHT="69" STYLEREFS="StyleId-1" CONTENT="to" WC="0.97" CC="00" />
            <SP ID="P84_SP00382" WIDTH="0" HPOS="0" VPOS="0" />
            <String ID="P84_S00423" HPOS="1143" VPOS="2733" WIDTH="84" HEIGHT="72" STYLEREFS="StyleId-1" CONTENT="the" WC="0.6066667" CC="0101" />
            <SP ID="P84_SP00383" WIDTH="0" HPOS="0" VPOS="0" />
            <String ID="P84_S00424" HPOS="1245" VPOS="2734" WIDTH="204" HEIGHT="71" STYLEREFS="StyleId-1" CONTENT="support" WC="0.605714262" CC="5700068" />
            <SP ID="P84_SP00384" WIDTH="0" HPOS="0" VPOS="0" />
            <String ID="P84_S00425" HPOS="1467" VPOS="2732" WIDTH="54" HEIGHT="73" STYLEREFS="StyleId-1" CONTENT="of" WC="0.84" CC="03" />
            <SP ID="P84_SP00385" WIDTH="0" HPOS="0" VPOS="0" />
            <String ID="P84_S00426" HPOS="1538" VPOS="2732" WIDTH="118" HEIGHT="73" STYLEREFS="StyleId-1" CONTENT="that" WC="0.13" CC="71089" />
            <SP ID="P84_SP00386" WIDTH="0" HPOS="0" VPOS="0" />
            <String ID="P84_S00427" HPOS="1672" VPOS="2730" WIDTH="183" HEIGHT="75" STYLEREFS="StyleId-1" CONTENT="banner" WC="0.655" CC="007706" />
          </TextLine>
          <TextLine ID="P84_TL00042" HPOS="330" VPOS="2804" WIDTH="1524" HEIGHT="48">
            <String ID="P84_S00428" HPOS="330" VPOS="2814" WIDTH="150" HEIGHT="44" STYLEREFS="StyleId-1" CONTENT="which" WC="0.734" CC="100300" />
            <SP ID="P84_SP00387" WIDTH="0" HPOS="0" VPOS="0" />
            <String ID="P84_S00429" HPOS="506" VPOS="2808" WIDTH="316" HEIGHT="50" STYLEREFS="StyleId-1" CONTENT="Commodore" WC="0.8422222" CC="600000070" />
            <SP ID="P84_SP00388" WIDTH="0" HPOS="0" VPOS="0" />
            <String ID="P84_S00430" HPOS="847" VPOS="2804" WIDTH="190" HEIGHT="54" STYLEREFS="StyleId-1" CONTENT="Barron" WC="0.545" CC="606706" />
            <SP ID="P84_SP00389" WIDTH="0" HPOS="0" VPOS="0" />
            <String ID="P84_S00431" HPOS="1061" VPOS="2800" WIDTH="197" HEIGHT="58" STYLEREFS="StyleId-1" CONTENT="lowered" WC="0.872857153" CC="0400400" />
            <SP ID="P84_SP00390" WIDTH="0" HPOS="0" VPOS="0" />
            <String ID="P84_S00432" HPOS="1275" VPOS="2800" WIDTH="133" HEIGHT="58" STYLEREFS="StyleId-1" CONTENT="when" WC="0.835" CC="0006" />
            <SP ID="P84_SP00391" WIDTH="0" HPOS="0" VPOS="0" />
            <String ID="P84_S00433" HPOS="1431" VPOS="2799" WIDTH="59" HEIGHT="59" STYLEREFS="StyleId-1" CONTENT="he" WC="1" CC="00" />
            <SP ID="P84_SP00392" WIDTH="0" HPOS="0" VPOS="0" />
            <String ID="P84_S00434" HPOS="1514" VPOS="2798" WIDTH="140" HEIGHT="60" STYLEREFS="StyleId-1" CONTENT="failed" WC="0.905" CC="005000" />
            <SP ID="P84_SP00393" WIDTH="0" HPOS="0" VPOS="0" />
            <String ID="P84_S00435" HPOS="1670" VPOS="2800" WIDTH="58" HEIGHT="58" STYLEREFS="StyleId-1" CONTENT="to" WC="0.89" CC="02" />
            <SP ID="P84_SP00394" WIDTH="0" HPOS="0" VPOS="0" />
            <String ID="P84_S00436" HPOS="1746" VPOS="2810" WIDTH="108" HEIGHT="48" STYLEREFS="StyleId-1" CONTENT="pro¬" WC="0.75" CC="0504" />
          </TextLine>
          <TextLine ID="P84_TL00043" HPOS="328" VPOS="2870" WIDTH="1527" HEIGHT="49">
            <String ID="P84_S00437" HPOS="328" VPOS="2883" WIDTH="102" HEIGHT="42" STYLEREFS="StyleId-1" CONTENT="tect" WC="0.79" CC="3220" />
            <SP ID="P84_SP00395" WIDTH="0" HPOS="0" VPOS="0" />
            <String ID="P84_S00438" HPOS="447" VPOS="2879" WIDTH="132" HEIGHT="46" STYLEREFS="StyleId-1" CONTENT="them" WC="1" CC="0000" />
            <SP ID="P84_SP00396" WIDTH="0" HPOS="0" VPOS="0" />
            <String ID="P84_S00439" HPOS="596" VPOS="2876" WIDTH="125" HEIGHT="49" STYLEREFS="StyleId-1" CONTENT="from" WC="0.75" CC="1134" />
            <SP ID="P84_SP00397" WIDTH="0" HPOS="0" VPOS="0" />
            <String ID="P84_S00440" HPOS="737" VPOS="2870" WIDTH="184" HEIGHT="55" STYLEREFS="StyleId-1" CONTENT="British" WC="0.751428545" CC="7500040" />
            <SP ID="P84_SP00398" WIDTH="0" HPOS="0" VPOS="0" />
            <String ID="P84_S00441" HPOS="939" VPOS="2866" WIDTH="292" HEIGHT="59" STYLEREFS="StyleId-1" CONTENT="aggression," WC="0.676363647" CC="010070560060" />
            <SP ID="P84_SP00399" WIDTH="0" HPOS="0" VPOS="0" />
            <String ID="P84_S00442" HPOS="1251" VPOS="2866" WIDTH="90" HEIGHT="59" STYLEREFS="StyleId-1" CONTENT="but" WC="0.49666667" CC="077" />
            <SP ID="P84_SP00400" WIDTH="0" HPOS="0" VPOS="0" />
            <String ID="P84_S00443" HPOS="1365" VPOS="2866" WIDTH="149" HEIGHT="59" STYLEREFS="StyleId-1" CONTENT="which" WC="0.774" CC="000110" />
            <SP ID="P84_SP00401" WIDTH="0" HPOS="0" VPOS="0" />
            <String ID="P84_S00444" HPOS="1539" VPOS="2864" WIDTH="316" HEIGHT="61" STYLEREFS="StyleId-1" CONTENT="Commodore" WC="0.6988889" CC="600260046" />
          </TextLine>
          <TextLine ID="P84_TL00044" HPOS="331" VPOS="2935" WIDTH="1146" HEIGHT="59">
            <String ID="P84_S00445" HPOS="331" VPOS="2946" WIDTH="208" HEIGHT="45" STYLEREFS="StyleId-1" CONTENT="Decatur" WC="0.452857137" CC="70049107" />
            <SP ID="P84_SP00402" WIDTH="0" HPOS="0" VPOS="0" />
            <String ID="P84_S00446" HPOS="555" VPOS="2938" WIDTH="241" HEIGHT="61" STYLEREFS="StyleId-1" CONTENT="gallantly" WC="0.8088889" CC="700006030" />
            <SP ID="P84_SP00403" WIDTH="0" HPOS="0" VPOS="0" />
            <String ID="P84_S00447" HPOS="815" VPOS="2935" WIDTH="96" HEIGHT="64" STYLEREFS="StyleId-1" CONTENT="and" WC="0.603333354" CC="560" />
            <SP ID="P84_SP00404" WIDTH="0" HPOS="0" VPOS="0" />
            <String ID="P84_S00448" HPOS="930" VPOS="2931" WIDTH="297" HEIGHT="68" STYLEREFS="StyleId-1" CONTENT="successfully" WC="0.5883333" CC="6700064270410" />
            <SP ID="P84_SP00405" WIDTH="0" HPOS="0" VPOS="0" />
            <String ID="P84_S00449" HPOS="1244" VPOS="2931" WIDTH="233" HEIGHT="68" STYLEREFS="StyleId-1" CONTENT="defended." WC="0.914444447" CC="000050002" />
          </TextLine>
        </TextBlock>
      </PrintSpace>
    </Page>
  </Layout>
</alto>