2200 3300
847 306 106 43 The
979 305 124 44 War
1130 317 64 32 of
1221 304 144 45 1812.

1805 300 62 43 81

335 435 117 58 ably
468 439 93 54 not
577 437 126 56 have
719 438 158 55 lasted
895 437 74 56 six
986 437 220 56 months;
1228 435 231 58 certainly
1475 434 84 59 the
1576 433 224 60 invasion
1820 434 52 59 of

334 501 203 45 Canada
552 502 158 45 would
728 506 93 41 not
836 504 125 43 have
978 503 116 44 been
1113 501 284 55 attempted.

436 568 100 44 The
552 582 208 30 reverses
778 569 149 43 which
945 570 100 42 met
1061 567 83 45 the
1160 567 249 45 American
1436 579 140 42 army
1594 565 50 56 in
1661 566 84 55 the
1762 567 108 54 first

331 648 120 44 year
478 636 54 56 of
550 636 85 56 the
659 648 113 44 war,
803 633 247 59 slackened
1076 646 116 46 even
1218 633 83 59 the
1329 632 274 60 enlistment
1629 632 116 60 that
1770 647 99 45 was

330 703 154 56 going
501 715 66 44 on
586 702 97 57 and
701 700 240 59 imperiled
957 700 85 59 the
1060 699 157 60 safety
1236 699 54 60 of
1310 699 84 60 the
1422 702 220 57 country,
1664 701 97 58 and
1785 702 85 57 the

331 770 208 45 defences
559 768 55 47 of
631 768 85 47 the
733 770 132 45 most
890 767 276 56 important
1186 769 224 54 seaports
1432 767 97 56 and
1547 767 326 56 manufactur¬

330 836 86 57 ing
433 839 170 54 states.
648 835 167 58 Battle
842 834 122 59 after
982 834 158 59 battle
1158 834 99 59 had
1278 834 116 59 been
1412 834 113 59 lost,
1546 835 83 58 the
1646 835 218 58 invasion

333 904 55 43 of
408 903 200 45 Canada
634 903 301 53 abandoned,
966 903 97 53 and
1091 902 84 54 the
1202 901 183 55 British
1413 901 99 55 had
1537 902 173 54 turned
1743 903 125 53 their

333 971 249 43 attention
625 971 293 44 southward.
998 970 99 45 The
1139 982 101 33 war
1283 969 50 46 in
1378 968 191 56 Europe
1611 969 98 55 had
1751 970 117 54 been

331 1037 219 57 brought
573 1041 57 53 to
659 1052 32 42 a
716 1040 136 54 close,
883 1039 97 55 and
1006 1037 250 57 Napoleon
1284 1049 100 45 was
1422 1049 32 45 a
1488 1036 202 58 captive.
1743 1035 124 59 Eng¬

331 1104 117 44 land
466 1118 99 30 was
583 1119 107 30 now
709 1109 56 40 at
782 1107 173 54 liberty
972 1108 57 53 to
1057 1104 225 57 reinforce
1309 1104 85 57 her
1419 1103 108 58 fleet
1546 1103 95 58 and
1662 1115 138 46 army
1817 1103 50 58 in

331 1170 231 56 America,
584 1173 97 53 and
699 1174 123 52 fears
847 1187 117 39 were
989 1171 296 55 entertained
1317 1171 118 55 that
1454 1170 140 56 other
1611 1169 256 57 European

332 1251 183 43 powers
550 1240 156 56 might
742 1241 147 55 assist
922 1241 83 55 her
1039 1240 50 56 in
1114 1239 237 57 invading
1376 1238 84 58 the
1485 1236 173 60 United
1685 1235 178 61 States.

334 1304 99 43 The
467 1319 147 42 negro
650 1307 173 54 soldier
858 1308 147 55 again
1038 1307 191 56 loomed
1258 1318 80 45 up,
1370 1305 97 58 and
1496 1317 55 46 as
1576 1304 83 59 the
1683 1302 181 61 British

332 1384 118 31 were
484 1373 257 56 preparing
772 1376 58 53 to
866 1375 172 54 attack
1072 1373 106 56 New
1208 1372 198 57 Orleans
1443 1372 115 57 with
1587 1384 32 45 a
1652 1370 215 59 superior

334 1438 125 43 force
474 1441 57 41 to
549 1440 117 42 that
685 1440 53 42 of
759 1439 110 45 Gen.
891 1440 268 53 Jackson's,
1181 1440 58 53 he
1260 1440 182 55 sought
1460 1442 57 53 to
1537 1438 130 57 avail
1683 1436 189 59 himself

335 1504 56 44 of
410 1518 141 42 every
577 1506 206 55 possible
807 1507 107 54 help
939 1507 165 54 within
1130 1507 73 54 his
1240 1505 153 56 reach.
1459 1504 315 57 Accordingly
1806 1502 60 59 he

335 1569 158 45 issued
509 1572 84 42 the
609 1571 242 57 following
867 1573 376 55 proclamation:

410 1658 232 37 GENERAL
662 1659 257 36 JACKSON'S
940 1661 383 35 PROCLAMATION
1347 1661 63 35 TO
1435 1660 103 36 THE
1560 1659 237 37 NEGROES.

908 1726 333 44 Headquarters,
1259 1727 186 43 Seventh
1461 1726 199 44 Military
1673 1727 191 43 District,

1164 1793 170 43 Mobile,
1352 1794 221 44 September
1587 1792 196 46 21,1814.

343 1855 56 37 To
415 1857 65 35 the
491 1856 95 36 Free
599 1856 160 37 Colored
769 1858 252 36 Inhabitants
1035 1859 49 36 of
1092 1859 232 37 Louisiana:

420 1911 184 44 Through
618 1923 27 32 a
657 1913 191 42 mistaken
862 1915 135 43 policy,
1013 1925 79 33 you
1113 1915 98 43 have
1232 1915 212 43 heretofore
1464 1915 93 43 been
1581 1914 177 44 deprived
1778 1913 46 45 of
1837 1925 29 33 a

339 1967 279 43 participation
637 1968 40 42 in
697 1969 66 41 the
782 1969 172 43 glorious
970 1970 175 43 struggle
1164 1971 60 42 for
1246 1970 179 43 national
1444 1970 126 43 rights
1592 1970 40 43 in
1651 1969 119 44 which
1791 1979 74 34 our

340 2024 166 40 country
519 2022 32 42 is
565 2023 182 43 engaged.
790 2023 92 43 This
896 2034 51 32 no
961 2025 132 43 longer
1107 2025 98 43 shall
1219 2026 110 42 exist.

420 2076 53 35 As
493 2087 91 25 sons
605 2077 44 35 of
671 2078 176 43 freedom,
868 2090 79 31 you
969 2090 63 31 are
1052 2090 86 31 now
1158 2081 119 40 called
1298 2091 105 33 upon
1429 2082 46 42 to
1505 2079 131 45 defend
1664 2090 72 34 our
1756 2081 108 43 most

340 2129 238 37 inestimable
591 2132 176 44 blessing.
809 2133 53 43 As
876 2134 227 44 Americans,
1119 2145 100 33 your
1238 2138 165 40 country
1416 2135 112 43 looks
1543 2135 92 43 with
1649 2134 209 44 confidence

341 2187 46 34 to
401 2185 66 36 her
481 2187 169 44 adopted
663 2188 166 43 children
850 2189 60 42 for
931 2200 26 31 a
975 2190 183 41 valorous
1180 2193 175 40 support,
1372 2201 44 32 as
1439 2201 26 32 a
1484 2190 151 43 faithful
1655 2192 133 41 return
1801 2189 58 44 for

341 2241 67 35 the
422 2241 242 45 advantages
676 2244 160 43 enjoyed
856 2245 119 42 under
994 2245 66 42 her
1080 2245 92 42 mild
1193 2245 78 42 and
1292 2245 191 43 equitable
1503 2248 264 40 government.
1807 2243 58 45 A&

343 2296 155 42 fathers,
513 2297 208 44 husbands,
738 2299 79 42 and
829 2299 189 44 brothers,
1034 2311 79 32 you
1135 2311 65 32 are
1220 2300 224 43 summoned
1457 2303 44 40 to
1517 2300 98 43 rally
1630 2298 152 45 around
1795 2299 68 44 the

343 2352 190 35 standard
548 2353 43 34 of
606 2354 65 34 the
685 2353 129 44 Eagle,
830 2356 45 41 to
892 2354 130 43 defend
1036 2355 52 42 all
1101 2355 118 42 which
1233 2355 32 42 is
1281 2355 90 42 dear
1385 2355 38 42 in
1438 2355 196 42 existence.

421 2407 106 35 Your
540 2411 176 41 country,
733 2409 190 43 although
937 2410 138 42 calling
1088 2409 59 43 for
1160 2419 100 33 your
1272 2410 202 42 exertions,
1485 2409 92 43 does
1591 2411 73 41 not
1676 2409 92 43 wish
1781 2418 81 34 you

341 2465 46 33 to
402 2473 145 34 engage
560 2463 39 44 in
613 2464 66 43 her
693 2474 112 33 cause
819 2464 164 43 without
997 2464 132 43 amply
1148 2464 286 43 remunerating
1452 2474 80 33 you
1551 2463 60 44 for
1624 2463 66 44 the
1704 2463 158 44 services

343 2519 188 36 rendered.
573 2518 107 37 Your
692 2519 213 43 intelligent
918 2519 124 43 minds
1057 2528 65 34 are
1141 2520 74 42 not
1234 2520 44 42 to
1300 2518 47 44 be
1366 2518 60 44 led
1447 2528 111 34 away
1570 2518 53 44 by
1636 2518 93 44 false
1742 2527 121 35 repre¬

342 2575 230 36 sentations.
613 2573 106 38 Your
738 2574 88 37 love
847 2574 44 37 of
905 2573 125 38 honor
1049 2571 127 40 would
1201 2583 114 28 cause
1340 2583 79 31 you
1445 2574 46 40 to
1520 2573 144 43 despise
1682 2572 68 44 the
1769 2582 92 34 man

341 2631 86 36 who
449 2629 138 38 should
609 2631 171 41 attempt
799 2631 46 41 to
868 2627 144 45 deceive
1030 2637 92 35 you.
1164 2626 46 46 In
1229 2627 66 45 the
1316 2627 177 45 sincerity
1514 2627 44 45 of
1573 2638 25 34 a
1617 2627 139 45 soldier
1783 2626 78 46 and

340 2687 69 37 the
421 2687 193 43 language
629 2685 44 45 of
687 2684 112 46 truth
813 2683 20 47 I
848 2683 157 47 address
1018 2692 90 38 you.

422 2742 58 36 To
508 2751 113 33 every
641 2737 296 47 noble-hearted,
960 2745 184 39 generous
1164 2734 164 50 freeman
1350 2736 43 48 of
1407 2736 106 48 color
1534 2735 262 49 volunteering
1815 2737 45 47 to

342 2808 106 26 Berve
463 2797 139 42 during
614 2795 67 44 the
694 2795 153 44 present
860 2793 153 46 contest
1026 2790 91 49 with
1133 2789 117 50 Great
1263 2790 161 49 Britain,
1441 2791 77 48 and
1532 2801 51 38 no
1598 2790 141 49 longer,
1755 2790 107 49 there

340 2852 75 37 will
427 2852 47 37 be
487 2851 93 44 paid
594 2851 67 44 the
675 2860 105 35 same
793 2849 163 46 bounty,
972 2846 40 49 in
1032 2855 139 40 money
1192 2844 77 51 and
1288 2844 122 51 lands,
1433 2856 86 39 now
1538 2844 165 51 received
1722 2844 53 51 by
1794 2844 68 51 the

339 2907 116 36 white
475 2905 159 38 soldiers
655 2905 44 38 of
714 2904 67 39 the
800 2901 140 42 United
960 2900 142 43 States,
1126 2899 76 44 viz:
1231 2909 76 34 one
1328 2899 171 44 hundred
1521 2900 77 43 and
1618 2898 243 45 twenty-four

339 2961 149 38 dollars
508 2960 41 39 in
568 2969 151 33 money,
742 2957 79 45 and
842 2967 72 35 one
933 2954 172 48 hundred
1127 2954 77 48 and
1225 2953 104 49 sixty
1350 2964 103 38 acres
1475 2955 43 47 of
1532 2954 104 48 land.
1678 2954 78 48 The
1770 2964 93 38 non-
