<?xml version="1.0" encoding="utf-8"?>
<alto xmlns:xlink="http://www.w3.org/1999/xlink" xmlns:xsi="http://www.w3.org/2001/XMLSchema-instance" xsi:schemaLocation="http://www.loc.gov/standards/alto/ns-v2# http://www.loc.gov/standards/alto/alto-v2.0.xsd" xmlns="http://www.loc.gov/standards/alto/ns-v2#">
  <Description>
    <MeasurementUnit>pixel</MeasurementUnit>
    <sourceImageInformation>
      <fileName>0097.tif</fileName>
    </sourceImageInformation>
    <OCRProcessing ID="Processing">
      <ocrProcessingStep>
        <processingStepSettings>Image Resolution:400</processingStepSettings>
        <processingSoftware>
          <softwareCreator>I2S Kirtas</softwareCreator>
          <softwareName>Limb</softwareName>
          <softwareVersion>1.0</softwareVersion>
          <applicationDescription>Abbyy10 OCR Engine</applicationDescription>
        </processingSoftware>
      </ocrProcessingStep>
    </OCRProcessing>
  </Description>
  <Styles>
    <TextStyle ID="StyleId-0" FONTSIZE="9" FONTFAMILY="Times New Roman" />
    <TextStyle ID="StyleId-1" FONTSIZE="10" FONTFAMILY="Times New Roman" />
    <TextStyle ID="StyleId-2" FONTSIZE="11" FONTFAMILY="Times New Roman" />
    <TextStyle ID="StyleId-3" FONTSIZE="8" FONTFAMILY="Times New Roman" />
  </Styles>
  <Layout>
    <Page ID="P96" PHYSICAL_IMG_NR="96" HEIGHT="3311" WIDTH="2216" ACCURACY="0.724449" QUALITY_DETAIL="474 words, 2250 chars, 1546 with recognition greater than 50% (68.71%)">
      <TopMargin ID="P96_TM00001" HPOS="0" VPOS="0" WIDTH="2216" HEIGHT="293" />
      <LeftMargin ID="P96_LM00001" HPOS="0" VPOS="293" WIDTH="297" HEIGHT="2715" />
      <RightMargin ID="P96_RM00001" HPOS="1844" VPOS="293" WIDTH="372" HEIGHT="2715" />
      <BottomMargin ID="P96_BM00001" HPOS="0" VPOS="3008" WIDTH="2216" HEIGHT="303" />
      <PrintSpace ID="P96_PS00001" HPOS="297" VPOS="293" WIDTH="1547" HEIGHT="2715">
        <TextBlock ID="P96_TB00001" HPOS="859" VPOS="296" WIDTH="440" HEIGHT="59">
          <TextLine ID="P96_TL00001" HPOS="867" VPOS="304" WIDTH="424" HEIGHT="43">
            <String ID="P96_S00001" HPOS="867" VPOS="305" WIDTH="179" HEIGHT="40" STYLEREFS="StyleId-0" CONTENT="Public" WC="0.51" CC="747602" />
            <SP ID="P96_SP00001" WIDTH="0" HPOS="0" VPOS="0" />
            <String ID="P96_S00002" HPOS="1074" VPOS="305" WIDTH="217" HEIGHT="42" STYLEREFS="StyleId-0" CONTENT="Opinion." WC="0.5675" CC="76061264" />
          </TextLine>
        </TextBlock>
        <TextBlock ID="P96_TB00002" HPOS="1768" VPOS="304" WIDTH="77" HEIGHT="57">
          <TextLine ID="P96_TL00002" HPOS="1776" VPOS="312" WIDTH="61" HEIGHT="41">
            <String ID="P96_S00003" HPOS="1776" VPOS="312" WIDTH="61" HEIGHT="41" STYLEREFS="StyleId-1" CONTENT="95" WC="0.32" CC="67" />
          </TextLine>
        </TextBlock>
        <TextBlock ID="P96_TB00003" HPOS="296" VPOS="415" WIDTH="1548" HEIGHT="2593">
          <TextLine ID="P96_TL00003" HPOS="313" VPOS="424" WIDTH="1527" HEIGHT="67">
            <String ID="P96_S00004" HPOS="313" VPOS="424" WIDTH="246" HEIGHT="57" STYLEREFS="StyleId-2" CONTENT="maturity" WC="0.3975" CC="84476366" />
            <SP ID="P96_SP00002" WIDTH="0" HPOS="0" VPOS="0" />
            <String ID="P96_S00005" HPOS="594" VPOS="428" WIDTH="133" HEIGHT="53" STYLEREFS="StyleId-2" CONTENT="when" WC="0.47" CC="6716" />
            <SP ID="P96_SP00003" WIDTH="0" HPOS="0" VPOS="0" />
            <String ID="P96_S00006" HPOS="762" VPOS="430" WIDTH="363" HEIGHT="57" STYLEREFS="StyleId-2" CONTENT="DeTocqueville" WC="0.8046154" CC="7120107000220" />
            <SP ID="P96_SP00004" WIDTH="0" HPOS="0" VPOS="0" />
            <String ID="P96_S00007" HPOS="1157" VPOS="431" WIDTH="173" HEIGHT="56" STYLEREFS="StyleId-2" CONTENT="visited" WC="0.5371429" CC="7560606" />
            <SP ID="P96_SP00005" WIDTH="0" HPOS="0" VPOS="0" />
            <String ID="P96_S00008" HPOS="1355" VPOS="433" WIDTH="84" HEIGHT="54" STYLEREFS="StyleId-2" CONTENT="the" WC="0.7266667" CC="080" />
            <SP ID="P96_SP00006" WIDTH="0" HPOS="0" VPOS="0" />
            <String ID="P96_S00009" HPOS="1464" VPOS="431" WIDTH="171" HEIGHT="56" STYLEREFS="StyleId-2" CONTENT="United" WC="0.7" CC="570005" />
            <SP ID="P96_SP00007" WIDTH="0" HPOS="0" VPOS="0" />
            <String ID="P96_S00010" HPOS="1663" VPOS="433" WIDTH="177" HEIGHT="55" STYLEREFS="StyleId-2" CONTENT="States," WC="0.687142849" CC="6050063" />
          </TextLine>
          <TextLine ID="P96_TL00004" HPOS="314" VPOS="489" WIDTH="1524" HEIGHT="65">
            <String ID="P96_S00011" HPOS="314" VPOS="489" WIDTH="112" HEIGHT="54" STYLEREFS="StyleId-2" CONTENT="and," WC="0.5875" CC="7027" />
            <SP ID="P96_SP00008" WIDTH="0" HPOS="0" VPOS="0" />
            <String ID="P96_S00012" HPOS="450" VPOS="504" WIDTH="57" HEIGHT="39" STYLEREFS="StyleId-2" CONTENT="as" WC="0.245" CC="96" />
            <SP ID="P96_SP00009" WIDTH="0" HPOS="0" VPOS="0" />
            <String ID="P96_S00013" HPOS="528" VPOS="506" WIDTH="32" HEIGHT="37" STYLEREFS="StyleId-2" CONTENT="a" WC="1" CC="0" />
            <SP ID="P96_SP00010" WIDTH="0" HPOS="0" VPOS="0" />
            <String ID="P96_S00014" HPOS="577" VPOS="496" WIDTH="150" HEIGHT="47" STYLEREFS="StyleId-2" CONTENT="result" WC="0.498333335" CC="606709" />
            <SP ID="P96_SP00011" WIDTH="0" HPOS="0" VPOS="0" />
            <String ID="P96_S00015" HPOS="745" VPOS="497" WIDTH="55" HEIGHT="46" STYLEREFS="StyleId-2" CONTENT="of" WC="0.755" CC="40" />
            <SP ID="P96_SP00012" WIDTH="0" HPOS="0" VPOS="0" />
            <String ID="P96_S00016" HPOS="810" VPOS="498" WIDTH="116" HEIGHT="45" STYLEREFS="StyleId-2" CONTENT="that" WC="1" CC="0000" />
            <SP ID="P96_SP00013" WIDTH="0" HPOS="0" VPOS="0" />
            <String ID="P96_S00017" HPOS="951" VPOS="498" WIDTH="127" HEIGHT="52" STYLEREFS="StyleId-2" CONTENT="visit," WC="0.655" CC="747001" />
            <SP ID="P96_SP00014" WIDTH="0" HPOS="0" VPOS="0" />
            <String ID="P96_S00018" HPOS="1099" VPOS="497" WIDTH="58" HEIGHT="53" STYLEREFS="StyleId-2" CONTENT="he" WC="0.815" CC="03" />
            <SP ID="P96_SP00015" WIDTH="0" HPOS="0" VPOS="0" />
            <String ID="P96_S00019" HPOS="1181" VPOS="500" WIDTH="161" HEIGHT="50" STYLEREFS="StyleId-2" CONTENT="wrote," WC="0.7366667" CC="660003" />
            <SP ID="P96_SP00016" WIDTH="0" HPOS="0" VPOS="0" />
            <String ID="P96_S00020" HPOS="1364" VPOS="498" WIDTH="122" HEIGHT="52" STYLEREFS="StyleId-2" CONTENT="from" WC="0.9525" CC="1000" />
            <SP ID="P96_SP00017" WIDTH="0" HPOS="0" VPOS="0" />
            <String ID="P96_S00021" HPOS="1514" VPOS="498" WIDTH="324" HEIGHT="55" STYLEREFS="StyleId-2" CONTENT="observation," WC="0.6958333" CC="025050902063" />
          </TextLine>
          <TextLine ID="P96_TL00005" HPOS="313" VPOS="557" WIDTH="1528" HEIGHT="67">
            <String ID="P96_S00022" HPOS="313" VPOS="567" WIDTH="32" HEIGHT="29" STYLEREFS="StyleId-2" CONTENT="a" WC="1" CC="0" />
            <SP ID="P96_SP00018" WIDTH="0" HPOS="0" VPOS="0" />
            <String ID="P96_S00023" HPOS="370" VPOS="557" WIDTH="203" HEIGHT="53" STYLEREFS="StyleId-2" CONTENT="pointed" WC="0.958571434" CC="2000000" />
            <SP ID="P96_SP00019" WIDTH="0" HPOS="0" VPOS="0" />
            <String ID="P96_S00024" HPOS="610" VPOS="562" WIDTH="223" HEIGHT="48" STYLEREFS="StyleId-2" CONTENT="criticism" WC="0.803333342" CC="060011060" />
            <SP ID="P96_SP00020" WIDTH="0" HPOS="0" VPOS="0" />
            <String ID="P96_S00025" HPOS="862" VPOS="576" WIDTH="129" HEIGHT="44" STYLEREFS="StyleId-2" CONTENT="upon" WC="0.62" CC="4360" />
            <SP ID="P96_SP00021" WIDTH="0" HPOS="0" VPOS="0" />
            <String ID="P96_S00026" HPOS="1015" VPOS="564" WIDTH="84" HEIGHT="56" STYLEREFS="StyleId-2" CONTENT="the" WC="1" CC="000" />
            <SP ID="P96_SP00022" WIDTH="0" HPOS="0" VPOS="0" />
            <String ID="P96_S00027" HPOS="1124" VPOS="576" WIDTH="221" HEIGHT="44" STYLEREFS="StyleId-2" CONTENT="manners" WC="0.691428542" CC="0800066" />
            <SP ID="P96_SP00023" WIDTH="0" HPOS="0" VPOS="0" />
            <String ID="P96_S00028" HPOS="1365" VPOS="564" WIDTH="96" HEIGHT="56" STYLEREFS="StyleId-2" CONTENT="and" WC="0.13666667" CC="1069" />
            <SP ID="P96_SP00024" WIDTH="0" HPOS="0" VPOS="0" />
            <String ID="P96_S00029" HPOS="1488" VPOS="567" WIDTH="226" HEIGHT="53" STYLEREFS="StyleId-2" CONTENT="customs," WC="0.6375" CC="07702074" />
            <SP ID="P96_SP00025" WIDTH="0" HPOS="0" VPOS="0" />
            <String ID="P96_S00030" HPOS="1744" VPOS="567" WIDTH="97" HEIGHT="53" STYLEREFS="StyleId-2" CONTENT="and" WC="0.78" CC="060" />
          </TextLine>
          <TextLine ID="P96_TL00006" HPOS="309" VPOS="620" WIDTH="1532" HEIGHT="69">
            <String ID="P96_S00031" HPOS="309" VPOS="620" WIDTH="85" HEIGHT="43" STYLEREFS="StyleId-2" CONTENT="the" WC="0.6" CC="0102" />
            <SP ID="P96_SP00026" WIDTH="0" HPOS="0" VPOS="0" />
            <String ID="P96_S00032" HPOS="411" VPOS="623" WIDTH="118" HEIGHT="45" STYLEREFS="StyleId-2" CONTENT="laws" WC="0.535" CC="3086" />
            <SP ID="P96_SP00027" WIDTH="0" HPOS="0" VPOS="0" />
            <String ID="P96_S00033" HPOS="549" VPOS="627" WIDTH="55" HEIGHT="41" STYLEREFS="StyleId-2" CONTENT="of" WC="0.855" CC="20" />
            <SP ID="P96_SP00028" WIDTH="0" HPOS="0" VPOS="0" />
            <String ID="P96_S00034" HPOS="623" VPOS="628" WIDTH="84" HEIGHT="43" STYLEREFS="StyleId-2" CONTENT="the" WC="0.9033333" CC="002" />
            <SP ID="P96_SP00029" WIDTH="0" HPOS="0" VPOS="0" />
            <String ID="P96_S00035" HPOS="726" VPOS="630" WIDTH="165" HEIGHT="54" STYLEREFS="StyleId-2" CONTENT="people" WC="1" CC="000000" />
            <SP ID="P96_SP00030" WIDTH="0" HPOS="0" VPOS="0" />
            <String ID="P96_S00036" HPOS="910" VPOS="630" WIDTH="53" HEIGHT="54" STYLEREFS="StyleId-2" CONTENT="of" WC="1" CC="00" />
            <SP ID="P96_SP00031" WIDTH="0" HPOS="0" VPOS="0" />
            <String ID="P96_S00037" HPOS="974" VPOS="630" WIDTH="82" HEIGHT="54" STYLEREFS="StyleId-2" CONTENT="the" WC="1" CC="000" />
            <SP ID="P96_SP00032" WIDTH="0" HPOS="0" VPOS="0" />
            <String ID="P96_S00038" HPOS="1073" VPOS="628" WIDTH="172" HEIGHT="56" STYLEREFS="StyleId-2" CONTENT="United" WC="0.691666663" CC="360008" />
            <SP ID="P96_SP00033" WIDTH="0" HPOS="0" VPOS="0" />
            <String ID="P96_S00039" HPOS="1264" VPOS="628" WIDTH="176" HEIGHT="56" STYLEREFS="StyleId-2" CONTENT="States." WC="0.7828571" CC="7000062" />
            <SP ID="P96_SP00034" WIDTH="0" HPOS="0" VPOS="0" />
            <String ID="P96_S00040" HPOS="1495" VPOS="627" WIDTH="97" HEIGHT="57" STYLEREFS="StyleId-2" CONTENT="For" WC="0.50333333" CC="527" />
            <SP ID="P96_SP00035" WIDTH="0" HPOS="0" VPOS="0" />
            <String ID="P96_S00041" HPOS="1609" VPOS="630" WIDTH="99" HEIGHT="54" STYLEREFS="StyleId-2" CONTENT="fear" WC="0.8475" CC="0005" />
            <SP ID="P96_SP00036" WIDTH="0" HPOS="0" VPOS="0" />
            <String ID="P96_S00042" HPOS="1725" VPOS="632" WIDTH="116" HEIGHT="52" STYLEREFS="StyleId-2" CONTENT="that" WC="0.75" CC="01000" />
          </TextLine>
          <TextLine ID="P96_TL00007" HPOS="309" VPOS="685" WIDTH="1528" HEIGHT="69">
            <String ID="P96_S00043" HPOS="309" VPOS="685" WIDTH="25" HEIGHT="43" STYLEREFS="StyleId-2" CONTENT="I" WC="0.62" CC="3" />
            <SP ID="P96_SP00037" WIDTH="0" HPOS="0" VPOS="0" />
            <String ID="P96_S00044" HPOS="360" VPOS="689" WIDTH="160" HEIGHT="56" STYLEREFS="StyleId-2" CONTENT="might" WC="0.834" CC="10700" />
            <SP ID="P96_SP00038" WIDTH="0" HPOS="0" VPOS="0" />
            <String ID="P96_S00045" HPOS="546" VPOS="693" WIDTH="58" HEIGHT="52" STYLEREFS="StyleId-2" CONTENT="be" WC="0.655" CC="60" />
            <SP ID="P96_SP00039" WIDTH="0" HPOS="0" VPOS="0" />
            <String ID="P96_S00046" HPOS="629" VPOS="694" WIDTH="218" HEIGHT="55" STYLEREFS="StyleId-2" CONTENT="thought" WC="0.748571455" CC="0037700" />
            <SP ID="P96_SP00040" WIDTH="0" HPOS="0" VPOS="0" />
            <String ID="P96_S00047" HPOS="875" VPOS="694" WIDTH="849" HEIGHT="58" STYLEREFS="StyleId-2" CONTENT="over-doing—heightening—giving" WC="0.697931051" CC="40060000089005800000510900100010" />
            <SP ID="P96_SP00041" WIDTH="0" HPOS="0" VPOS="0" />
            <String ID="P96_S00048" HPOS="1749" VPOS="700" WIDTH="89" HEIGHT="52" STYLEREFS="StyleId-2" CONTENT="too" WC="1" CC="000" />
          </TextLine>
          <TextLine ID="P96_TL00008" HPOS="308" VPOS="756" WIDTH="1539" HEIGHT="65">
            <String ID="P96_S00049" HPOS="308" VPOS="756" WIDTH="143" HEIGHT="41" STYLEREFS="StyleId-2" CONTENT="much" WC="0.73" CC="0730" />
            <SP ID="P96_SP00042" WIDTH="0" HPOS="0" VPOS="0" />
            <String ID="P96_S00050" HPOS="469" VPOS="758" WIDTH="218" HEIGHT="57" STYLEREFS="StyleId-2" CONTENT="coloring" WC="0.8525" CC="01316000" />
            <SP ID="P96_SP00043" WIDTH="0" HPOS="0" VPOS="0" />
            <String ID="P96_S00051" HPOS="711" VPOS="763" WIDTH="57" HEIGHT="52" STYLEREFS="StyleId-2" CONTENT="to" WC="1" CC="00" />
            <SP ID="P96_SP00044" WIDTH="0" HPOS="0" VPOS="0" />
            <String ID="P96_S00052" HPOS="796" VPOS="761" WIDTH="84" HEIGHT="54" STYLEREFS="StyleId-2" CONTENT="the" WC="0.75333333" CC="070" />
            <SP ID="P96_SP00045" WIDTH="0" HPOS="0" VPOS="0" />
            <String ID="P96_S00053" HPOS="906" VPOS="760" WIDTH="234" HEIGHT="56" STYLEREFS="StyleId-2" CONTENT="strength," WC="0.7177778" CC="706060004" />
            <SP ID="P96_SP00046" WIDTH="0" HPOS="0" VPOS="0" />
            <String ID="P96_S00054" HPOS="1172" VPOS="761" WIDTH="95" HEIGHT="55" STYLEREFS="StyleId-2" CONTENT="and" WC="0.8" CC="060" />
            <SP ID="P96_SP00047" WIDTH="0" HPOS="0" VPOS="0" />
            <String ID="P96_S00055" HPOS="1294" VPOS="763" WIDTH="164" HEIGHT="53" STYLEREFS="StyleId-2" CONTENT="extent" WC="0.93" CC="040000" />
            <SP ID="P96_SP00048" WIDTH="0" HPOS="0" VPOS="0" />
            <String ID="P96_S00056" HPOS="1485" VPOS="762" WIDTH="96" HEIGHT="54" STYLEREFS="StyleId-2" CONTENT="and" WC="0.5566667" CC="066" />
            <SP ID="P96_SP00049" WIDTH="0" HPOS="0" VPOS="0" />
            <String ID="P96_S00057" HPOS="1608" VPOS="774" WIDTH="157" HEIGHT="42" STYLEREFS="StyleId-2" CONTENT="power" WC="0.694" CC="00914" />
            <SP ID="P96_SP00050" WIDTH="0" HPOS="0" VPOS="0" />
            <String ID="P96_S00058" HPOS="1792" VPOS="764" WIDTH="55" HEIGHT="52" STYLEREFS="StyleId-2" CONTENT="of" WC="0.68" CC="06" />
          </TextLine>
          <TextLine ID="P96_TL00009" HPOS="305" VPOS="819" WIDTH="1534" HEIGHT="67">
            <String ID="P96_S00059" HPOS="305" VPOS="819" WIDTH="86" HEIGHT="43" STYLEREFS="StyleId-2" CONTENT="the" WC="0.7866667" CC="600" />
            <SP ID="P96_SP00051" WIDTH="0" HPOS="0" VPOS="0" />
            <String ID="P96_S00060" HPOS="409" VPOS="823" WIDTH="234" HEIGHT="55" STYLEREFS="StyleId-2" CONTENT="prejudice" WC="0.8477778" CC="060060000" />
            <SP ID="P96_SP00052" WIDTH="0" HPOS="0" VPOS="0" />
            <String ID="P96_S00061" HPOS="661" VPOS="827" WIDTH="198" HEIGHT="54" STYLEREFS="StyleId-2" CONTENT="against" WC="0.894285738" CC="0000070" />
            <SP ID="P96_SP00053" WIDTH="0" HPOS="0" VPOS="0" />
            <String ID="P96_S00062" HPOS="878" VPOS="827" WIDTH="83" HEIGHT="54" STYLEREFS="StyleId-2" CONTENT="the" WC="1" CC="000" />
            <SP ID="P96_SP00054" WIDTH="0" HPOS="0" VPOS="0" />
            <String ID="P96_S00063" HPOS="987" VPOS="840" WIDTH="146" HEIGHT="42" STYLEREFS="StyleId-2" CONTENT="negro" WC="0.792" CC="00063" />
            <SP ID="P96_SP00055" WIDTH="0" HPOS="0" VPOS="0" />
            <String ID="P96_S00064" HPOS="1160" VPOS="825" WIDTH="24" HEIGHT="57" STYLEREFS="StyleId-2" CONTENT="I" WC="1" CC="0" />
            <SP ID="P96_SP00056" WIDTH="0" HPOS="0" VPOS="0" />
            <String ID="P96_S00065" HPOS="1212" VPOS="829" WIDTH="146" HEIGHT="53" STYLEREFS="StyleId-2" CONTENT="quote" WC="0.86" CC="06000" />
            <SP ID="P96_SP00057" WIDTH="0" HPOS="0" VPOS="0" />
            <String ID="P96_S00066" HPOS="1383" VPOS="824" WIDTH="123" HEIGHT="58" STYLEREFS="StyleId-2" CONTENT="from" WC="0.76" CC="3600" />
            <SP ID="P96_SP00058" WIDTH="0" HPOS="0" VPOS="0" />
            <String ID="P96_S00067" HPOS="1531" VPOS="827" WIDTH="116" HEIGHT="55" STYLEREFS="StyleId-2" CONTENT="that" WC="1" CC="0000" />
            <SP ID="P96_SP00059" WIDTH="0" HPOS="0" VPOS="0" />
            <String ID="P96_S00068" HPOS="1674" VPOS="826" WIDTH="165" HEIGHT="56" STYLEREFS="StyleId-2" CONTENT="distin¬" WC="0.762857139" CC="0070063" />
          </TextLine>
          <TextLine ID="P96_TL00010" HPOS="305" VPOS="886" WIDTH="1532" HEIGHT="65">
            <String ID="P96_S00069" HPOS="305" VPOS="886" WIDTH="201" HEIGHT="55" STYLEREFS="StyleId-2" CONTENT="guished" WC="0.7214286" CC="0226007" />
            <SP ID="P96_SP00060" WIDTH="0" HPOS="0" VPOS="0" />
            <String ID="P96_S00070" HPOS="532" VPOS="891" WIDTH="170" HEIGHT="54" STYLEREFS="StyleId-2" CONTENT="writer," WC="0.764285743" CC="0500064" />
            <SP ID="P96_SP00061" WIDTH="0" HPOS="0" VPOS="0" />
            <String ID="P96_S00071" HPOS="735" VPOS="905" WIDTH="55" HEIGHT="40" STYLEREFS="StyleId-2" CONTENT="as" WC="0.655" CC="06" />
            <SP ID="P96_SP00062" WIDTH="0" HPOS="0" VPOS="0" />
            <String ID="P96_S00072" HPOS="818" VPOS="893" WIDTH="58" HEIGHT="52" STYLEREFS="StyleId-2" CONTENT="he" WC="0.785" CC="04" />
            <SP ID="P96_SP00063" WIDTH="0" HPOS="0" VPOS="0" />
            <String ID="P96_S00073" HPOS="903" VPOS="893" WIDTH="173" HEIGHT="54" STYLEREFS="StyleId-2" CONTENT="clearly" WC="0.708571434" CC="02001007" />
            <SP ID="P96_SP00064" WIDTH="0" HPOS="0" VPOS="0" />
            <String ID="P96_S00074" HPOS="1103" VPOS="892" WIDTH="245" HEIGHT="55" STYLEREFS="StyleId-2" CONTENT="expressed" WC="0.75777775" CC="030506500" />
            <SP ID="P96_SP00065" WIDTH="0" HPOS="0" VPOS="0" />
            <String ID="P96_S00075" HPOS="1374" VPOS="892" WIDTH="188" HEIGHT="55" STYLEREFS="StyleId-2" CONTENT="himself" WC="0.86" CC="0027000" />
            <SP ID="P96_SP00066" WIDTH="0" HPOS="0" VPOS="0" />
            <String ID="P96_S00076" HPOS="1581" VPOS="895" WIDTH="149" HEIGHT="52" STYLEREFS="StyleId-2" CONTENT="under" WC="0.612" CC="76006" />
            <SP ID="P96_SP00067" WIDTH="0" HPOS="0" VPOS="0" />
            <String ID="P96_S00077" HPOS="1754" VPOS="896" WIDTH="84" HEIGHT="51" STYLEREFS="StyleId-2" CONTENT="the" WC="1" CC="000" />
          </TextLine>
          <TextLine ID="P96_TL00011" HPOS="304" VPOS="953" WIDTH="1533" HEIGHT="64">
            <String ID="P96_S00078" HPOS="304" VPOS="953" WIDTH="223" HEIGHT="58" STYLEREFS="StyleId-2" CONTENT="heading," WC="0.73125" CC="000007104" />
            <SP ID="P96_SP00068" WIDTH="0" HPOS="0" VPOS="0" />
            <String ID="P96_S00079" HPOS="552" VPOS="956" WIDTH="238" HEIGHT="55" STYLEREFS="StyleId-2" CONTENT="&quot;Present" WC="0.6675" CC="03505145" />
            <SP ID="P96_SP00069" WIDTH="0" HPOS="0" VPOS="0" />
            <String ID="P96_S00080" HPOS="808" VPOS="958" WIDTH="103" HEIGHT="53" STYLEREFS="StyleId-2" CONTENT="and" WC="0.76" CC="150" />
            <SP ID="P96_SP00070" WIDTH="0" HPOS="0" VPOS="0" />
            <String ID="P96_S00081" HPOS="924" VPOS="959" WIDTH="184" HEIGHT="52" STYLEREFS="StyleId-2" CONTENT="Future" WC="0.658333361" CC="007138" />
            <SP ID="P96_SP00071" WIDTH="0" HPOS="0" VPOS="0" />
            <String ID="P96_S00082" HPOS="1127" VPOS="958" WIDTH="243" HEIGHT="53" STYLEREFS="StyleId-2" CONTENT="condition" WC="0.8888889" CC="500040000" />
            <SP ID="P96_SP00072" WIDTH="0" HPOS="0" VPOS="0" />
            <String ID="P96_S00083" HPOS="1393" VPOS="958" WIDTH="59" HEIGHT="53" STYLEREFS="StyleId-2" CONTENT="of" WC="0.745" CC="05" />
            <SP ID="P96_SP00073" WIDTH="0" HPOS="0" VPOS="0" />
            <String ID="P96_S00084" HPOS="1459" VPOS="959" WIDTH="79" HEIGHT="52" STYLEREFS="StyleId-2" CONTENT="the" WC="0.84" CC="040" />
            <SP ID="P96_SP00074" WIDTH="0" HPOS="0" VPOS="0" />
            <String ID="P96_S00085" HPOS="1558" VPOS="959" WIDTH="129" HEIGHT="52" STYLEREFS="StyleId-2" CONTENT="three" WC="0.904" CC="02200" />
            <SP ID="P96_SP00075" WIDTH="0" HPOS="0" VPOS="0" />
            <String ID="P96_S00086" HPOS="1703" VPOS="973" WIDTH="134" HEIGHT="38" STYLEREFS="StyleId-2" CONTENT="races" WC="0.632" CC="07603" />
          </TextLine>
          <TextLine ID="P96_TL00012" HPOS="304" VPOS="1019" WIDTH="1411" HEIGHT="63">
            <String ID="P96_S00087" HPOS="304" VPOS="1019" WIDTH="280" HEIGHT="55" STYLEREFS="StyleId-2" CONTENT="inhabiting" WC="0.695" CC="1408600404" />
            <SP ID="P96_SP00076" WIDTH="0" HPOS="0" VPOS="0" />
            <String ID="P96_S00088" HPOS="601" VPOS="1023" WIDTH="80" HEIGHT="51" STYLEREFS="StyleId-2" CONTENT="the" WC="1" CC="000" />
            <SP ID="P96_SP00077" WIDTH="0" HPOS="0" VPOS="0" />
            <String ID="P96_S00089" HPOS="705" VPOS="1023" WIDTH="172" HEIGHT="51" STYLEREFS="StyleId-2" CONTENT="United" WC="0.7783333" CC="401700" />
            <SP ID="P96_SP00078" WIDTH="0" HPOS="0" VPOS="0" />
            <String ID="P96_S00090" HPOS="891" VPOS="1023" WIDTH="340" HEIGHT="51" STYLEREFS="StyleId-2" CONTENT="StatesHe" WC="0.6975" CC="40082350" />
            <SP ID="P96_SP00079" WIDTH="0" HPOS="0" VPOS="0" />
            <String ID="P96_S00091" HPOS="1249" VPOS="1024" WIDTH="104" HEIGHT="50" STYLEREFS="StyleId-2" CONTENT="said" WC="0.8175" CC="7000" />
            <SP ID="P96_SP00080" WIDTH="0" HPOS="0" VPOS="0" />
            <String ID="P96_S00092" HPOS="1373" VPOS="1024" WIDTH="54" HEIGHT="50" STYLEREFS="StyleId-2" CONTENT="of" WC="0.925" CC="01" />
            <SP ID="P96_SP00081" WIDTH="0" HPOS="0" VPOS="0" />
            <String ID="P96_S00093" HPOS="1446" VPOS="1025" WIDTH="83" HEIGHT="49" STYLEREFS="StyleId-2" CONTENT="the" WC="1" CC="000" />
            <SP ID="P96_SP00082" WIDTH="0" HPOS="0" VPOS="0" />
            <String ID="P96_S00094" HPOS="1546" VPOS="1038" WIDTH="169" HEIGHT="43" STYLEREFS="StyleId-2" CONTENT="negro:" WC="0.6566667" CC="700623" />
          </TextLine>
          <TextLine ID="P96_TL00013" HPOS="383" VPOS="1107" WIDTH="1452" HEIGHT="53">
            <String ID="P96_S00095" HPOS="383" VPOS="1107" WIDTH="20" HEIGHT="35" STYLEREFS="StyleId-3" CONTENT="I" WC="0.54" CC="4" />
            <SP ID="P96_SP00083" WIDTH="0" HPOS="0" VPOS="0" />
            <String ID="P96_S00096" HPOS="424" VPOS="1119" WIDTH="59" HEIGHT="24" STYLEREFS="StyleId-3" CONTENT="see" WC="0.7633333" CC="700" />
            <SP ID="P96_SP00084" WIDTH="0" HPOS="0" VPOS="0" />
            <String ID="P96_S00097" HPOS="503" VPOS="1109" WIDTH="93" HEIGHT="36" STYLEREFS="StyleId-3" CONTENT="that" WC="0.725" CC="0037" />
            <SP ID="P96_SP00085" WIDTH="0" HPOS="0" VPOS="0" />
            <String ID="P96_S00098" HPOS="617" VPOS="1111" WIDTH="38" HEIGHT="34" STYLEREFS="StyleId-3" CONTENT="in" WC="0.495" CC="37" />
            <SP ID="P96_SP00086" WIDTH="0" HPOS="0" VPOS="0" />
            <String ID="P96_S00099" HPOS="679" VPOS="1122" WIDTH="24" HEIGHT="24" STYLEREFS="StyleId-3" CONTENT="a" WC="1" CC="0" />
            <SP ID="P96_SP00087" WIDTH="0" HPOS="0" VPOS="0" />
            <String ID="P96_S00100" HPOS="724" VPOS="1112" WIDTH="145" HEIGHT="34" STYLEREFS="StyleId-3" CONTENT="certain" WC="0.677142859" CC="3040337" />
            <SP ID="P96_SP00088" WIDTH="0" HPOS="0" VPOS="0" />
            <String ID="P96_S00101" HPOS="892" VPOS="1114" WIDTH="158" HEIGHT="42" STYLEREFS="StyleId-3" CONTENT="portion" WC="0.8585714" CC="6030000" />
            <SP ID="P96_SP00089" WIDTH="0" HPOS="0" VPOS="0" />
            <String ID="P96_S00102" HPOS="1074" VPOS="1112" WIDTH="43" HEIGHT="44" STYLEREFS="StyleId-3" CONTENT="of" WC="1" CC="00" />
            <SP ID="P96_SP00090" WIDTH="0" HPOS="0" VPOS="0" />
            <String ID="P96_S00103" HPOS="1132" VPOS="1114" WIDTH="66" HEIGHT="42" STYLEREFS="StyleId-3" CONTENT="the" WC="0.8" CC="060" />
            <SP ID="P96_SP00091" WIDTH="0" HPOS="0" VPOS="0" />
            <String ID="P96_S00104" HPOS="1219" VPOS="1111" WIDTH="138" HEIGHT="45" STYLEREFS="StyleId-3" CONTENT="United" WC="0.363333344" CC="666476" />
            <SP ID="P96_SP00092" WIDTH="0" HPOS="0" VPOS="0" />
            <String ID="P96_S00105" HPOS="1379" VPOS="1112" WIDTH="130" HEIGHT="44" STYLEREFS="StyleId-3" CONTENT="States" WC="0.8283333" CC="400005" />
            <SP ID="P96_SP00093" WIDTH="0" HPOS="0" VPOS="0" />
            <String ID="P96_S00106" HPOS="1531" VPOS="1114" WIDTH="45" HEIGHT="42" STYLEREFS="StyleId-3" CONTENT="at" WC="0.27" CC="68" />
            <SP ID="P96_SP00094" WIDTH="0" HPOS="0" VPOS="0" />
            <String ID="P96_S00107" HPOS="1595" VPOS="1115" WIDTH="67" HEIGHT="41" STYLEREFS="StyleId-3" CONTENT="the" WC="1" CC="000" />
            <SP ID="P96_SP00095" WIDTH="0" HPOS="0" VPOS="0" />
            <String ID="P96_S00108" HPOS="1682" VPOS="1118" WIDTH="153" HEIGHT="41" STYLEREFS="StyleId-3" CONTENT="present" WC="0.5442857" CC="500601010" />
          </TextLine>
          <TextLine ID="P96_TL00014" HPOS="305" VPOS="1163" WIDTH="1529" HEIGHT="51">
            <String ID="P96_S00109" HPOS="305" VPOS="1163" WIDTH="88" HEIGHT="43" STYLEREFS="StyleId-3" CONTENT="day," WC="0.4775" CC="3763" />
            <SP ID="P96_SP00096" WIDTH="0" HPOS="0" VPOS="0" />
            <String ID="P96_S00110" HPOS="416" VPOS="1164" WIDTH="66" HEIGHT="42" STYLEREFS="StyleId-3" CONTENT="the" WC="1" CC="000" />
            <SP ID="P96_SP00097" WIDTH="0" HPOS="0" VPOS="0" />
            <String ID="P96_S00111" HPOS="502" VPOS="1165" WIDTH="100" HEIGHT="42" STYLEREFS="StyleId-3" CONTENT="legal" WC="0.826" CC="00701" />
            <SP ID="P96_SP00098" WIDTH="0" HPOS="0" VPOS="0" />
            <String ID="P96_S00112" HPOS="623" VPOS="1165" WIDTH="145" HEIGHT="42" STYLEREFS="StyleId-3" CONTENT="barrier" WC="0.7171429" CC="6045002" />
            <SP ID="P96_SP00099" WIDTH="0" HPOS="0" VPOS="0" />
            <String ID="P96_S00113" HPOS="789" VPOS="1167" WIDTH="119" HEIGHT="40" STYLEREFS="StyleId-3" CONTENT="which" WC="0.496" CC="67037" />
            <SP ID="P96_SP00100" WIDTH="0" HPOS="0" VPOS="0" />
            <String ID="P96_S00114" HPOS="932" VPOS="1171" WIDTH="198" HEIGHT="39" STYLEREFS="StyleId-3" CONTENT="separates" WC="0.877777755" CC="700000003" />
            <SP ID="P96_SP00101" WIDTH="0" HPOS="0" VPOS="0" />
            <String ID="P96_S00115" HPOS="1151" VPOS="1168" WIDTH="66" HEIGHT="42" STYLEREFS="StyleId-3" CONTENT="the" WC="0.75" CC="070" />
            <SP ID="P96_SP00102" WIDTH="0" HPOS="0" VPOS="0" />
            <String ID="P96_S00116" HPOS="1237" VPOS="1170" WIDTH="79" HEIGHT="40" STYLEREFS="StyleId-3" CONTENT="two" WC="0.74666667" CC="034" />
            <SP ID="P96_SP00103" WIDTH="0" HPOS="0" VPOS="0" />
            <String ID="P96_S00117" HPOS="1337" VPOS="1178" WIDTH="106" HEIGHT="32" STYLEREFS="StyleId-3" CONTENT="races" WC="0.83" CC="00106" />
            <SP ID="P96_SP00104" WIDTH="0" HPOS="0" VPOS="0" />
            <String ID="P96_S00118" HPOS="1463" VPOS="1168" WIDTH="32" HEIGHT="42" STYLEREFS="StyleId-3" CONTENT="is" WC="0.49" CC="45" />
            <SP ID="P96_SP00105" WIDTH="0" HPOS="0" VPOS="0" />
            <String ID="P96_S00119" HPOS="1515" VPOS="1169" WIDTH="160" HEIGHT="44" STYLEREFS="StyleId-3" CONTENT="tending" WC="0.7057143" CC="0000676" />
            <SP ID="P96_SP00106" WIDTH="0" HPOS="0" VPOS="0" />
            <String ID="P96_S00120" HPOS="1694" VPOS="1172" WIDTH="45" HEIGHT="41" STYLEREFS="StyleId-3" CONTENT="to" WC="0.7" CC="06" />
            <SP ID="P96_SP00107" WIDTH="0" HPOS="0" VPOS="0" />
            <String ID="P96_S00121" HPOS="1767" VPOS="1171" WIDTH="67" HEIGHT="42" STYLEREFS="StyleId-3" CONTENT="fall" WC="0.735" CC="1450" />
          </TextLine>
          <TextLine ID="P96_TL00015" HPOS="305" VPOS="1218" WIDTH="1528" HEIGHT="51">
            <String ID="P96_S00122" HPOS="305" VPOS="1229" WIDTH="121" HEIGHT="33" STYLEREFS="StyleId-3" CONTENT="away," WC="0.606" CC="09450" />
            <SP ID="P96_SP00108" WIDTH="0" HPOS="0" VPOS="0" />
            <String ID="P96_S00123" HPOS="442" VPOS="1220" WIDTH="72" HEIGHT="42" STYLEREFS="StyleId-3" CONTENT="but" WC="0.476666659" CC="176" />
            <SP ID="P96_SP00109" WIDTH="0" HPOS="0" VPOS="0" />
            <String ID="P96_S00124" HPOS="527" VPOS="1222" WIDTH="74" HEIGHT="40" STYLEREFS="StyleId-3" CONTENT="not" WC="1" CC="000" />
            <SP ID="P96_SP00110" WIDTH="0" HPOS="0" VPOS="0" />
            <String ID="P96_S00125" HPOS="614" VPOS="1221" WIDTH="94" HEIGHT="41" STYLEREFS="StyleId-3" CONTENT="that" WC="0.8425" CC="0060" />
            <SP ID="P96_SP00111" WIDTH="0" HPOS="0" VPOS="0" />
            <String ID="P96_S00126" HPOS="721" VPOS="1222" WIDTH="118" HEIGHT="40" STYLEREFS="StyleId-3" CONTENT="which" WC="0.628" CC="90207" />
            <SP ID="P96_SP00112" WIDTH="0" HPOS="0" VPOS="0" />
            <String ID="P96_S00127" HPOS="854" VPOS="1222" WIDTH="119" HEIGHT="40" STYLEREFS="StyleId-3" CONTENT="exists" WC="0.7133333" CC="003606" />
            <SP ID="P96_SP00113" WIDTH="0" HPOS="0" VPOS="0" />
            <String ID="P96_S00128" HPOS="988" VPOS="1223" WIDTH="41" HEIGHT="39" STYLEREFS="StyleId-3" CONTENT="in" WC="0.705" CC="50" />
            <SP ID="P96_SP00114" WIDTH="0" HPOS="0" VPOS="0" />
            <String ID="P96_S00129" HPOS="1043" VPOS="1224" WIDTH="66" HEIGHT="38" STYLEREFS="StyleId-3" CONTENT="the" WC="0.873333335" CC="003" />
            <SP ID="P96_SP00115" WIDTH="0" HPOS="0" VPOS="0" />
            <String ID="P96_S00130" HPOS="1124" VPOS="1233" WIDTH="177" HEIGHT="29" STYLEREFS="StyleId-3" CONTENT="manners" WC="0.601428568" CC="3770036" />
            <SP ID="P96_SP00116" WIDTH="0" HPOS="0" VPOS="0" />
            <String ID="P96_S00131" HPOS="1317" VPOS="1223" WIDTH="44" HEIGHT="39" STYLEREFS="StyleId-3" CONTENT="of" WC="1" CC="00" />
            <SP ID="P96_SP00117" WIDTH="0" HPOS="0" VPOS="0" />
            <String ID="P96_S00132" HPOS="1375" VPOS="1223" WIDTH="67" HEIGHT="39" STYLEREFS="StyleId-3" CONTENT="the" WC="1" CC="000" />
            <SP ID="P96_SP00118" WIDTH="0" HPOS="0" VPOS="0" />
            <String ID="P96_S00133" HPOS="1455" VPOS="1227" WIDTH="176" HEIGHT="39" STYLEREFS="StyleId-3" CONTENT="country." WC="0.69" CC="007003104" />
            <SP ID="P96_SP00119" WIDTH="0" HPOS="0" VPOS="0" />
            <String ID="P96_S00134" HPOS="1672" VPOS="1225" WIDTH="161" HEIGHT="44" STYLEREFS="StyleId-3" CONTENT="Slavery" WC="0.6042857" CC="70050510" />
          </TextLine>
          <TextLine ID="P96_TL00016" HPOS="303" VPOS="1273" WIDTH="1527" HEIGHT="52">
            <String ID="P96_S00135" HPOS="303" VPOS="1275" WIDTH="156" HEIGHT="43" STYLEREFS="StyleId-3" CONTENT="recedes," WC="0.665" CC="500010064" />
            <SP ID="P96_SP00120" WIDTH="0" HPOS="0" VPOS="0" />
            <String ID="P96_S00136" HPOS="475" VPOS="1276" WIDTH="73" HEIGHT="42" STYLEREFS="StyleId-3" CONTENT="but" WC="0.8" CC="500" />
            <SP ID="P96_SP00121" WIDTH="0" HPOS="0" VPOS="0" />
            <String ID="P96_S00137" HPOS="562" VPOS="1276" WIDTH="65" HEIGHT="42" STYLEREFS="StyleId-3" CONTENT="the" WC="1" CC="000" />
            <SP ID="P96_SP00122" WIDTH="0" HPOS="0" VPOS="0" />
            <String ID="P96_S00138" HPOS="641" VPOS="1276" WIDTH="186" HEIGHT="43" STYLEREFS="StyleId-3" CONTENT="prejudice" WC="0.6488889" CC="1052060420" />
            <SP ID="P96_SP00123" WIDTH="0" HPOS="0" VPOS="0" />
            <String ID="P96_S00139" HPOS="840" VPOS="1280" WIDTH="45" HEIGHT="39" STYLEREFS="StyleId-3" CONTENT="to" WC="0.945" CC="01" />
            <SP ID="P96_SP00124" WIDTH="0" HPOS="0" VPOS="0" />
            <String ID="P96_S00140" HPOS="902" VPOS="1276" WIDTH="118" HEIGHT="43" STYLEREFS="StyleId-3" CONTENT="which" WC="0.638" CC="97100" />
            <SP ID="P96_SP00125" WIDTH="0" HPOS="0" VPOS="0" />
            <String ID="P96_S00141" HPOS="1035" VPOS="1278" WIDTH="35" HEIGHT="41" STYLEREFS="StyleId-3" CONTENT="it" WC="0.83" CC="30" />
            <SP ID="P96_SP00126" WIDTH="0" HPOS="0" VPOS="0" />
            <String ID="P96_S00142" HPOS="1083" VPOS="1278" WIDTH="71" HEIGHT="41" STYLEREFS="StyleId-3" CONTENT="has" WC="0.25" CC="786" />
            <SP ID="P96_SP00127" WIDTH="0" HPOS="0" VPOS="0" />
            <String ID="P96_S00143" HPOS="1169" VPOS="1277" WIDTH="113" HEIGHT="43" STYLEREFS="StyleId-3" CONTENT="given" WC="0.604" CC="70406" />
            <SP ID="P96_SP00128" WIDTH="0" HPOS="0" VPOS="0" />
            <String ID="P96_S00144" HPOS="1296" VPOS="1277" WIDTH="105" HEIGHT="43" STYLEREFS="StyleId-3" CONTENT="birth" WC="0.65" CC="81700" />
            <SP ID="P96_SP00129" WIDTH="0" HPOS="0" VPOS="0" />
            <String ID="P96_S00145" HPOS="1416" VPOS="1279" WIDTH="164" HEIGHT="41" STYLEREFS="StyleId-3" CONTENT="remains" WC="0.42" CC="5099276" />
            <SP ID="P96_SP00130" WIDTH="0" HPOS="0" VPOS="0" />
            <String ID="P96_S00146" HPOS="1594" VPOS="1281" WIDTH="236" HEIGHT="42" STYLEREFS="StyleId-3" CONTENT="stationary." WC="0.685454547" CC="60506072600" />
          </TextLine>
          <TextLine ID="P96_TL00017" HPOS="303" VPOS="1328" WIDTH="1529" HEIGHT="51">
            <String ID="P96_S00147" HPOS="303" VPOS="1329" WIDTH="230" HEIGHT="35" STYLEREFS="StyleId-3" CONTENT="Whosoever" WC="0.5011111" CC="770650908" />
            <SP ID="P96_SP00131" WIDTH="0" HPOS="0" VPOS="0" />
            <String ID="P96_S00148" HPOS="554" VPOS="1332" WIDTH="72" HEIGHT="33" STYLEREFS="StyleId-3" CONTENT="has" WC="0.33" CC="757" />
            <SP ID="P96_SP00132" WIDTH="0" HPOS="0" VPOS="0" />
            <String ID="P96_S00149" HPOS="647" VPOS="1331" WIDTH="198" HEIGHT="36" STYLEREFS="StyleId-3" CONTENT="inhabited" WC="0.39" CC="767699009" />
            <SP ID="P96_SP00133" WIDTH="0" HPOS="0" VPOS="0" />
            <String ID="P96_S00150" HPOS="866" VPOS="1333" WIDTH="67" HEIGHT="34" STYLEREFS="StyleId-3" CONTENT="the" WC="0.663333356" CC="072" />
            <SP ID="P96_SP00134" WIDTH="0" HPOS="0" VPOS="0" />
            <String ID="P96_S00151" HPOS="954" VPOS="1333" WIDTH="139" HEIGHT="35" STYLEREFS="StyleId-3" CONTENT="United" WC="0.873333335" CC="400030" />
            <SP ID="P96_SP00135" WIDTH="0" HPOS="0" VPOS="0" />
            <String ID="P96_S00152" HPOS="1117" VPOS="1333" WIDTH="141" HEIGHT="42" STYLEREFS="StyleId-3" CONTENT="States," WC="0.757142842" CC="7000063" />
            <SP ID="P96_SP00136" WIDTH="0" HPOS="0" VPOS="0" />
            <String ID="P96_S00153" HPOS="1282" VPOS="1335" WIDTH="106" HEIGHT="40" STYLEREFS="StyleId-3" CONTENT="must" WC="0.48" CC="6760" />
            <SP ID="P96_SP00137" WIDTH="0" HPOS="0" VPOS="0" />
            <String ID="P96_S00154" HPOS="1408" VPOS="1333" WIDTH="99" HEIGHT="42" STYLEREFS="StyleId-3" CONTENT="have" WC="0.3075" CC="76103" />
            <SP ID="P96_SP00138" WIDTH="0" HPOS="0" VPOS="0" />
            <String ID="P96_S00155" HPOS="1519" VPOS="1336" WIDTH="203" HEIGHT="43" STYLEREFS="StyleId-3" CONTENT="perceived," WC="0.742" CC="8060000073" />
            <SP ID="P96_SP00139" WIDTH="0" HPOS="0" VPOS="0" />
            <String ID="P96_S00156" HPOS="1739" VPOS="1337" WIDTH="93" HEIGHT="42" STYLEREFS="StyleId-3" CONTENT="that" WC="0.5425" CC="0089" />
          </TextLine>
          <TextLine ID="P96_TL00018" HPOS="303" VPOS="1384" WIDTH="1528" HEIGHT="52">
            <String ID="P96_S00157" HPOS="303" VPOS="1385" WIDTH="39" HEIGHT="34" STYLEREFS="StyleId-3" CONTENT="in" WC="0.765" CC="40" />
            <SP ID="P96_SP00140" WIDTH="0" HPOS="0" VPOS="0" />
            <String ID="P96_S00158" HPOS="356" VPOS="1386" WIDTH="111" HEIGHT="33" STYLEREFS="StyleId-3" CONTENT="those" WC="0.68" CC="90060" />
            <SP ID="P96_SP00141" WIDTH="0" HPOS="0" VPOS="0" />
            <String ID="P96_S00159" HPOS="481" VPOS="1389" WIDTH="111" HEIGHT="41" STYLEREFS="StyleId-3" CONTENT="parts" WC="0.784" CC="00505" />
            <SP ID="P96_SP00142" WIDTH="0" HPOS="0" VPOS="0" />
            <String ID="P96_S00160" HPOS="608" VPOS="1387" WIDTH="43" HEIGHT="43" STYLEREFS="StyleId-3" CONTENT="of" WC="1" CC="00" />
            <SP ID="P96_SP00143" WIDTH="0" HPOS="0" VPOS="0" />
            <String ID="P96_S00161" HPOS="666" VPOS="1387" WIDTH="66" HEIGHT="43" STYLEREFS="StyleId-3" CONTENT="the" WC="0.75666666" CC="070" />
            <SP ID="P96_SP00144" WIDTH="0" HPOS="0" VPOS="0" />
            <String ID="P96_S00162" HPOS="752" VPOS="1387" WIDTH="139" HEIGHT="43" STYLEREFS="StyleId-3" CONTENT="United" WC="1" CC="000000" />
            <SP ID="P96_SP00145" WIDTH="0" HPOS="0" VPOS="0" />
            <String ID="P96_S00163" HPOS="913" VPOS="1388" WIDTH="142" HEIGHT="44" STYLEREFS="StyleId-3" CONTENT="States," WC="0.7714286" CC="7000053" />
            <SP ID="P96_SP00146" WIDTH="0" HPOS="0" VPOS="0" />
            <String ID="P96_S00164" HPOS="1072" VPOS="1389" WIDTH="39" HEIGHT="43" STYLEREFS="StyleId-3" CONTENT="in" WC="0.475" CC="37" />
            <SP ID="P96_SP00147" WIDTH="0" HPOS="0" VPOS="0" />
            <String ID="P96_S00165" HPOS="1133" VPOS="1389" WIDTH="118" HEIGHT="43" STYLEREFS="StyleId-3" CONTENT="which" WC="0.942" CC="00200" />
            <SP ID="P96_SP00148" WIDTH="0" HPOS="0" VPOS="0" />
            <String ID="P96_S00166" HPOS="1273" VPOS="1388" WIDTH="66" HEIGHT="44" STYLEREFS="StyleId-3" CONTENT="the" WC="1" CC="000" />
            <SP ID="P96_SP00149" WIDTH="0" HPOS="0" VPOS="0" />
            <String ID="P96_S00167" HPOS="1361" VPOS="1400" WIDTH="157" HEIGHT="32" STYLEREFS="StyleId-3" CONTENT="negroes" WC="0.6857143" CC="7007007" />
            <SP ID="P96_SP00150" WIDTH="0" HPOS="0" VPOS="0" />
            <String ID="P96_S00168" HPOS="1541" VPOS="1401" WIDTH="65" HEIGHT="31" STYLEREFS="StyleId-3" CONTENT="are" WC="0.8333333" CC="031" />
            <SP ID="P96_SP00151" WIDTH="0" HPOS="0" VPOS="0" />
            <String ID="P96_S00169" HPOS="1625" VPOS="1402" WIDTH="52" HEIGHT="30" STYLEREFS="StyleId-3" CONTENT="no" WC="0.675" CC="60" />
            <SP ID="P96_SP00152" WIDTH="0" HPOS="0" VPOS="0" />
            <String ID="P96_S00170" HPOS="1698" VPOS="1391" WIDTH="133" HEIGHT="45" STYLEREFS="StyleId-3" CONTENT="longer" WC="0.581666648" CC="603707" />
          </TextLine>
          <TextLine ID="P96_TL00019" HPOS="304" VPOS="1440" WIDTH="1524" HEIGHT="52">
            <String ID="P96_S00171" HPOS="304" VPOS="1440" WIDTH="133" HEIGHT="44" STYLEREFS="StyleId-3" CONTENT="slaves," WC="0.637142837" CC="7080044" />
            <SP ID="P96_SP00153" WIDTH="0" HPOS="0" VPOS="0" />
            <String ID="P96_S00172" HPOS="454" VPOS="1441" WIDTH="92" HEIGHT="43" STYLEREFS="StyleId-3" CONTENT="they" WC="0.82" CC="0700" />
            <SP ID="P96_SP00154" WIDTH="0" HPOS="0" VPOS="0" />
            <String ID="P96_S00173" HPOS="566" VPOS="1442" WIDTH="99" HEIGHT="42" STYLEREFS="StyleId-3" CONTENT="have" WC="0.6225" CC="6080" />
            <SP ID="P96_SP00155" WIDTH="0" HPOS="0" VPOS="0" />
            <String ID="P96_S00174" HPOS="685" VPOS="1442" WIDTH="39" HEIGHT="42" STYLEREFS="StyleId-3" CONTENT="in" WC="0.595" CC="26" />
            <SP ID="P96_SP00156" WIDTH="0" HPOS="0" VPOS="0" />
            <String ID="P96_S00175" HPOS="744" VPOS="1443" WIDTH="140" HEIGHT="41" STYLEREFS="StyleId-3" CONTENT="nowise" WC="0.6816667" CC="706050" />
            <SP ID="P96_SP00157" WIDTH="0" HPOS="0" VPOS="0" />
            <String ID="P96_S00176" HPOS="906" VPOS="1444" WIDTH="131" HEIGHT="40" STYLEREFS="StyleId-3" CONTENT="drawn" WC="0.706" CC="07007" />
            <SP ID="P96_SP00158" WIDTH="0" HPOS="0" VPOS="0" />
            <String ID="P96_S00177" HPOS="1058" VPOS="1455" WIDTH="133" HEIGHT="29" STYLEREFS="StyleId-3" CONTENT="nearer" WC="0.761666656" CC="040405" />
            <SP ID="P96_SP00159" WIDTH="0" HPOS="0" VPOS="0" />
            <String ID="P96_S00178" HPOS="1213" VPOS="1445" WIDTH="66" HEIGHT="39" STYLEREFS="StyleId-3" CONTENT="the" WC="1" CC="000" />
            <SP ID="P96_SP00160" WIDTH="0" HPOS="0" VPOS="0" />
            <String ID="P96_S00179" HPOS="1300" VPOS="1445" WIDTH="149" HEIGHT="44" STYLEREFS="StyleId-3" CONTENT="whites;" WC="0.8242857" CC="0000065" />
            <SP ID="P96_SP00161" WIDTH="0" HPOS="0" VPOS="0" />
            <String ID="P96_S00180" HPOS="1474" VPOS="1456" WIDTH="51" HEIGHT="33" STYLEREFS="StyleId-3" CONTENT="on" WC="0.63" CC="07" />
            <SP ID="P96_SP00162" WIDTH="0" HPOS="0" VPOS="0" />
            <String ID="P96_S00181" HPOS="1546" VPOS="1447" WIDTH="65" HEIGHT="42" STYLEREFS="StyleId-3" CONTENT="the" WC="1" CC="000" />
            <SP ID="P96_SP00163" WIDTH="0" HPOS="0" VPOS="0" />
            <String ID="P96_S00182" HPOS="1632" VPOS="1450" WIDTH="196" HEIGHT="42" STYLEREFS="StyleId-3" CONTENT="contrary," WC="0.645555556" CC="1040710404" />
          </TextLine>
          <TextLine ID="P96_TL00020" HPOS="303" VPOS="1495" WIDTH="1525" HEIGHT="52">
            <String ID="P96_S00183" HPOS="303" VPOS="1495" WIDTH="66" HEIGHT="34" STYLEREFS="StyleId-3" CONTENT="the" WC="0.7866667" CC="600" />
            <SP ID="P96_SP00164" WIDTH="0" HPOS="0" VPOS="0" />
            <String ID="P96_S00184" HPOS="388" VPOS="1496" WIDTH="185" HEIGHT="43" STYLEREFS="StyleId-3" CONTENT="prejudice" WC="0.734444439" CC="960400030" />
            <SP ID="P96_SP00165" WIDTH="0" HPOS="0" VPOS="0" />
            <String ID="P96_S00185" HPOS="594" VPOS="1498" WIDTH="43" HEIGHT="41" STYLEREFS="StyleId-3" CONTENT="of" WC="1" CC="00" />
            <SP ID="P96_SP00166" WIDTH="0" HPOS="0" VPOS="0" />
            <String ID="P96_S00186" HPOS="652" VPOS="1498" WIDTH="66" HEIGHT="41" STYLEREFS="StyleId-3" CONTENT="the" WC="1" CC="000" />
            <SP ID="P96_SP00167" WIDTH="0" HPOS="0" VPOS="0" />
            <String ID="P96_S00187" HPOS="738" VPOS="1509" WIDTH="87" HEIGHT="30" STYLEREFS="StyleId-3" CONTENT="race" WC="0.7625" CC="4400" />
            <SP ID="P96_SP00168" WIDTH="0" HPOS="0" VPOS="0" />
            <String ID="P96_S00188" HPOS="846" VPOS="1509" WIDTH="163" HEIGHT="34" STYLEREFS="StyleId-3" CONTENT="appears" WC="0.861428559" CC="0000044" />
            <SP ID="P96_SP00169" WIDTH="0" HPOS="0" VPOS="0" />
            <String ID="P96_S00189" HPOS="1031" VPOS="1502" WIDTH="45" HEIGHT="41" STYLEREFS="StyleId-3" CONTENT="to" WC="1" CC="00" />
            <SP ID="P96_SP00170" WIDTH="0" HPOS="0" VPOS="0" />
            <String ID="P96_S00190" HPOS="1099" VPOS="1500" WIDTH="46" HEIGHT="43" STYLEREFS="StyleId-3" CONTENT="be" WC="1" CC="00" />
            <SP ID="P96_SP00171" WIDTH="0" HPOS="0" VPOS="0" />
            <String ID="P96_S00191" HPOS="1167" VPOS="1503" WIDTH="178" HEIGHT="42" STYLEREFS="StyleId-3" CONTENT="stronger" WC="0.67875" CC="70507006" />
            <SP ID="P96_SP00172" WIDTH="0" HPOS="0" VPOS="0" />
            <String ID="P96_S00192" HPOS="1366" VPOS="1501" WIDTH="39" HEIGHT="44" STYLEREFS="StyleId-3" CONTENT="in" WC="0.35" CC="75" />
            <SP ID="P96_SP00173" WIDTH="0" HPOS="0" VPOS="0" />
            <String ID="P96_S00193" HPOS="1426" VPOS="1502" WIDTH="113" HEIGHT="43" STYLEREFS="StyleId-3" CONTENT="those" WC="0.708" CC="07070" />
            <SP ID="P96_SP00174" WIDTH="0" HPOS="0" VPOS="0" />
            <String ID="P96_S00194" HPOS="1559" VPOS="1502" WIDTH="131" HEIGHT="43" STYLEREFS="StyleId-3" CONTENT="States" WC="0.7783333" CC="600006" />
            <SP ID="P96_SP00175" WIDTH="0" HPOS="0" VPOS="0" />
            <String ID="P96_S00195" HPOS="1711" VPOS="1504" WIDTH="117" HEIGHT="41" STYLEREFS="StyleId-3" CONTENT="which" WC="0.584" CC="106400" />
          </TextLine>
          <TextLine ID="P96_TL00021" HPOS="303" VPOS="1551" WIDTH="1526" HEIGHT="51">
            <String ID="P96_S00196" HPOS="303" VPOS="1551" WIDTH="98" HEIGHT="34" STYLEREFS="StyleId-3" CONTENT="have" WC="0.8" CC="7000" />
            <SP ID="P96_SP00176" WIDTH="0" HPOS="0" VPOS="0" />
            <String ID="P96_S00197" HPOS="415" VPOS="1551" WIDTH="196" HEIGHT="35" STYLEREFS="StyleId-3" CONTENT="abolished" WC="0.7544444" CC="603236000" />
            <SP ID="P96_SP00177" WIDTH="0" HPOS="0" VPOS="0" />
            <String ID="P96_S00198" HPOS="626" VPOS="1554" WIDTH="161" HEIGHT="43" STYLEREFS="StyleId-3" CONTENT="slavery," WC="0.64875" CC="66600504" />
            <SP ID="P96_SP00178" WIDTH="0" HPOS="0" VPOS="0" />
            <String ID="P96_S00199" HPOS="804" VPOS="1554" WIDTH="98" HEIGHT="43" STYLEREFS="StyleId-3" CONTENT="than" WC="0.645" CC="0706" />
            <SP ID="P96_SP00179" WIDTH="0" HPOS="0" VPOS="0" />
            <String ID="P96_S00200" HPOS="916" VPOS="1555" WIDTH="39" HEIGHT="42" STYLEREFS="StyleId-3" CONTENT="in" WC="0.52" CC="45" />
            <SP ID="P96_SP00180" WIDTH="0" HPOS="0" VPOS="0" />
            <String ID="P96_S00201" HPOS="970" VPOS="1556" WIDTH="113" HEIGHT="41" STYLEREFS="StyleId-3" CONTENT="those" WC="0.864" CC="00060" />
            <SP ID="P96_SP00181" WIDTH="0" HPOS="0" VPOS="0" />
            <String ID="P96_S00202" HPOS="1098" VPOS="1556" WIDTH="119" HEIGHT="41" STYLEREFS="StyleId-3" CONTENT="where" WC="0.686" CC="010050" />
            <SP ID="P96_SP00182" WIDTH="0" HPOS="0" VPOS="0" />
            <String ID="P96_S00203" HPOS="1231" VPOS="1557" WIDTH="33" HEIGHT="40" STYLEREFS="StyleId-3" CONTENT="it" WC="0.99" CC="00" />
            <SP ID="P96_SP00183" WIDTH="0" HPOS="0" VPOS="0" />
            <String ID="P96_S00204" HPOS="1279" VPOS="1558" WIDTH="78" HEIGHT="39" STYLEREFS="StyleId-3" CONTENT="still" WC="0.61" CC="78300" />
            <SP ID="P96_SP00184" WIDTH="0" HPOS="0" VPOS="0" />
            <String ID="P96_S00205" HPOS="1372" VPOS="1558" WIDTH="129" HEIGHT="39" STYLEREFS="StyleId-3" CONTENT="exists." WC="0.6028572" CC="01046060" />
            <SP ID="P96_SP00185" WIDTH="0" HPOS="0" VPOS="0" />
            <String ID="P96_S00206" HPOS="1545" VPOS="1558" WIDTH="95" HEIGHT="43" STYLEREFS="StyleId-3" CONTENT="And," WC="0.57" CC="6703" />
            <SP ID="P96_SP00186" WIDTH="0" HPOS="0" VPOS="0" />
            <String ID="P96_S00207" HPOS="1657" VPOS="1560" WIDTH="172" HEIGHT="41" STYLEREFS="StyleId-3" CONTENT="nowhere" WC="0.774285734" CC="7300050" />
          </TextLine>
          <TextLine ID="P96_TL00022" HPOS="302" VPOS="1606" WIDTH="1523" HEIGHT="45">
            <String ID="P96_S00208" HPOS="302" VPOS="1606" WIDTH="33" HEIGHT="34" STYLEREFS="StyleId-3" CONTENT="is" WC="0.285" CC="68" />
            <SP ID="P96_SP00187" WIDTH="0" HPOS="0" VPOS="0" />
            <String ID="P96_S00209" HPOS="348" VPOS="1606" WIDTH="33" HEIGHT="34" STYLEREFS="StyleId-3" CONTENT="it" WC="1" CC="00" />
            <SP ID="P96_SP00188" WIDTH="0" HPOS="0" VPOS="0" />
            <String ID="P96_S00210" HPOS="395" VPOS="1617" WIDTH="44" HEIGHT="23" STYLEREFS="StyleId-3" CONTENT="so" WC="0.6" CC="61" />
            <SP ID="P96_SP00189" WIDTH="0" HPOS="0" VPOS="0" />
            <String ID="P96_S00211" HPOS="453" VPOS="1607" WIDTH="211" HEIGHT="35" STYLEREFS="StyleId-3" CONTENT="intolerant" WC="0.78" CC="0604300070" />
            <SP ID="P96_SP00190" WIDTH="0" HPOS="0" VPOS="0" />
            <String ID="P96_S00212" HPOS="679" VPOS="1619" WIDTH="44" HEIGHT="24" STYLEREFS="StyleId-3" CONTENT="as" WC="0.22" CC="87" />
            <SP ID="P96_SP00191" WIDTH="0" HPOS="0" VPOS="0" />
            <String ID="P96_S00213" HPOS="737" VPOS="1609" WIDTH="39" HEIGHT="34" STYLEREFS="StyleId-3" CONTENT="in" WC="0.64" CC="07" />
            <SP ID="P96_SP00192" WIDTH="0" HPOS="0" VPOS="0" />
            <String ID="P96_S00214" HPOS="790" VPOS="1610" WIDTH="66" HEIGHT="33" STYLEREFS="StyleId-3" CONTENT="the" WC="1" CC="000" />
            <SP ID="P96_SP00193" WIDTH="0" HPOS="0" VPOS="0" />
            <String ID="P96_S00215" HPOS="871" VPOS="1612" WIDTH="125" HEIGHT="33" STYLEREFS="StyleId-3" CONTENT="states" WC="0.543333352" CC="477008" />
            <SP ID="P96_SP00194" WIDTH="0" HPOS="0" VPOS="0" />
            <String ID="P96_S00216" HPOS="1011" VPOS="1612" WIDTH="119" HEIGHT="34" STYLEREFS="StyleId-3" CONTENT="where" WC="0.886" CC="00050" />
            <SP ID="P96_SP00195" WIDTH="0" HPOS="0" VPOS="0" />
            <String ID="P96_S00217" HPOS="1145" VPOS="1613" WIDTH="192" HEIGHT="35" STYLEREFS="StyleId-3" CONTENT="servitude" WC="0.8088889" CC="603000600" />
            <SP ID="P96_SP00196" WIDTH="0" HPOS="0" VPOS="0" />
            <String ID="P96_S00218" HPOS="1351" VPOS="1614" WIDTH="72" HEIGHT="34" STYLEREFS="StyleId-3" CONTENT="has" WC="0.5133333" CC="707" />
            <SP ID="P96_SP00197" WIDTH="0" HPOS="0" VPOS="0" />
            <String ID="P96_S00219" HPOS="1438" VPOS="1624" WIDTH="112" HEIGHT="24" STYLEREFS="StyleId-3" CONTENT="never" WC="0.798" CC="30006" />
            <SP ID="P96_SP00198" WIDTH="0" HPOS="0" VPOS="0" />
            <String ID="P96_S00220" HPOS="1563" VPOS="1614" WIDTH="92" HEIGHT="34" STYLEREFS="StyleId-3" CONTENT="been" WC="0.68" CC="0039" />
            <SP ID="P96_SP00199" WIDTH="0" HPOS="0" VPOS="0" />
            <String ID="P96_S00221" HPOS="1675" VPOS="1615" WIDTH="150" HEIGHT="35" STYLEREFS="StyleId-3" CONTENT="known." WC="0.545" CC="560860" />
          </TextLine>
          <TextLine ID="P96_TL00023" HPOS="303" VPOS="1660" WIDTH="1525" HEIGHT="54">
            <String ID="P96_S00222" HPOS="303" VPOS="1660" WIDTH="39" HEIGHT="36" STYLEREFS="StyleId-3" CONTENT="It" WC="0.855" CC="20" />
            <SP ID="P96_SP00200" WIDTH="0" HPOS="0" VPOS="0" />
            <String ID="P96_S00223" HPOS="355" VPOS="1661" WIDTH="32" HEIGHT="35" STYLEREFS="StyleId-3" CONTENT="is" WC="0.5" CC="36" />
            <SP ID="P96_SP00201" WIDTH="0" HPOS="0" VPOS="0" />
            <String ID="P96_S00224" HPOS="401" VPOS="1664" WIDTH="85" HEIGHT="32" STYLEREFS="StyleId-3" CONTENT="true" WC="0.73" CC="0550" />
            <SP ID="P96_SP00202" WIDTH="0" HPOS="0" VPOS="0" />
            <String ID="P96_S00225" HPOS="502" VPOS="1688" WIDTH="8" HEIGHT="17" STYLEREFS="StyleId-3" CONTENT="," WC="0.63" CC="3" />
            <SP ID="P96_SP00203" WIDTH="0" HPOS="0" VPOS="0" />
            <String ID="P96_S00226" HPOS="526" VPOS="1664" WIDTH="92" HEIGHT="41" STYLEREFS="StyleId-3" CONTENT="that" WC="0.8275" CC="0600" />
            <SP ID="P96_SP00204" WIDTH="0" HPOS="0" VPOS="0" />
            <String ID="P96_S00227" HPOS="631" VPOS="1664" WIDTH="39" HEIGHT="41" STYLEREFS="StyleId-3" CONTENT="in" WC="0.45" CC="46" />
            <SP ID="P96_SP00205" WIDTH="0" HPOS="0" VPOS="0" />
            <String ID="P96_S00228" HPOS="684" VPOS="1664" WIDTH="66" HEIGHT="41" STYLEREFS="StyleId-3" CONTENT="the" WC="1" CC="000" />
            <SP ID="P96_SP00206" WIDTH="0" HPOS="0" VPOS="0" />
            <String ID="P96_S00229" HPOS="764" VPOS="1665" WIDTH="124" HEIGHT="40" STYLEREFS="StyleId-3" CONTENT="North" WC="0.724" CC="41007" />
            <SP ID="P96_SP00207" WIDTH="0" HPOS="0" VPOS="0" />
            <String ID="P96_S00230" HPOS="904" VPOS="1666" WIDTH="44" HEIGHT="39" STYLEREFS="StyleId-3" CONTENT="of" WC="1" CC="00" />
            <SP ID="P96_SP00208" WIDTH="0" HPOS="0" VPOS="0" />
            <String ID="P96_S00231" HPOS="962" VPOS="1667" WIDTH="67" HEIGHT="38" STYLEREFS="StyleId-3" CONTENT="the" WC="1" CC="000" />
            <SP ID="P96_SP00209" WIDTH="0" HPOS="0" VPOS="0" />
            <String ID="P96_S00232" HPOS="1044" VPOS="1667" WIDTH="135" HEIGHT="44" STYLEREFS="StyleId-3" CONTENT="Union," WC="0.6433333" CC="073064" />
            <SP ID="P96_SP00210" WIDTH="0" HPOS="0" VPOS="0" />
            <String ID="P96_S00233" HPOS="1197" VPOS="1669" WIDTH="211" HEIGHT="43" STYLEREFS="StyleId-3" CONTENT="marriages" WC="0.644444466" CC="705644004" />
            <SP ID="P96_SP00211" WIDTH="0" HPOS="0" VPOS="0" />
            <String ID="P96_S00234" HPOS="1423" VPOS="1679" WIDTH="92" HEIGHT="34" STYLEREFS="StyleId-3" CONTENT="may" WC="0.69" CC="900" />
            <SP ID="P96_SP00212" WIDTH="0" HPOS="0" VPOS="0" />
            <String ID="P96_S00235" HPOS="1529" VPOS="1670" WIDTH="46" HEIGHT="43" STYLEREFS="StyleId-3" CONTENT="be" WC="1" CC="00" />
            <SP ID="P96_SP00213" WIDTH="0" HPOS="0" VPOS="0" />
            <String ID="P96_S00236" HPOS="1589" VPOS="1670" WIDTH="138" HEIGHT="43" STYLEREFS="StyleId-3" CONTENT="legally" WC="0.7228571" CC="0077300" />
            <SP ID="P96_SP00214" WIDTH="0" HPOS="0" VPOS="0" />
            <String ID="P96_S00237" HPOS="1741" VPOS="1682" WIDTH="87" HEIGHT="31" STYLEREFS="StyleId-3" CONTENT="con¬" WC="0.8125" CC="0034" />
          </TextLine>
          <TextLine ID="P96_TL00024" HPOS="301" VPOS="1718" WIDTH="1525" HEIGHT="52">
            <String ID="P96_S00238" HPOS="301" VPOS="1718" WIDTH="150" HEIGHT="33" STYLEREFS="StyleId-3" CONTENT="tracted" WC="0.785714269" CC="0635000" />
            <SP ID="P96_SP00215" WIDTH="0" HPOS="0" VPOS="0" />
            <String ID="P96_S00239" HPOS="466" VPOS="1718" WIDTH="165" HEIGHT="34" STYLEREFS="StyleId-3" CONTENT="between" WC="0.638571441" CC="07010007" />
            <SP ID="P96_SP00216" WIDTH="0" HPOS="0" VPOS="0" />
            <String ID="P96_S00240" HPOS="645" VPOS="1729" WIDTH="157" HEIGHT="33" STYLEREFS="StyleId-3" CONTENT="negroes" WC="0.677142859" CC="00107005" />
            <SP ID="P96_SP00217" WIDTH="0" HPOS="0" VPOS="0" />
            <String ID="P96_S00241" HPOS="819" VPOS="1721" WIDTH="77" HEIGHT="41" STYLEREFS="StyleId-3" CONTENT="and" WC="0.49666667" CC="770" />
            <SP ID="P96_SP00218" WIDTH="0" HPOS="0" VPOS="0" />
            <String ID="P96_S00242" HPOS="910" VPOS="1722" WIDTH="143" HEIGHT="43" STYLEREFS="StyleId-3" CONTENT="whites," WC="0.67" CC="9040062" />
            <SP ID="P96_SP00219" WIDTH="0" HPOS="0" VPOS="0" />
            <String ID="P96_S00243" HPOS="1070" VPOS="1723" WIDTH="73" HEIGHT="42" STYLEREFS="StyleId-3" CONTENT="but" WC="0.326666653" CC="468" />
            <SP ID="P96_SP00220" WIDTH="0" HPOS="0" VPOS="0" />
            <String ID="P96_S00244" HPOS="1156" VPOS="1724" WIDTH="126" HEIGHT="42" STYLEREFS="StyleId-3" CONTENT="public" WC="0.458333343" CC="9710203" />
            <SP ID="P96_SP00221" WIDTH="0" HPOS="0" VPOS="0" />
            <String ID="P96_S00245" HPOS="1298" VPOS="1725" WIDTH="157" HEIGHT="42" STYLEREFS="StyleId-3" CONTENT="opinion" WC="0.6157143" CC="0908008" />
            <SP ID="P96_SP00222" WIDTH="0" HPOS="0" VPOS="0" />
            <String ID="P96_S00246" HPOS="1469" VPOS="1726" WIDTH="125" HEIGHT="41" STYLEREFS="StyleId-3" CONTENT="would" WC="0.412" CC="1027010" />
            <SP ID="P96_SP00223" WIDTH="0" HPOS="0" VPOS="0" />
            <String ID="P96_S00247" HPOS="1609" VPOS="1726" WIDTH="217" HEIGHT="43" STYLEREFS="StyleId-3" CONTENT="stigmatize" WC="0.662" CC="0900721425" />
          </TextLine>
          <TextLine ID="P96_TL00025" HPOS="303" VPOS="1772" WIDTH="1528" HEIGHT="54">
            <String ID="P96_S00248" HPOS="303" VPOS="1782" WIDTH="26" HEIGHT="24" STYLEREFS="StyleId-3" CONTENT="a" WC="0.8" CC="2" />
            <SP ID="P96_SP00224" WIDTH="0" HPOS="0" VPOS="0" />
            <String ID="P96_S00249" HPOS="355" VPOS="1783" WIDTH="102" HEIGHT="32" STYLEREFS="StyleId-3" CONTENT="man," WC="0.5" CC="01063" />
            <SP ID="P96_SP00225" WIDTH="0" HPOS="0" VPOS="0" />
            <String ID="P96_S00250" HPOS="487" VPOS="1773" WIDTH="83" HEIGHT="42" STYLEREFS="StyleId-3" CONTENT="who" WC="0.6766667" CC="900" />
            <SP ID="P96_SP00226" WIDTH="0" HPOS="0" VPOS="0" />
            <String ID="P96_S00251" HPOS="599" VPOS="1775" WIDTH="138" HEIGHT="40" STYLEREFS="StyleId-3" CONTENT="should" WC="0.625" CC="700438" />
            <SP ID="P96_SP00227" WIDTH="0" HPOS="0" VPOS="0" />
            <String ID="P96_S00252" HPOS="764" VPOS="1778" WIDTH="159" HEIGHT="37" STYLEREFS="StyleId-3" CONTENT="content" WC="0.795714259" CC="0070070" />
            <SP ID="P96_SP00228" WIDTH="0" HPOS="0" VPOS="0" />
            <String ID="P96_S00253" HPOS="950" VPOS="1777" WIDTH="151" HEIGHT="38" STYLEREFS="StyleId-3" CONTENT="himself" WC="0.827142835" CC="0056000" />
            <SP ID="P96_SP00229" WIDTH="0" HPOS="0" VPOS="0" />
            <String ID="P96_S00254" HPOS="1123" VPOS="1779" WIDTH="92" HEIGHT="36" STYLEREFS="StyleId-3" CONTENT="with" WC="0.6775" CC="02010" />
            <SP ID="P96_SP00230" WIDTH="0" HPOS="0" VPOS="0" />
            <String ID="P96_S00255" HPOS="1243" VPOS="1790" WIDTH="26" HEIGHT="25" STYLEREFS="StyleId-3" CONTENT="a" WC="1" CC="0" />
            <SP ID="P96_SP00231" WIDTH="0" HPOS="0" VPOS="0" />
            <String ID="P96_S00256" HPOS="1295" VPOS="1790" WIDTH="163" HEIGHT="34" STYLEREFS="StyleId-3" CONTENT="negress," WC="0.6075" CC="70070664" />
            <SP ID="P96_SP00232" WIDTH="0" HPOS="0" VPOS="0" />
            <String ID="P96_S00257" HPOS="1482" VPOS="1792" WIDTH="45" HEIGHT="32" STYLEREFS="StyleId-3" CONTENT="as" WC="0.68" CC="06" />
            <SP ID="P96_SP00233" WIDTH="0" HPOS="0" VPOS="0" />
            <String ID="P96_S00258" HPOS="1547" VPOS="1781" WIDTH="202" HEIGHT="43" STYLEREFS="StyleId-3" CONTENT="infamous." WC="0.6377778" CC="076800450" />
            <SP ID="P96_SP00234" WIDTH="0" HPOS="0" VPOS="0" />
            <String ID="P96_S00259" HPOS="1793" VPOS="1782" WIDTH="38" HEIGHT="42" STYLEREFS="StyleId-3" CONTENT="If" WC="0.895" CC="01" />
          </TextLine>
          <TextLine ID="P96_TL00026" HPOS="304" VPOS="1827" WIDTH="1523" HEIGHT="54">
            <String ID="P96_S00260" HPOS="304" VPOS="1827" WIDTH="211" HEIGHT="44" STYLEREFS="StyleId-3" CONTENT="oppressed," WC="0.806" CC="0006062004" />
            <SP ID="P96_SP00235" WIDTH="0" HPOS="0" VPOS="0" />
            <String ID="P96_S00261" HPOS="532" VPOS="1829" WIDTH="92" HEIGHT="42" STYLEREFS="StyleId-3" CONTENT="they" WC="1" CC="0000" />
            <SP ID="P96_SP00236" WIDTH="0" HPOS="0" VPOS="0" />
            <String ID="P96_S00262" HPOS="639" VPOS="1840" WIDTH="91" HEIGHT="32" STYLEREFS="StyleId-3" CONTENT="may" WC="1" CC="000" />
            <SP ID="P96_SP00237" WIDTH="0" HPOS="0" VPOS="0" />
            <String ID="P96_S00263" HPOS="744" VPOS="1830" WIDTH="113" HEIGHT="44" STYLEREFS="StyleId-3" CONTENT="bring" WC="0.836" CC="05300" />
            <SP ID="P96_SP00238" WIDTH="0" HPOS="0" VPOS="0" />
            <String ID="P96_S00264" HPOS="871" VPOS="1842" WIDTH="51" HEIGHT="32" STYLEREFS="StyleId-3" CONTENT="an" WC="0.65" CC="07" />
            <SP ID="P96_SP00239" WIDTH="0" HPOS="0" VPOS="0" />
            <String ID="P96_S00265" HPOS="944" VPOS="1833" WIDTH="131" HEIGHT="41" STYLEREFS="StyleId-3" CONTENT="action" WC="0.78" CC="500006" />
            <SP ID="P96_SP00240" WIDTH="0" HPOS="0" VPOS="0" />
            <String ID="P96_S00266" HPOS="1098" VPOS="1836" WIDTH="44" HEIGHT="38" STYLEREFS="StyleId-3" CONTENT="at" WC="0.5" CC="100" />
            <SP ID="P96_SP00241" WIDTH="0" HPOS="0" VPOS="0" />
            <String ID="P96_S00267" HPOS="1163" VPOS="1835" WIDTH="82" HEIGHT="43" STYLEREFS="StyleId-3" CONTENT="law," WC="0.7475" CC="7002" />
            <SP ID="P96_SP00242" WIDTH="0" HPOS="0" VPOS="0" />
            <String ID="P96_S00268" HPOS="1268" VPOS="1836" WIDTH="73" HEIGHT="42" STYLEREFS="StyleId-3" CONTENT="but" WC="1" CC="000" />
            <SP ID="P96_SP00243" WIDTH="0" HPOS="0" VPOS="0" />
            <String ID="P96_S00269" HPOS="1354" VPOS="1836" WIDTH="93" HEIGHT="42" STYLEREFS="StyleId-3" CONTENT="they" WC="0.83" CC="0600" />
            <SP ID="P96_SP00244" WIDTH="0" HPOS="0" VPOS="0" />
            <String ID="P96_S00270" HPOS="1461" VPOS="1836" WIDTH="72" HEIGHT="42" STYLEREFS="StyleId-3" CONTENT="will" WC="0.7675" CC="0107" />
            <SP ID="P96_SP00245" WIDTH="0" HPOS="0" VPOS="0" />
            <String ID="P96_S00271" HPOS="1547" VPOS="1837" WIDTH="78" HEIGHT="41" STYLEREFS="StyleId-3" CONTENT="find" WC="0.8275" CC="0060" />
            <SP ID="P96_SP00246" WIDTH="0" HPOS="0" VPOS="0" />
            <String ID="P96_S00272" HPOS="1640" VPOS="1847" WIDTH="99" HEIGHT="31" STYLEREFS="StyleId-3" CONTENT="none" WC="0.6675" CC="6070" />
            <SP ID="P96_SP00247" WIDTH="0" HPOS="0" VPOS="0" />
            <String ID="P96_S00273" HPOS="1752" VPOS="1837" WIDTH="75" HEIGHT="41" STYLEREFS="StyleId-3" CONTENT="but" WC="0.116666667" CC="1079" />
          </TextLine>
          <TextLine ID="P96_TL00027" HPOS="301" VPOS="1882" WIDTH="1523" HEIGHT="54">
            <String ID="P96_S00274" HPOS="301" VPOS="1882" WIDTH="131" HEIGHT="36" STYLEREFS="StyleId-3" CONTENT="whites" WC="0.8016667" CC="005006" />
            <SP ID="P96_SP00248" WIDTH="0" HPOS="0" VPOS="0" />
            <String ID="P96_S00275" HPOS="453" VPOS="1893" WIDTH="145" HEIGHT="34" STYLEREFS="StyleId-3" CONTENT="among" WC="0.748" CC="50070" />
            <SP ID="P96_SP00249" WIDTH="0" HPOS="0" VPOS="0" />
            <String ID="P96_S00276" HPOS="624" VPOS="1885" WIDTH="100" HEIGHT="42" STYLEREFS="StyleId-3" CONTENT="their" WC="0.752" CC="00137" />
            <SP ID="P96_SP00250" WIDTH="0" HPOS="0" VPOS="0" />
            <String ID="P96_S00277" HPOS="746" VPOS="1886" WIDTH="147" HEIGHT="44" STYLEREFS="StyleId-3" CONTENT="judges," WC="0.5214286" CC="10580053" />
            <SP ID="P96_SP00251" WIDTH="0" HPOS="0" VPOS="0" />
            <String ID="P96_S00278" HPOS="918" VPOS="1888" WIDTH="78" HEIGHT="42" STYLEREFS="StyleId-3" CONTENT="and" WC="0.446666658" CC="970" />
            <SP ID="P96_SP00252" WIDTH="0" HPOS="0" VPOS="0" />
            <String ID="P96_S00279" HPOS="1025" VPOS="1889" WIDTH="189" HEIGHT="44" STYLEREFS="StyleId-3" CONTENT="although" WC="0.89" CC="01000700" />
            <SP ID="P96_SP00253" WIDTH="0" HPOS="0" VPOS="0" />
            <String ID="P96_S00280" HPOS="1242" VPOS="1891" WIDTH="93" HEIGHT="42" STYLEREFS="StyleId-3" CONTENT="they" WC="0.9875" CC="0000" />
            <SP ID="P96_SP00254" WIDTH="0" HPOS="0" VPOS="0" />
            <String ID="P96_S00281" HPOS="1361" VPOS="1902" WIDTH="93" HEIGHT="32" STYLEREFS="StyleId-3" CONTENT="may" WC="0.716666639" CC="800" />
            <SP ID="P96_SP00255" WIDTH="0" HPOS="0" VPOS="0" />
            <String ID="P96_S00282" HPOS="1480" VPOS="1892" WIDTH="139" HEIGHT="43" STYLEREFS="StyleId-3" CONTENT="legally" WC="0.79" CC="4200530" />
            <SP ID="P96_SP00256" WIDTH="0" HPOS="0" VPOS="0" />
            <String ID="P96_S00283" HPOS="1647" VPOS="1903" WIDTH="105" HEIGHT="32" STYLEREFS="StyleId-3" CONTENT="serve" WC="0.718" CC="80500" />
            <SP ID="P96_SP00257" WIDTH="0" HPOS="0" VPOS="0" />
            <String ID="P96_S00284" HPOS="1779" VPOS="1903" WIDTH="45" HEIGHT="32" STYLEREFS="StyleId-3" CONTENT="as" WC="0.69" CC="06" />
          </TextLine>
          <TextLine ID="P96_TL00028" HPOS="297" VPOS="1937" WIDTH="1528" HEIGHT="55">
            <String ID="P96_S00285" HPOS="297" VPOS="1937" WIDTH="138" HEIGHT="44" STYLEREFS="StyleId-3" CONTENT="jurors," WC="0.4" CC="10750783" />
            <SP ID="P96_SP00258" WIDTH="0" HPOS="0" VPOS="0" />
            <String ID="P96_S00286" HPOS="450" VPOS="1939" WIDTH="187" HEIGHT="42" STYLEREFS="StyleId-3" CONTENT="prejudice" WC="0.636666656" CC="070079800" />
            <SP ID="P96_SP00259" WIDTH="0" HPOS="0" VPOS="0" />
            <String ID="P96_S00287" HPOS="650" VPOS="1941" WIDTH="165" HEIGHT="43" STYLEREFS="StyleId-3" CONTENT="repulses" WC="0.72125" CC="60040506" />
            <SP ID="P96_SP00260" WIDTH="0" HPOS="0" VPOS="0" />
            <String ID="P96_S00288" HPOS="831" VPOS="1943" WIDTH="104" HEIGHT="41" STYLEREFS="StyleId-3" CONTENT="them" WC="0.585" CC="9700" />
            <SP ID="P96_SP00261" WIDTH="0" HPOS="0" VPOS="0" />
            <String ID="P96_S00289" HPOS="956" VPOS="1944" WIDTH="59" HEIGHT="40" STYLEREFS="StyleId-3" CONTENT="for" WC="0.52" CC="707" />
            <SP ID="P96_SP00262" WIDTH="0" HPOS="0" VPOS="0" />
            <String ID="P96_S00290" HPOS="1036" VPOS="1945" WIDTH="92" HEIGHT="39" STYLEREFS="StyleId-3" CONTENT="that" WC="0.75" CC="00010" />
            <SP ID="P96_SP00263" WIDTH="0" HPOS="0" VPOS="0" />
            <String ID="P96_S00291" HPOS="1149" VPOS="1946" WIDTH="115" HEIGHT="38" STYLEREFS="StyleId-3" CONTENT="office." WC="0.8" CC="1433100" />
            <SP ID="P96_SP00264" WIDTH="0" HPOS="0" VPOS="0" />
            <String ID="P96_S00292" HPOS="1307" VPOS="1946" WIDTH="46" HEIGHT="38" STYLEREFS="StyleId-3" CONTENT="In" WC="0.63" CC="07" />
            <SP ID="P96_SP00265" WIDTH="0" HPOS="0" VPOS="0" />
            <String ID="P96_S00293" HPOS="1374" VPOS="1948" WIDTH="171" HEIGHT="36" STYLEREFS="StyleId-3" CONTENT="theatres" WC="0.7175" CC="67000304" />
            <SP ID="P96_SP00266" WIDTH="0" HPOS="0" VPOS="0" />
            <String ID="P96_S00294" HPOS="1566" VPOS="1948" WIDTH="93" HEIGHT="43" STYLEREFS="StyleId-3" CONTENT="gold" WC="0.5025" CC="9037" />
            <SP ID="P96_SP00267" WIDTH="0" HPOS="0" VPOS="0" />
            <String ID="P96_S00295" HPOS="1678" VPOS="1952" WIDTH="147" HEIGHT="39" STYLEREFS="StyleId-3" CONTENT="cannot" WC="0.603333354" CC="0107600" />
          </TextLine>
          <TextLine ID="P96_TL00029" HPOS="300" VPOS="1991" WIDTH="1524" HEIGHT="56">
            <String ID="P96_S00296" HPOS="300" VPOS="2003" WIDTH="157" HEIGHT="32" STYLEREFS="StyleId-3" CONTENT="procure" WC="0.8414286" CC="0400060" />
            <SP ID="P96_SP00268" WIDTH="0" HPOS="0" VPOS="0" />
            <String ID="P96_S00297" HPOS="472" VPOS="1991" WIDTH="25" HEIGHT="44" STYLEREFS="StyleId-3" CONTENT="4" WC="0" CC="10" />
            <SP ID="P96_SP00269" WIDTH="0" HPOS="0" VPOS="0" />
            <String ID="P96_S00298" HPOS="511" VPOS="1997" WIDTH="86" HEIGHT="38" STYLEREFS="StyleId-3" CONTENT="seat" WC="0.83" CC="6000" />
            <SP ID="P96_SP00270" WIDTH="0" HPOS="0" VPOS="0" />
            <String ID="P96_S00299" HPOS="610" VPOS="1995" WIDTH="60" HEIGHT="40" STYLEREFS="StyleId-3" CONTENT="for" WC="0.793333352" CC="006" />
            <SP ID="P96_SP00271" WIDTH="0" HPOS="0" VPOS="0" />
            <String ID="P96_S00300" HPOS="683" VPOS="1996" WIDTH="67" HEIGHT="39" STYLEREFS="StyleId-3" CONTENT="the" WC="0.53" CC="1004" />
            <SP ID="P96_SP00272" WIDTH="0" HPOS="0" VPOS="0" />
            <String ID="P96_S00301" HPOS="764" VPOS="1998" WIDTH="133" HEIGHT="37" STYLEREFS="StyleId-3" CONTENT="servile" WC="0.545714259" CC="60710051" />
            <SP ID="P96_SP00273" WIDTH="0" HPOS="0" VPOS="0" />
            <String ID="P96_S00302" HPOS="910" VPOS="2009" WIDTH="86" HEIGHT="26" STYLEREFS="StyleId-3" CONTENT="race" WC="0.8275" CC="6000" />
            <SP ID="P96_SP00274" WIDTH="0" HPOS="0" VPOS="0" />
            <String ID="P96_S00303" HPOS="1015" VPOS="2000" WIDTH="126" HEIGHT="35" STYLEREFS="StyleId-3" CONTENT="beside" WC="0.88166666" CC="005100" />
            <SP ID="P96_SP00275" WIDTH="0" HPOS="0" VPOS="0" />
            <String ID="P96_S00304" HPOS="1160" VPOS="2001" WIDTH="100" HEIGHT="35" STYLEREFS="StyleId-3" CONTENT="their" WC="0.782" CC="00055" />
            <SP ID="P96_SP00276" WIDTH="0" HPOS="0" VPOS="0" />
            <String ID="P96_S00305" HPOS="1280" VPOS="2002" WIDTH="139" HEIGHT="34" STYLEREFS="StyleId-3" CONTENT="former" WC="0.886666656" CC="006000" />
            <SP ID="P96_SP00277" WIDTH="0" HPOS="0" VPOS="0" />
            <String ID="P96_S00306" HPOS="1440" VPOS="2006" WIDTH="175" HEIGHT="40" STYLEREFS="StyleId-3" CONTENT="masters," WC="0.615" CC="08500564" />
            <SP ID="P96_SP00278" WIDTH="0" HPOS="0" VPOS="0" />
            <String ID="P96_S00307" HPOS="1638" VPOS="2004" WIDTH="38" HEIGHT="42" STYLEREFS="StyleId-3" CONTENT="in" WC="0.705" CC="05" />
            <SP ID="P96_SP00279" WIDTH="0" HPOS="0" VPOS="0" />
            <String ID="P96_S00308" HPOS="1698" VPOS="2003" WIDTH="126" HEIGHT="44" STYLEREFS="StyleId-3" CONTENT="hospi¬" WC="0.771666646" CC="067000" />
          </TextLine>
          <TextLine ID="P96_TL00030" HPOS="299" VPOS="2048" WIDTH="1525" HEIGHT="54">
            <String ID="P96_S00309" HPOS="299" VPOS="2048" WIDTH="79" HEIGHT="34" STYLEREFS="StyleId-3" CONTENT="tals" WC="0.74" CC="0054" />
            <SP ID="P96_SP00280" WIDTH="0" HPOS="0" VPOS="0" />
            <String ID="P96_S00310" HPOS="392" VPOS="2049" WIDTH="91" HEIGHT="42" STYLEREFS="StyleId-3" CONTENT="they" WC="0.84" CC="0600" />
            <SP ID="P96_SP00281" WIDTH="0" HPOS="0" VPOS="0" />
            <String ID="P96_S00311" HPOS="496" VPOS="2049" WIDTH="47" HEIGHT="42" STYLEREFS="StyleId-3" CONTENT="lie" WC="0.706666648" CC="260" />
            <SP ID="P96_SP00282" WIDTH="0" HPOS="0" VPOS="0" />
            <String ID="P96_S00312" HPOS="558" VPOS="2053" WIDTH="129" HEIGHT="41" STYLEREFS="StyleId-3" CONTENT="apart." WC="0.38" CC="8108504" />
            <SP ID="P96_SP00283" WIDTH="0" HPOS="0" VPOS="0" />
            <String ID="P96_S00313" HPOS="731" VPOS="2051" WIDTH="108" HEIGHT="44" STYLEREFS="StyleId-3" CONTENT="They," WC="0.674" CC="300102" />
            <SP ID="P96_SP00284" WIDTH="0" HPOS="0" VPOS="0" />
            <String ID="P96_S00314" HPOS="851" VPOS="2064" WIDTH="66" HEIGHT="31" STYLEREFS="StyleId-3" CONTENT="are" WC="0.64" CC="351" />
            <SP ID="P96_SP00285" WIDTH="0" HPOS="0" VPOS="0" />
            <String ID="P96_S00315" HPOS="931" VPOS="2055" WIDTH="156" HEIGHT="40" STYLEREFS="StyleId-3" CONTENT="allowed" WC="0.8814286" CC="0160000" />
            <SP ID="P96_SP00286" WIDTH="0" HPOS="0" VPOS="0" />
            <String ID="P96_S00316" HPOS="1101" VPOS="2058" WIDTH="44" HEIGHT="37" STYLEREFS="StyleId-3" CONTENT="to" WC="1" CC="00" />
            <SP ID="P96_SP00287" WIDTH="0" HPOS="0" VPOS="0" />
            <String ID="P96_S00317" HPOS="1160" VPOS="2057" WIDTH="140" HEIGHT="38" STYLEREFS="StyleId-3" CONTENT="invoke" WC="0.8833333" CC="070000" />
            <SP ID="P96_SP00288" WIDTH="0" HPOS="0" VPOS="0" />
            <String ID="P96_S00318" HPOS="1313" VPOS="2058" WIDTH="66" HEIGHT="37" STYLEREFS="StyleId-3" CONTENT="the" WC="1" CC="000" />
            <SP ID="P96_SP00289" WIDTH="0" HPOS="0" VPOS="0" />
            <String ID="P96_S00319" HPOS="1400" VPOS="2068" WIDTH="104" HEIGHT="27" STYLEREFS="StyleId-3" CONTENT="same" WC="0.835" CC="6000" />
            <SP ID="P96_SP00290" WIDTH="0" HPOS="0" VPOS="0" />
            <String ID="P96_S00320" HPOS="1519" VPOS="2059" WIDTH="165" HEIGHT="42" STYLEREFS="StyleId-3" CONTENT="divinity" WC="0.8475" CC="04041200" />
            <SP ID="P96_SP00291" WIDTH="0" HPOS="0" VPOS="0" />
            <String ID="P96_S00321" HPOS="1698" VPOS="2068" WIDTH="44" HEIGHT="33" STYLEREFS="StyleId-3" CONTENT="as" WC="0.47" CC="27" />
            <SP ID="P96_SP00292" WIDTH="0" HPOS="0" VPOS="0" />
            <String ID="P96_S00322" HPOS="1756" VPOS="2060" WIDTH="68" HEIGHT="41" STYLEREFS="StyleId-3" CONTENT="the" WC="1" CC="000" />
          </TextLine>
          <TextLine ID="P96_TL00031" HPOS="299" VPOS="2103" WIDTH="1523" HEIGHT="55">
            <String ID="P96_S00323" HPOS="299" VPOS="2103" WIDTH="142" HEIGHT="35" STYLEREFS="StyleId-3" CONTENT="whites." WC="0.7128571" CC="10000063" />
            <SP ID="P96_SP00293" WIDTH="0" HPOS="0" VPOS="0" />
            <String ID="P96_S00324" HPOS="485" VPOS="2103" WIDTH="79" HEIGHT="36" STYLEREFS="StyleId-3" CONTENT="The" WC="0.92" CC="200" />
            <SP ID="P96_SP00294" WIDTH="0" HPOS="0" VPOS="0" />
            <String ID="P96_S00325" HPOS="590" VPOS="2109" WIDTH="112" HEIGHT="39" STYLEREFS="StyleId-3" CONTENT="gates" WC="0.508" CC="98006" />
            <SP ID="P96_SP00295" WIDTH="0" HPOS="0" VPOS="0" />
            <String ID="P96_S00326" HPOS="731" VPOS="2107" WIDTH="43" HEIGHT="41" STYLEREFS="StyleId-3" CONTENT="of" WC="1" CC="00" />
            <SP ID="P96_SP00296" WIDTH="0" HPOS="0" VPOS="0" />
            <String ID="P96_S00327" HPOS="796" VPOS="2108" WIDTH="146" HEIGHT="40" STYLEREFS="StyleId-3" CONTENT="heaven" WC="0.876666665" CC="000007" />
            <SP ID="P96_SP00297" WIDTH="0" HPOS="0" VPOS="0" />
            <String ID="P96_S00328" HPOS="970" VPOS="2120" WIDTH="64" HEIGHT="28" STYLEREFS="StyleId-3" CONTENT="are" WC="0.793333352" CC="060" />
            <SP ID="P96_SP00298" WIDTH="0" HPOS="0" VPOS="0" />
            <String ID="P96_S00329" HPOS="1060" VPOS="2113" WIDTH="74" HEIGHT="35" STYLEREFS="StyleId-3" CONTENT="not" WC="0.73" CC="700" />
            <SP ID="P96_SP00299" WIDTH="0" HPOS="0" VPOS="0" />
            <String ID="P96_S00330" HPOS="1159" VPOS="2112" WIDTH="126" HEIGHT="36" STYLEREFS="StyleId-3" CONTENT="closed" WC="0.845" CC="030600" />
            <SP ID="P96_SP00300" WIDTH="0" HPOS="0" VPOS="0" />
            <String ID="P96_S00331" HPOS="1314" VPOS="2113" WIDTH="157" HEIGHT="42" STYLEREFS="StyleId-3" CONTENT="against" WC="0.6157143" CC="01003750" />
            <SP ID="P96_SP00301" WIDTH="0" HPOS="0" VPOS="0" />
            <String ID="P96_S00332" HPOS="1497" VPOS="2114" WIDTH="113" HEIGHT="41" STYLEREFS="StyleId-3" CONTENT="those" WC="0.854" CC="00070" />
            <SP ID="P96_SP00302" WIDTH="0" HPOS="0" VPOS="0" />
            <String ID="P96_S00333" HPOS="1637" VPOS="2114" WIDTH="185" HEIGHT="44" STYLEREFS="StyleId-3" CONTENT="unhappy" WC="0.682857156" CC="7770000" />
          </TextLine>
          <TextLine ID="P96_TL00032" HPOS="300" VPOS="2157" WIDTH="1523" HEIGHT="55">
            <String ID="P96_S00334" HPOS="300" VPOS="2157" WIDTH="147" HEIGHT="46" STYLEREFS="StyleId-3" CONTENT="beings;" WC="0.6642857" CC="00061006" />
            <SP ID="P96_SP00303" WIDTH="0" HPOS="0" VPOS="0" />
            <String ID="P96_S00335" HPOS="463" VPOS="2159" WIDTH="73" HEIGHT="44" STYLEREFS="StyleId-3" CONTENT="but" WC="0.7866667" CC="060" />
            <SP ID="P96_SP00304" WIDTH="0" HPOS="0" VPOS="0" />
            <String ID="P96_S00336" HPOS="549" VPOS="2161" WIDTH="100" HEIGHT="42" STYLEREFS="StyleId-3" CONTENT="their" WC="0.908" CC="00004" />
            <SP ID="P96_SP00305" WIDTH="0" HPOS="0" VPOS="0" />
            <String ID="P96_S00337" HPOS="662" VPOS="2162" WIDTH="212" HEIGHT="44" STYLEREFS="StyleId-3" CONTENT="inferiority" WC="0.77" CC="43006105200" />
            <SP ID="P96_SP00306" WIDTH="0" HPOS="0" VPOS="0" />
            <String ID="P96_S00338" HPOS="888" VPOS="2164" WIDTH="33" HEIGHT="42" STYLEREFS="StyleId-3" CONTENT="is" WC="0.6" CC="34" />
            <SP ID="P96_SP00307" WIDTH="0" HPOS="0" VPOS="0" />
            <String ID="P96_S00339" HPOS="935" VPOS="2166" WIDTH="203" HEIGHT="40" STYLEREFS="StyleId-3" CONTENT="continued" WC="0.9066667" CC="000001700" />
            <SP ID="P96_SP00308" WIDTH="0" HPOS="0" VPOS="0" />
            <String ID="P96_S00340" HPOS="1152" VPOS="2169" WIDTH="45" HEIGHT="37" STYLEREFS="StyleId-3" CONTENT="to" WC="1" CC="00" />
            <SP ID="P96_SP00309" WIDTH="0" HPOS="0" VPOS="0" />
            <String ID="P96_S00341" HPOS="1212" VPOS="2168" WIDTH="66" HEIGHT="38" STYLEREFS="StyleId-3" CONTENT="the" WC="0.76" CC="070" />
            <SP ID="P96_SP00310" WIDTH="0" HPOS="0" VPOS="0" />
            <String ID="P96_S00342" HPOS="1292" VPOS="2178" WIDTH="93" HEIGHT="32" STYLEREFS="StyleId-3" CONTENT="very" WC="0.935" CC="0020" />
            <SP ID="P96_SP00311" WIDTH="0" HPOS="0" VPOS="0" />
            <String ID="P96_S00343" HPOS="1398" VPOS="2169" WIDTH="165" HEIGHT="41" STYLEREFS="StyleId-3" CONTENT="confines" WC="0.78875" CC="20700700" />
            <SP ID="P96_SP00312" WIDTH="0" HPOS="0" VPOS="0" />
            <String ID="P96_S00344" HPOS="1578" VPOS="2169" WIDTH="43" HEIGHT="41" STYLEREFS="StyleId-3" CONTENT="of" WC="1" CC="00" />
            <SP ID="P96_SP00313" WIDTH="0" HPOS="0" VPOS="0" />
            <String ID="P96_S00345" HPOS="1629" VPOS="2170" WIDTH="67" HEIGHT="40" STYLEREFS="StyleId-3" CONTENT="the" WC="0.973333359" CC="000" />
            <SP ID="P96_SP00314" WIDTH="0" HPOS="0" VPOS="0" />
            <String ID="P96_S00346" HPOS="1710" VPOS="2170" WIDTH="113" HEIGHT="40" STYLEREFS="StyleId-3" CONTENT="other" WC="0.792" CC="30007" />
          </TextLine>
          <TextLine ID="P96_TL00033" HPOS="299" VPOS="2214" WIDTH="1523" HEIGHT="54">
            <String ID="P96_S00347" HPOS="299" VPOS="2214" WIDTH="129" HEIGHT="35" STYLEREFS="StyleId-3" CONTENT="world." WC="0.808333337" CC="005104" />
            <SP ID="P96_SP00315" WIDTH="0" HPOS="0" VPOS="0" />
            <String ID="P96_S00348" HPOS="471" VPOS="2214" WIDTH="78" HEIGHT="36" STYLEREFS="StyleId-3" CONTENT="The" WC="0.74666667" CC="070" />
            <SP ID="P96_SP00316" WIDTH="0" HPOS="0" VPOS="0" />
            <String ID="P96_S00349" HPOS="562" VPOS="2227" WIDTH="117" HEIGHT="32" STYLEREFS="StyleId-3" CONTENT="negro" WC="0.77" CC="70040" />
            <SP ID="P96_SP00317" WIDTH="0" HPOS="0" VPOS="0" />
            <String ID="P96_S00350" HPOS="701" VPOS="2217" WIDTH="33" HEIGHT="42" STYLEREFS="StyleId-3" CONTENT="is" WC="0.655" CC="06" />
            <SP ID="P96_SP00318" WIDTH="0" HPOS="0" VPOS="0" />
            <String ID="P96_S00351" HPOS="754" VPOS="2218" WIDTH="85" HEIGHT="44" STYLEREFS="StyleId-3" CONTENT="free," WC="0.792" CC="05004" />
            <SP ID="P96_SP00319" WIDTH="0" HPOS="0" VPOS="0" />
            <String ID="P96_S00352" HPOS="862" VPOS="2220" WIDTH="73" HEIGHT="42" STYLEREFS="StyleId-3" CONTENT="but" WC="0.853333354" CC="040" />
            <SP ID="P96_SP00320" WIDTH="0" HPOS="0" VPOS="0" />
            <String ID="P96_S00353" HPOS="955" VPOS="2220" WIDTH="46" HEIGHT="42" STYLEREFS="StyleId-3" CONTENT="he" WC="1" CC="00" />
            <SP ID="P96_SP00321" WIDTH="0" HPOS="0" VPOS="0" />
            <String ID="P96_S00354" HPOS="1020" VPOS="2231" WIDTH="72" HEIGHT="31" STYLEREFS="StyleId-3" CONTENT="can" WC="0.766666651" CC="007" />
            <SP ID="P96_SP00322" WIDTH="0" HPOS="0" VPOS="0" />
            <String ID="P96_S00355" HPOS="1114" VPOS="2222" WIDTH="122" HEIGHT="42" STYLEREFS="StyleId-3" CONTENT="share," WC="0.72" CC="600603" />
            <SP ID="P96_SP00323" WIDTH="0" HPOS="0" VPOS="0" />
            <String ID="P96_S00356" HPOS="1259" VPOS="2223" WIDTH="146" HEIGHT="41" STYLEREFS="StyleId-3" CONTENT="neither" WC="0.708571434" CC="7050007" />
            <SP ID="P96_SP00324" WIDTH="0" HPOS="0" VPOS="0" />
            <String ID="P96_S00357" HPOS="1424" VPOS="2223" WIDTH="66" HEIGHT="41" STYLEREFS="StyleId-3" CONTENT="the" WC="1" CC="000" />
            <SP ID="P96_SP00325" WIDTH="0" HPOS="0" VPOS="0" />
            <String ID="P96_S00358" HPOS="1509" VPOS="2224" WIDTH="137" HEIGHT="43" STYLEREFS="StyleId-3" CONTENT="rights," WC="0.584285736" CC="4390073" />
            <SP ID="P96_SP00326" WIDTH="0" HPOS="0" VPOS="0" />
            <String ID="P96_S00359" HPOS="1669" VPOS="2234" WIDTH="72" HEIGHT="33" STYLEREFS="StyleId-3" CONTENT="nor" WC="0.526666641" CC="706" />
            <SP ID="P96_SP00327" WIDTH="0" HPOS="0" VPOS="0" />
            <String ID="P96_S00360" HPOS="1755" VPOS="2226" WIDTH="67" HEIGHT="41" STYLEREFS="StyleId-3" CONTENT="the" WC="1" CC="000" />
          </TextLine>
          <TextLine ID="P96_TL00034" HPOS="298" VPOS="2268" WIDTH="1521" HEIGHT="55">
            <String ID="P96_S00361" HPOS="298" VPOS="2268" WIDTH="123" HEIGHT="44" STYLEREFS="StyleId-3" CONTENT="labor," WC="0.696666658" CC="300284" />
            <SP ID="P96_SP00328" WIDTH="0" HPOS="0" VPOS="0" />
            <String ID="P96_S00362" HPOS="437" VPOS="2280" WIDTH="73" HEIGHT="32" STYLEREFS="StyleId-3" CONTENT="nor" WC="0.61" CC="605" />
            <SP ID="P96_SP00329" WIDTH="0" HPOS="0" VPOS="0" />
            <String ID="P96_S00363" HPOS="522" VPOS="2271" WIDTH="67" HEIGHT="41" STYLEREFS="StyleId-3" CONTENT="the" WC="0.706666648" CC="800" />
            <SP ID="P96_SP00330" WIDTH="0" HPOS="0" VPOS="0" />
            <String ID="P96_S00364" HPOS="604" VPOS="2272" WIDTH="203" HEIGHT="40" STYLEREFS="StyleId-3" CONTENT="afflictions" WC="0.8" CC="01111004076" />
            <SP ID="P96_SP00331" WIDTH="0" HPOS="0" VPOS="0" />
            <String ID="P96_S00365" HPOS="830" VPOS="2274" WIDTH="42" HEIGHT="38" STYLEREFS="StyleId-3" CONTENT="of" WC="0.845" CC="03" />
            <SP ID="P96_SP00332" WIDTH="0" HPOS="0" VPOS="0" />
            <String ID="P96_S00366" HPOS="887" VPOS="2275" WIDTH="90" HEIGHT="42" STYLEREFS="StyleId-3" CONTENT="him," WC="0.6275" CC="7034" />
            <SP ID="P96_SP00333" WIDTH="0" HPOS="0" VPOS="0" />
            <String ID="P96_S00367" HPOS="993" VPOS="2276" WIDTH="126" HEIGHT="41" STYLEREFS="StyleId-3" CONTENT="whose" WC="0.726" CC="70060" />
            <SP ID="P96_SP00334" WIDTH="0" HPOS="0" VPOS="0" />
            <String ID="P96_S00368" HPOS="1132" VPOS="2277" WIDTH="113" HEIGHT="41" STYLEREFS="StyleId-3" CONTENT="equal" WC="0.822" CC="16010" />
            <SP ID="P96_SP00335" WIDTH="0" HPOS="0" VPOS="0" />
            <String ID="P96_S00369" HPOS="1264" VPOS="2277" WIDTH="47" HEIGHT="41" STYLEREFS="StyleId-3" CONTENT="he" WC="0.94" CC="01" />
            <SP ID="P96_SP00336" WIDTH="0" HPOS="0" VPOS="0" />
            <String ID="P96_S00370" HPOS="1323" VPOS="2278" WIDTH="73" HEIGHT="40" STYLEREFS="StyleId-3" CONTENT="has" WC="0.46" CC="1006" />
            <SP ID="P96_SP00337" WIDTH="0" HPOS="0" VPOS="0" />
            <String ID="P96_S00371" HPOS="1409" VPOS="2278" WIDTH="93" HEIGHT="40" STYLEREFS="StyleId-3" CONTENT="been" WC="0.7675" CC="0027" />
            <SP ID="P96_SP00338" WIDTH="0" HPOS="0" VPOS="0" />
            <String ID="P96_S00372" HPOS="1517" VPOS="2278" WIDTH="171" HEIGHT="40" STYLEREFS="StyleId-3" CONTENT="declared" WC="0.9475" CC="00000400" />
            <SP ID="P96_SP00339" WIDTH="0" HPOS="0" VPOS="0" />
            <String ID="P96_S00373" HPOS="1701" VPOS="2281" WIDTH="46" HEIGHT="37" STYLEREFS="StyleId-3" CONTENT="to" WC="1" CC="00" />
            <SP ID="P96_SP00340" WIDTH="0" HPOS="0" VPOS="0" />
            <String ID="P96_S00374" HPOS="1760" VPOS="2279" WIDTH="59" HEIGHT="44" STYLEREFS="StyleId-3" CONTENT="be," WC="0.87" CC="003" />
          </TextLine>
          <TextLine ID="P96_TL00035" HPOS="301" VPOS="2324" WIDTH="1191" HEIGHT="51">
            <String ID="P96_S00375" HPOS="301" VPOS="2324" WIDTH="77" HEIGHT="34" STYLEREFS="StyleId-3" CONTENT="and" WC="0.5966667" CC="470" />
            <SP ID="P96_SP00341" WIDTH="0" HPOS="0" VPOS="0" />
            <String ID="P96_S00376" HPOS="392" VPOS="2324" WIDTH="44" HEIGHT="35" STYLEREFS="StyleId-3" CONTENT="he" WC="0.615" CC="70" />
            <SP ID="P96_SP00342" WIDTH="0" HPOS="0" VPOS="0" />
            <String ID="P96_S00377" HPOS="450" VPOS="2328" WIDTH="145" HEIGHT="33" STYLEREFS="StyleId-3" CONTENT="cannot" WC="0.563333333" CC="070718" />
            <SP ID="P96_SP00343" WIDTH="0" HPOS="0" VPOS="0" />
            <String ID="P96_S00378" HPOS="609" VPOS="2330" WIDTH="98" HEIGHT="32" STYLEREFS="StyleId-3" CONTENT="meet" WC="0.385" CC="8059" />
            <SP ID="P96_SP00344" WIDTH="0" HPOS="0" VPOS="0" />
            <String ID="P96_S00379" HPOS="721" VPOS="2328" WIDTH="78" HEIGHT="34" STYLEREFS="StyleId-3" CONTENT="him" WC="0.35" CC="1045" />
            <SP ID="P96_SP00345" WIDTH="0" HPOS="0" VPOS="0" />
            <String ID="P96_S00380" HPOS="814" VPOS="2337" WIDTH="105" HEIGHT="35" STYLEREFS="StyleId-3" CONTENT="upon" WC="0.2325" CC="7877" />
            <SP ID="P96_SP00346" WIDTH="0" HPOS="0" VPOS="0" />
            <String ID="P96_S00381" HPOS="933" VPOS="2330" WIDTH="73" HEIGHT="42" STYLEREFS="StyleId-3" CONTENT="fair" WC="0.6625" CC="0247" />
            <SP ID="P96_SP00347" WIDTH="0" HPOS="0" VPOS="0" />
            <String ID="P96_S00382" HPOS="1019" VPOS="2332" WIDTH="118" HEIGHT="40" STYLEREFS="StyleId-3" CONTENT="terms" WC="0.518" CC="05378" />
            <SP ID="P96_SP00348" WIDTH="0" HPOS="0" VPOS="0" />
            <String ID="P96_S00383" HPOS="1151" VPOS="2331" WIDTH="40" HEIGHT="41" STYLEREFS="StyleId-3" CONTENT="in" WC="0.22" CC="87" />
            <SP ID="P96_SP00349" WIDTH="0" HPOS="0" VPOS="0" />
            <String ID="P96_S00384" HPOS="1204" VPOS="2331" WIDTH="59" HEIGHT="41" STYLEREFS="StyleId-3" CONTENT="life" WC="0.6975" CC="4061" />
            <SP ID="P96_SP00350" WIDTH="0" HPOS="0" VPOS="0" />
            <String ID="P96_S00385" HPOS="1279" VPOS="2341" WIDTH="44" HEIGHT="31" STYLEREFS="StyleId-3" CONTENT="or" WC="0.645" CC="07" />
            <SP ID="P96_SP00351" WIDTH="0" HPOS="0" VPOS="0" />
            <String ID="P96_S00386" HPOS="1339" VPOS="2332" WIDTH="154" HEIGHT="40" STYLEREFS="StyleId-3" CONTENT="death.&quot;" WC="0.331428558" CC="92891041" />
          </TextLine>
          <TextLine ID="P96_TL00036" HPOS="399" VPOS="2401" WIDTH="1421" HEIGHT="64">
            <String ID="P96_S00387" HPOS="399" VPOS="2401" WIDTH="376" HEIGHT="58" STYLEREFS="StyleId-2" CONTENT="DeTocqueville," WC="0.84" CC="71001070000004" />
            <SP ID="P96_SP00352" WIDTH="0" HPOS="0" VPOS="0" />
            <String ID="P96_S00388" HPOS="797" VPOS="2418" WIDTH="55" HEIGHT="41" STYLEREFS="StyleId-2" CONTENT="as" WC="0.68" CC="06" />
            <SP ID="P96_SP00353" WIDTH="0" HPOS="0" VPOS="0" />
            <String ID="P96_S00389" HPOS="878" VPOS="2406" WIDTH="41" HEIGHT="53" STYLEREFS="StyleId-2" CONTENT="is" WC="0.74" CC="05" />
            <SP ID="P96_SP00354" WIDTH="0" HPOS="0" VPOS="0" />
            <String ID="P96_S00390" HPOS="946" VPOS="2419" WIDTH="119" HEIGHT="40" STYLEREFS="StyleId-2" CONTENT="seen," WC="0.636" CC="70073" />
            <SP ID="P96_SP00355" WIDTH="0" HPOS="0" VPOS="0" />
            <String ID="P96_S00391" HPOS="1085" VPOS="2408" WIDTH="149" HEIGHT="51" STYLEREFS="StyleId-2" CONTENT="wrote" WC="0.666" CC="97000" />
            <SP ID="P96_SP00356" WIDTH="0" HPOS="0" VPOS="0" />
            <String ID="P96_S00392" HPOS="1258" VPOS="2406" WIDTH="116" HEIGHT="53" STYLEREFS="StyleId-2" CONTENT="with" WC="1" CC="0000" />
            <SP ID="P96_SP00357" WIDTH="0" HPOS="0" VPOS="0" />
            <String ID="P96_S00393" HPOS="1400" VPOS="2408" WIDTH="140" HEIGHT="51" STYLEREFS="StyleId-2" CONTENT="much" WC="0.765" CC="1700" />
            <SP ID="P96_SP00358" WIDTH="0" HPOS="0" VPOS="0" />
            <String ID="P96_S00394" HPOS="1563" VPOS="2409" WIDTH="257" HEIGHT="50" STYLEREFS="StyleId-2" CONTENT="bitterness" WC="0.59" CC="10500077046" />
          </TextLine>
          <TextLine ID="P96_TL00037" HPOS="301" VPOS="2477" WIDTH="1520" HEIGHT="63">
            <String ID="P96_S00395" HPOS="301" VPOS="2479" WIDTH="94" HEIGHT="42" STYLEREFS="StyleId-2" CONTENT="and" WC="0.793333352" CC="060" />
            <SP ID="P96_SP00359" WIDTH="0" HPOS="0" VPOS="0" />
            <String ID="P96_S00396" HPOS="422" VPOS="2493" WIDTH="226" HEIGHT="41" STYLEREFS="StyleId-2" CONTENT="sarcasm," WC="0.7225" CC="60600404" />
            <SP ID="P96_SP00360" WIDTH="0" HPOS="0" VPOS="0" />
            <String ID="P96_S00397" HPOS="680" VPOS="2482" WIDTH="110" HEIGHT="52" STYLEREFS="StyleId-2" CONTENT="and," WC="0.7175" CC="0604" />
            <SP ID="P96_SP00361" WIDTH="0" HPOS="0" VPOS="0" />
            <String ID="P96_S00398" HPOS="811" VPOS="2482" WIDTH="41" HEIGHT="52" STYLEREFS="StyleId-2" CONTENT="it" WC="1" CC="00" />
            <SP ID="P96_SP00362" WIDTH="0" HPOS="0" VPOS="0" />
            <String ID="P96_S00399" HPOS="877" VPOS="2482" WIDTH="40" HEIGHT="52" STYLEREFS="StyleId-2" CONTENT="is" WC="0.48" CC="45" />
            <SP ID="P96_SP00363" WIDTH="0" HPOS="0" VPOS="0" />
            <String ID="P96_S00400" HPOS="944" VPOS="2482" WIDTH="89" HEIGHT="52" STYLEREFS="StyleId-2" CONTENT="but" WC="0.183333337" CC="878" />
            <SP ID="P96_SP00364" WIDTH="0" HPOS="0" VPOS="0" />
            <String ID="P96_S00401" HPOS="1059" VPOS="2481" WIDTH="91" HEIGHT="53" STYLEREFS="StyleId-2" CONTENT="fair" WC="0.4975" CC="51005" />
            <SP ID="P96_SP00365" WIDTH="0" HPOS="0" VPOS="0" />
            <String ID="P96_S00402" HPOS="1174" VPOS="2484" WIDTH="56" HEIGHT="50" STYLEREFS="StyleId-2" CONTENT="to" WC="0.63" CC="07" />
            <SP ID="P96_SP00366" WIDTH="0" HPOS="0" VPOS="0" />
            <String ID="P96_S00403" HPOS="1258" VPOS="2484" WIDTH="144" HEIGHT="51" STYLEREFS="StyleId-2" CONTENT="state," WC="0.75666666" CC="700034" />
            <SP ID="P96_SP00367" WIDTH="0" HPOS="0" VPOS="0" />
            <String ID="P96_S00404" HPOS="1423" VPOS="2485" WIDTH="164" HEIGHT="50" STYLEREFS="StyleId-2" CONTENT="makes" WC="0.562" CC="60347" />
            <SP ID="P96_SP00368" WIDTH="0" HPOS="0" VPOS="0" />
            <String ID="P96_S00405" HPOS="1613" VPOS="2499" WIDTH="64" HEIGHT="36" STYLEREFS="StyleId-2" CONTENT="no" WC="0.58" CC="70" />
            <SP ID="P96_SP00369" WIDTH="0" HPOS="0" VPOS="0" />
            <String ID="P96_S00406" HPOS="1706" VPOS="2487" WIDTH="115" HEIGHT="48" STYLEREFS="StyleId-2" CONTENT="allu-" WC="0.852" CC="00160" />
          </TextLine>
          <TextLine ID="P96_TL00038" HPOS="299" VPOS="2542" WIDTH="1527" HEIGHT="66">
            <String ID="P96_S00407" HPOS="298" VPOS="2545" WIDTH="138" HEIGHT="42" STYLEREFS="StyleId-2" CONTENT="usion" WC="0.576" CC="77006" />
            <SP ID="P96_SP00370" WIDTH="0" HPOS="0" VPOS="0" />
            <String ID="P96_S00408" HPOS="470" VPOS="2548" WIDTH="55" HEIGHT="41" STYLEREFS="StyleId-2" CONTENT="to" WC="1" CC="00" />
            <SP ID="P96_SP00371" WIDTH="0" HPOS="0" VPOS="0" />
            <String ID="P96_S00409" HPOS="563" VPOS="2560" WIDTH="97" HEIGHT="42" STYLEREFS="StyleId-2" CONTENT="any" WC="0.52" CC="077" />
            <SP ID="P96_SP00372" WIDTH="0" HPOS="0" VPOS="0" />
            <String ID="P96_S00410" HPOS="694" VPOS="2548" WIDTH="273" HEIGHT="54" STYLEREFS="StyleId-2" CONTENT="exceptions" WC="0.781" CC="0900000065" />
            <SP ID="P96_SP00373" WIDTH="0" HPOS="0" VPOS="0" />
            <String ID="P96_S00411" HPOS="1002" VPOS="2549" WIDTH="55" HEIGHT="53" STYLEREFS="StyleId-2" CONTENT="to" WC="0.47" CC="91" />
            <SP ID="P96_SP00374" WIDTH="0" HPOS="0" VPOS="0" />
            <String ID="P96_S00412" HPOS="1093" VPOS="2546" WIDTH="82" HEIGHT="56" STYLEREFS="StyleId-2" CONTENT="the" WC="0.37" CC="6102" />
            <SP ID="P96_SP00375" WIDTH="0" HPOS="0" VPOS="0" />
            <String ID="P96_S00413" HPOS="1216" VPOS="2547" WIDTH="198" HEIGHT="55" STYLEREFS="StyleId-2" CONTENT="various" WC="0.491428584" CC="0683176" />
            <SP ID="P96_SP00376" WIDTH="0" HPOS="0" VPOS="0" />
            <String ID="P96_S00414" HPOS="1457" VPOS="2550" WIDTH="270" HEIGHT="52" STYLEREFS="StyleId-2" CONTENT="conditions" WC="0.852" CC="0060000106" />
            <SP ID="P96_SP00377" WIDTH="0" HPOS="0" VPOS="0" />
            <String ID="P96_S00415" HPOS="1772" VPOS="2552" WIDTH="54" HEIGHT="50" STYLEREFS="StyleId-2" CONTENT="of" WC="0.615" CC="52" />
          </TextLine>
          <TextLine ID="P96_TL00039" HPOS="299" VPOS="2607" WIDTH="1520" HEIGHT="63">
            <String ID="P96_S00416" HPOS="299" VPOS="2611" WIDTH="160" HEIGHT="43" STYLEREFS="StyleId-2" CONTENT="affairs" WC="0.568571448" CC="0770266" />
            <SP ID="P96_SP00378" WIDTH="0" HPOS="0" VPOS="0" />
            <String ID="P96_S00417" HPOS="477" VPOS="2612" WIDTH="116" HEIGHT="43" STYLEREFS="StyleId-2" CONTENT="that" WC="1" CC="0000" />
            <SP ID="P96_SP00379" WIDTH="0" HPOS="0" VPOS="0" />
            <String ID="P96_S00418" HPOS="610" VPOS="2613" WIDTH="59" HEIGHT="42" STYLEREFS="StyleId-2" CONTENT="he" WC="1" CC="00" />
            <SP ID="P96_SP00380" WIDTH="0" HPOS="0" VPOS="0" />
            <String ID="P96_S00419" HPOS="686" VPOS="2613" WIDTH="254" HEIGHT="42" STYLEREFS="StyleId-2" CONTENT="mentions." WC="0.7411111" CC="007000753" />
            <SP ID="P96_SP00381" WIDTH="0" HPOS="0" VPOS="0" />
            <String ID="P96_S00420" HPOS="994" VPOS="2611" WIDTH="58" HEIGHT="44" STYLEREFS="StyleId-2" CONTENT="In" WC="0.43" CC="46" />
            <SP ID="P96_SP00382" WIDTH="0" HPOS="0" VPOS="0" />
            <String ID="P96_S00421" HPOS="1079" VPOS="2611" WIDTH="64" HEIGHT="44" STYLEREFS="StyleId-2" CONTENT="all" WC="1" CC="000" />
            <SP ID="P96_SP00383" WIDTH="0" HPOS="0" VPOS="0" />
            <String ID="P96_S00422" HPOS="1169" VPOS="2623" WIDTH="129" HEIGHT="32" STYLEREFS="StyleId-2" CONTENT="cases" WC="0.66" CC="00637" />
            <SP ID="P96_SP00384" WIDTH="0" HPOS="0" VPOS="0" />
            <String ID="P96_S00423" HPOS="1325" VPOS="2615" WIDTH="204" HEIGHT="40" STYLEREFS="StyleId-2" CONTENT="matters" WC="0.774285734" CC="0040073" />
            <SP ID="P96_SP00385" WIDTH="0" HPOS="0" VPOS="0" />
            <String ID="P96_S00424" HPOS="1555" VPOS="2615" WIDTH="156" HEIGHT="54" STYLEREFS="StyleId-2" CONTENT="might" WC="0.486" CC="071008" />
            <SP ID="P96_SP00386" WIDTH="0" HPOS="0" VPOS="0" />
            <String ID="P96_S00425" HPOS="1728" VPOS="2619" WIDTH="91" HEIGHT="50" STYLEREFS="StyleId-2" CONTENT="not" WC="1" CC="000" />
          </TextLine>
          <TextLine ID="P96_TL00040" HPOS="296" VPOS="2671" WIDTH="1524" HEIGHT="66">
            <String ID="P96_S00426" HPOS="296" VPOS="2676" WIDTH="124" HEIGHT="45" STYLEREFS="StyleId-2" CONTENT="have" WC="0.85" CC="0006" />
            <SP ID="P96_SP00387" WIDTH="0" HPOS="0" VPOS="0" />
            <String ID="P96_S00427" HPOS="437" VPOS="2678" WIDTH="116" HEIGHT="43" STYLEREFS="StyleId-2" CONTENT="been" WC="0.815" CC="0007" />
            <SP ID="P96_SP00388" WIDTH="0" HPOS="0" VPOS="0" />
            <String ID="P96_S00428" HPOS="579" VPOS="2679" WIDTH="191" HEIGHT="53" STYLEREFS="StyleId-2" CONTENT="exactly" WC="0.9342857" CC="0000040" />
            <SP ID="P96_SP00389" WIDTH="0" HPOS="0" VPOS="0" />
            <String ID="P96_S00429" HPOS="797" VPOS="2691" WIDTH="55" HEIGHT="41" STYLEREFS="StyleId-2" CONTENT="as" WC="0.825" CC="03" />
            <SP ID="P96_SP00390" WIDTH="0" HPOS="0" VPOS="0" />
            <String ID="P96_S00430" HPOS="878" VPOS="2677" WIDTH="99" HEIGHT="55" STYLEREFS="StyleId-2" CONTENT="bad" WC="0.6666667" CC="1000" />
            <SP ID="P96_SP00391" WIDTH="0" HPOS="0" VPOS="0" />
            <String ID="P96_S00431" HPOS="1005" VPOS="2687" WIDTH="55" HEIGHT="45" STYLEREFS="StyleId-2" CONTENT="as" WC="0.625" CC="07" />
            <SP ID="P96_SP00392" WIDTH="0" HPOS="0" VPOS="0" />
            <String ID="P96_S00432" HPOS="1085" VPOS="2676" WIDTH="59" HEIGHT="56" STYLEREFS="StyleId-2" CONTENT="he" WC="0.46" CC="100" />
            <SP ID="P96_SP00393" WIDTH="0" HPOS="0" VPOS="0" />
            <String ID="P96_S00433" HPOS="1169" VPOS="2675" WIDTH="204" HEIGHT="57" STYLEREFS="StyleId-2" CONTENT="pictures" WC="0.74875" CC="00007606" />
            <SP ID="P96_SP00394" WIDTH="0" HPOS="0" VPOS="0" />
            <String ID="P96_S00434" HPOS="1398" VPOS="2678" WIDTH="145" HEIGHT="54" STYLEREFS="StyleId-2" CONTENT="them," WC="0.91" CC="00004" />
            <SP ID="P96_SP00395" WIDTH="0" HPOS="0" VPOS="0" />
            <String ID="P96_S00435" HPOS="1563" VPOS="2679" WIDTH="90" HEIGHT="53" STYLEREFS="StyleId-2" CONTENT="but" WC="0.75666666" CC="070" />
            <SP ID="P96_SP00396" WIDTH="0" HPOS="0" VPOS="0" />
            <String ID="P96_S00436" HPOS="1672" VPOS="2693" WIDTH="55" HEIGHT="39" STYLEREFS="StyleId-2" CONTENT="as" WC="0.72" CC="05" />
            <SP ID="P96_SP00397" WIDTH="0" HPOS="0" VPOS="0" />
            <String ID="P96_S00437" HPOS="1745" VPOS="2681" WIDTH="75" HEIGHT="51" STYLEREFS="StyleId-2" CONTENT="far" WC="0.7733333" CC="006" />
          </TextLine>
          <TextLine ID="P96_TL00041" HPOS="299" VPOS="2736" WIDTH="1520" HEIGHT="70">
            <String ID="P96_S00438" HPOS="298" VPOS="2756" WIDTH="54" HEIGHT="30" STYLEREFS="StyleId-2" CONTENT="as" WC="0.655" CC="06" />
            <SP ID="P96_SP00398" WIDTH="0" HPOS="0" VPOS="0" />
            <String ID="P96_S00439" HPOS="371" VPOS="2744" WIDTH="82" HEIGHT="43" STYLEREFS="StyleId-2" CONTENT="the" WC="1" CC="000" />
            <SP ID="P96_SP00399" WIDTH="0" HPOS="0" VPOS="0" />
            <String ID="P96_S00440" HPOS="472" VPOS="2743" WIDTH="297" HEIGHT="57" STYLEREFS="StyleId-2" CONTENT="deep-seated" WC="0.5709091" CC="1010006099010" />
            <SP ID="P96_SP00400" WIDTH="0" HPOS="0" VPOS="0" />
            <String ID="P96_S00441" HPOS="787" VPOS="2742" WIDTH="232" HEIGHT="58" STYLEREFS="StyleId-2" CONTENT="prejudice" WC="0.765555561" CC="060571000" />
            <SP ID="P96_SP00401" WIDTH="0" HPOS="0" VPOS="0" />
            <String ID="P96_S00442" HPOS="1039" VPOS="2740" WIDTH="194" HEIGHT="60" STYLEREFS="StyleId-2" CONTENT="against" WC="0.6571429" CC="0002758" />
            <SP ID="P96_SP00402" WIDTH="0" HPOS="0" VPOS="0" />
            <String ID="P96_S00443" HPOS="1250" VPOS="2741" WIDTH="82" HEIGHT="59" STYLEREFS="StyleId-2" CONTENT="the" WC="1" CC="000" />
            <SP ID="P96_SP00403" WIDTH="0" HPOS="0" VPOS="0" />
            <String ID="P96_S00444" HPOS="1349" VPOS="2755" WIDTH="210" HEIGHT="45" STYLEREFS="StyleId-2" CONTENT="negroes," WC="0.72" CC="00072174" />
            <SP ID="P96_SP00404" WIDTH="0" HPOS="0" VPOS="0" />
            <String ID="P96_S00445" HPOS="1573" VPOS="2746" WIDTH="95" HEIGHT="54" STYLEREFS="StyleId-2" CONTENT="and" WC="0.5733333" CC="075" />
            <SP ID="P96_SP00405" WIDTH="0" HPOS="0" VPOS="0" />
            <String ID="P96_S00446" HPOS="1687" VPOS="2746" WIDTH="132" HEIGHT="54" STYLEREFS="StyleId-2" CONTENT="indif¬" WC="0.725" CC="070054" />
          </TextLine>
          <TextLine ID="P96_TL00042" HPOS="296" VPOS="2801" WIDTH="1523" HEIGHT="66">
            <String ID="P96_S00447" HPOS="296" VPOS="2809" WIDTH="174" HEIGHT="44" STYLEREFS="StyleId-2" CONTENT="ference" WC="0.768571436" CC="2060700" />
            <SP ID="P96_SP00406" WIDTH="0" HPOS="0" VPOS="0" />
            <String ID="P96_S00448" HPOS="494" VPOS="2812" WIDTH="58" HEIGHT="41" STYLEREFS="StyleId-2" CONTENT="to" WC="1" CC="00" />
            <SP ID="P96_SP00407" WIDTH="0" HPOS="0" VPOS="0" />
            <String ID="P96_S00449" HPOS="578" VPOS="2809" WIDTH="127" HEIGHT="44" STYLEREFS="StyleId-2" CONTENT="their" WC="0.86" CC="00007" />
            <SP ID="P96_SP00408" WIDTH="0" HPOS="0" VPOS="0" />
            <String ID="P96_S00450" HPOS="729" VPOS="2808" WIDTH="158" HEIGHT="54" STYLEREFS="StyleId-2" CONTENT="rights" WC="0.728333354" CC="720006" />
            <SP ID="P96_SP00409" WIDTH="0" HPOS="0" VPOS="0" />
            <String ID="P96_S00451" HPOS="914" VPOS="2806" WIDTH="97" HEIGHT="56" STYLEREFS="StyleId-2" CONTENT="and" WC="0.75333333" CC="070" />
            <SP ID="P96_SP00410" WIDTH="0" HPOS="0" VPOS="0" />
            <String ID="P96_S00452" HPOS="1046" VPOS="2805" WIDTH="238" HEIGHT="57" STYLEREFS="StyleId-2" CONTENT="elevation" WC="0.7911111" CC="022008060" />
            <SP ID="P96_SP00411" WIDTH="0" HPOS="0" VPOS="0" />
            <String ID="P96_S00453" HPOS="1319" VPOS="2819" WIDTH="80" HEIGHT="43" STYLEREFS="StyleId-2" CONTENT="are" WC="0.7866667" CC="060" />
            <SP ID="P96_SP00412" WIDTH="0" HPOS="0" VPOS="0" />
            <String ID="P96_S00454" HPOS="1433" VPOS="2810" WIDTH="266" HEIGHT="53" STYLEREFS="StyleId-2" CONTENT="concerned," WC="0.829" CC="0000066003" />
            <SP ID="P96_SP00413" WIDTH="0" HPOS="0" VPOS="0" />
            <String ID="P96_S00455" HPOS="1736" VPOS="2811" WIDTH="83" HEIGHT="52" STYLEREFS="StyleId-2" CONTENT="the" WC="1" CC="000" />
          </TextLine>
          <TextLine ID="P96_TL00043" HPOS="295" VPOS="2866" WIDTH="1420" HEIGHT="68">
            <String ID="P96_S00456" HPOS="295" VPOS="2875" WIDTH="123" HEIGHT="44" STYLEREFS="StyleId-2" CONTENT="facts" WC="0.844" CC="00007" />
            <SP ID="P96_SP00414" WIDTH="0" HPOS="0" VPOS="0" />
            <String ID="P96_S00457" HPOS="436" VPOS="2876" WIDTH="93" HEIGHT="43" STYLEREFS="StyleId-2" CONTENT="will" WC="0.975" CC="0001" />
            <SP ID="P96_SP00415" WIDTH="0" HPOS="0" VPOS="0" />
            <String ID="P96_S00458" HPOS="545" VPOS="2875" WIDTH="142" HEIGHT="53" STYLEREFS="StyleId-2" CONTENT="freely" WC="0.735" CC="407030" />
            <SP ID="P96_SP00416" WIDTH="0" HPOS="0" VPOS="0" />
            <String ID="P96_S00459" HPOS="706" VPOS="2872" WIDTH="190" HEIGHT="56" STYLEREFS="StyleId-2" CONTENT="sustain" WC="0.558571458" CC="9760007" />
            <SP ID="P96_SP00417" WIDTH="0" HPOS="0" VPOS="0" />
            <String ID="P96_S00460" HPOS="911" VPOS="2871" WIDTH="85" HEIGHT="57" STYLEREFS="StyleId-2" CONTENT="the" WC="1" CC="000" />
            <SP ID="P96_SP00418" WIDTH="0" HPOS="0" VPOS="0" />
            <String ID="P96_S00461" HPOS="1012" VPOS="2870" WIDTH="139" HEIGHT="58" STYLEREFS="StyleId-2" CONTENT="views" WC="0.874" CC="00005" />
            <SP ID="P96_SP00419" WIDTH="0" HPOS="0" VPOS="0" />
            <String ID="P96_S00462" HPOS="1170" VPOS="2883" WIDTH="55" HEIGHT="45" STYLEREFS="StyleId-2" CONTENT="so" WC="0.695" CC="60" />
            <SP ID="P96_SP00420" WIDTH="0" HPOS="0" VPOS="0" />
            <String ID="P96_S00463" HPOS="1243" VPOS="2870" WIDTH="197" HEIGHT="58" STYLEREFS="StyleId-2" CONTENT="forcibly" WC="0.845" CC="00500420" />
            <SP ID="P96_SP00421" WIDTH="0" HPOS="0" VPOS="0" />
            <String ID="P96_S00464" HPOS="1457" VPOS="2875" WIDTH="258" HEIGHT="53" STYLEREFS="StyleId-2" CONTENT="presented." WC="0.911" CC="0302010001" />
          </TextLine>
          <TextLine ID="P96_TL00044" HPOS="396" VPOS="2930" WIDTH="1422" HEIGHT="70">
            <String ID="P96_S00465" HPOS="396" VPOS="2942" WIDTH="111" HEIGHT="42" STYLEREFS="StyleId-2" CONTENT="The*" WC="0.4525" CC="51033" />
            <SP ID="P96_SP00422" WIDTH="0" HPOS="0" VPOS="0" />
            <String ID="P96_S00466" HPOS="521" VPOS="2951" WIDTH="148" HEIGHT="43" STYLEREFS="StyleId-2" CONTENT="negro" WC="0.412" CC="1001062" />
            <SP ID="P96_SP00423" WIDTH="0" HPOS="0" VPOS="0" />
            <String ID="P96_S00467" HPOS="696" VPOS="2937" WIDTH="99" HEIGHT="57" STYLEREFS="StyleId-2" CONTENT="had" WC="0.0366666652" CC="10810" />
            <SP ID="P96_SP00424" WIDTH="0" HPOS="0" VPOS="0" />
            <String ID="P96_S00468" HPOS="821" VPOS="2948" WIDTH="65" HEIGHT="46" STYLEREFS="StyleId-2" CONTENT="no" WC="0.5" CC="100" />
            <SP ID="P96_SP00425" WIDTH="0" HPOS="0" VPOS="0" />
            <String ID="P96_S00469" HPOS="912" VPOS="2934" WIDTH="346" HEIGHT="60" STYLEREFS="StyleId-2" CONTENT="remembrance" WC="0.67" CC="40500059712" />
            <SP ID="P96_SP00426" WIDTH="0" HPOS="0" VPOS="0" />
            <String ID="P96_S00470" HPOS="1278" VPOS="2935" WIDTH="51" HEIGHT="59" STYLEREFS="StyleId-2" CONTENT="of" WC="0.67" CC="06" />
            <SP ID="P96_SP00427" WIDTH="0" HPOS="0" VPOS="0" />
            <String ID="P96_S00471" HPOS="1348" VPOS="2936" WIDTH="83" HEIGHT="58" STYLEREFS="StyleId-2" CONTENT="the" WC="0.456666678" CC="870" />
            <SP ID="P96_SP00428" WIDTH="0" HPOS="0" VPOS="0" />
            <String ID="P96_S00472" HPOS="1450" VPOS="2941" WIDTH="201" HEIGHT="53" STYLEREFS="StyleId-2" CONTENT="country" WC="0.7057143" CC="1470070" />
            <SP ID="P96_SP00429" WIDTH="0" HPOS="0" VPOS="0" />
            <String ID="P96_S00473" HPOS="1673" VPOS="2939" WIDTH="52" HEIGHT="55" STYLEREFS="StyleId-2" CONTENT="of" WC="0.66" CC="42" />
            <SP ID="P96_SP00430" WIDTH="0" HPOS="0" VPOS="0" />
            <String ID="P96_S00474" HPOS="1744" VPOS="2939" WIDTH="74" HEIGHT="55" STYLEREFS="StyleId-2" CONTENT="his" WC="0.486666679" CC="707" />
          </TextLine>
        </TextBlock>
      </PrintSpace>
    </Page>
  </Layout>
</alto>