2200 3300
841 306 106 44 The
973 304 124 46 War
1124 316 63 34 of
1216 304 144 46 1775.

1800 299 62 42 33

328 440 71 45 ing
419 441 259 44 generations.
720 441 87 44 And
827 440 151 45 though
993 440 67 45 the
1073 439 212 46 murderers
1299 449 92 36 may
1405 448 133 37 escape
1550 437 67 48 the
1626 437 85 48 just
1723 439 141 46 resent¬

332 499 108 33 ment
455 497 44 35 of
529 508 53 24 an
601 497 167 44 enraged
788 497 151 44 people;
961 496 153 45 though
1136 495 151 46 drowsy
1302 494 147 47 justice,
1466 493 238 48 intoxicated
1724 494 54 47 by
1797 493 67 48 the

331 553 216 42 poisonous
563 552 106 43 draft
682 553 185 44 prepared
881 553 60 44 for
955 551 66 46 her
1035 562 83 35 cup,
1135 550 79 47 still
1227 550 99 47 nods
1340 560 105 37 upon
1459 550 67 47 her
1538 552 133 45 rotten
1686 551 96 46 seat,
1798 551 67 46 yet

332 608 48 34 be
401 609 171 43 assured,
603 609 92 43 such
716 608 252 44 complicated
988 607 132 45 crimes
1141 607 73 45 will
1240 608 100 44 meet
1366 606 100 46 their
1494 606 72 46 due
1585 606 157 46 reward.
1786 604 79 48 Tell

333 674 72 33 me,
421 674 48 33 ye
482 664 148 43 bloody
643 664 198 43 butchers!
863 674 47 33 ye
930 663 151 44 villains
1102 662 92 45 high
1216 661 78 46 and
1314 661 90 46 low!
1427 671 47 36 ye
1487 661 178 46 wretches
1679 661 84 46 who
1779 671 87 36 con¬

332 719 141 43 trived,
491 730 45 32 as
550 720 81 42 well
652 730 45 32 as
718 730 80 32 you
825 719 84 43 who
931 718 179 44 executed
1128 718 68 44 the
1215 717 186 45 inhuman
1422 717 110 45 deed!
1554 716 51 46 do
1620 727 80 35 you
1713 718 73 44 not
1798 716 68 46 feel

334 775 68 34 the
423 775 127 43 goads
573 776 78 42 and
667 775 124 43 stings
807 775 43 43 of
866 774 198 44 conscious
1078 774 99 44 guilt
1190 773 119 45 pierce
1323 773 171 45 through
1508 782 100 36 your
1621 782 145 36 savage
1779 772 87 46 bos¬

337 831 112 34 oms?
491 831 167 42 Though
687 841 105 32 some
821 830 43 43 of
879 840 80 33 you
985 840 93 33 may
1098 829 112 44 think
1230 828 218 45 yourselves
1469 827 151 46 exalted
1634 829 44 44 to
1695 838 25 35 a
1733 827 134 46 height

336 885 95 35 that
458 886 87 35 bids
574 887 166 34 defiance
766 888 46 33 to
840 886 146 35 human
1015 885 147 43 justice,
1193 884 78 44 and
1305 884 130 44 others
1470 883 144 45 shroud
1647 883 219 45 yourselves

336 941 169 35 beneath
532 942 67 34 the
620 942 113 34 mask
748 941 44 35 of
806 941 217 43 hypocrisy,
1041 942 77 42 and
1138 940 106 44 build
1271 950 99 34 your
1390 939 118 45 hopes
1524 939 43 45 of
1583 938 124 46 safety
1729 949 51 35 on
1800 938 67 46 the

337 997 74 34 low
427 1000 85 31 arts
528 997 44 34 of
586 997 181 42 cunning,
781 996 199 43 chicanery
995 996 78 43 and
1086 995 216 44 falsehood;
1323 997 68 42 yet
1405 996 50 43 do
1468 1005 80 34 you
1563 996 72 43 not
1649 993 218 46 sometimes

337 1052 68 34 feel
419 1052 67 34 the
511 1052 202 43 gnawings
729 1052 43 43 of
787 1052 94 43 that
907 1062 119 33 worm
1054 1051 118 44 which
1199 1061 112 34 never
1338 1050 96 45 dies;
1465 1050 49 45 do
1543 1052 72 43 not
1634 1050 67 45 the
1721 1049 147 46 injured

339 1108 140 34 shades
502 1108 44 34 of
568 1107 203 42 Maverick,
802 1106 115 43 Gray,
941 1106 169 43 Cadwell,
1133 1106 164 43 Attucks
1326 1105 78 44 and
1431 1104 102 45 Carr,
1558 1105 136 44 attend
1721 1115 80 34 you
1827 1104 41 45 in

339 1173 101 32 your
455 1163 166 42 solitary
641 1162 137 43 walks;
797 1164 125 41 arrest
942 1172 79 33 you
1041 1161 39 44 in
1101 1161 66 44 the
1187 1160 119 45 midst
1327 1161 44 44 of
1384 1171 100 34 your
1506 1160 261 45 debaucheries
1790 1159 77 46 and

339 1218 54 34 fill
407 1228 93 24 even
514 1228 101 32 your
630 1217 151 43 dreams
797 1217 91 43 with
902 1216 151 44 terror?
1063 1215 22 45 "

441 1284 101 42 The
577 1286 198 40 orators
803 1283 54 43 of
885 1282 106 44 New
1018 1281 221 56 England
1266 1282 179 55 poured
1482 1284 88 53 out
1604 1294 131 43 upon
1768 1280 100 57 this

340 1364 118 29 once
476 1351 307 52 slave,—now
801 1349 115 54 hero
929 1348 96 55 and
1035 1348 379 55 martyr,—their
1431 1347 246 56 unstinted
1696 1347 169 56 praise.

341 1417 85 42 "We
442 1417 126 42 have
593 1417 91 42 but
710 1418 57 41 to
795 1415 140 44 recall
960 1415 83 44 the
1069 1414 297 45 recollection
1385 1414 53 45 of
1456 1414 83 45 the
1556 1413 188 46 earliest
1763 1427 107 32 con¬

342 1484 125 42 flicts
485 1483 150 43 which
660 1483 84 43 the
771 1481 207 45 colonist
1004 1480 97 46 had
1127 1480 116 46 with
1267 1480 83 46 the
1375 1479 193 53 British,
1589 1480 49 52 in
1657 1481 138 51 order
1811 1482 57 50 to

345 1563 74 30 see
436 1550 83 43 the
537 1562 147 43 negro
705 1548 266 57 occupying
990 1560 31 45 a
1038 1547 131 58 place
1186 1547 49 58 in
1251 1547 83 58 the
1351 1547 146 58 ranks
1517 1546 53 59 of
1581 1546 82 59 the
1681 1545 189 60 patriot

345 1630 155 40 army.
555 1616 142 54 Their
729 1615 143 55 white
896 1613 356 57 fellow-citizens
1277 1625 116 45 were
1419 1612 114 58 only
1556 1613 90 57 too
1671 1611 117 59 glad
1812 1613 58 57 to

345 1684 118 42 take
488 1682 191 56 ground
704 1684 57 54 to
780 1681 83 57 the
880 1681 95 57 left,
995 1680 50 58 in
1064 1680 138 58 order
1218 1679 116 59 that
1351 1678 115 60 they
1484 1678 138 60 could
1639 1677 83 61 fall
1738 1677 50 61 in
1807 1691 64 47 on

346 1749 126 42 their
498 1749 170 42 colors.
722 1747 107 44 And
864 1747 116 54 they
1015 1746 80 55 did
1129 1745 131 56 good
1287 1744 171 57 service
1491 1742 239 59 whenever
1755 1744 117 57 they

347 1815 188 55 fought,
558 1828 55 42 as
631 1815 83 55 the
731 1813 165 57 record
915 1813 168 57 shows.

449 1881 99 42 The
566 1880 281 43 Committee
866 1880 53 43 of
940 1878 155 55 safety
1121 1890 131 43 upon
1269 1876 248 57 reviewing
1532 1876 83 57 the
1634 1876 238 57 situation

348 1948 99 42 and
463 1948 85 42 the
566 1960 154 41 army,
740 1946 156 55 before
912 1946 84 55 the
1020 1946 108 55 lirst
1153 1945 140 56 great
1319 1942 156 59 battle
1494 1942 54 59 of
1566 1942 83 59 the
1674 1942 199 59 Revolu¬

347 2014 109 42 tion
472 2013 100 43 had
590 2013 117 43 been
722 2012 187 55 fought,
931 2010 212 57 adopted
1161 2010 82 57 the
1260 2008 241 59 following
1517 2008 286 59 resolution:

430 2089 227 44 "Resolved,
682 2090 106 43 That
814 2089 34 44 it
873 2089 33 44 is
932 2088 67 45 the
1028 2087 156 46 opinion
1206 2086 43 47 of
1276 2086 79 47 this
1383 2086 228 47 committee,
1628 2086 93 47 that
1742 2096 44 37 as
1807 2086 66 47 the

344 2147 157 34 contest
514 2156 87 25 now
615 2146 167 35 between
798 2143 116 38 Great
928 2143 151 38 Britain
1095 2143 78 38 and
1186 2142 66 39 the
1267 2141 170 40 Colonies
1451 2143 164 41 respects
1629 2141 66 43 the
1709 2141 164 43 liberties

347 2202 79 35 and
440 2202 199 43 privileges
655 2200 43 45 of
715 2200 66 45 the
794 2200 129 45 latter,
940 2199 118 46 which
1079 2199 66 46 the
1166 2197 171 48 Colonies
1359 2207 64 38 are
1445 2197 229 48 determined
1694 2199 45 46 to
1755 2196 119 49 main¬

344 2258 100 42 tain,
459 2258 94 42 that
565 2256 68 44 the
647 2255 213 45 admission
880 2254 45 46 of
939 2265 80 35 any
1038 2263 170 37 persons,
1225 2263 45 37 as
1291 2252 169 48 soldiers,
1476 2253 85 47 into
1583 2252 66 48 the
1663 2263 112 37 army
1787 2262 89 38 now

346 2313 157 42 raising,
527 2312 73 43 but
628 2311 91 44 such
741 2321 45 34 as
809 2320 65 35 are
901 2310 195 45 Freeman,
1121 2309 71 46 will
1218 2308 47 47 be
1291 2307 252 48 inconsistent
1564 2307 93 48 with
1682 2307 68 48 the
1776 2307 99 48 prin¬

344 2368 122 44 cipals
480 2368 94 44 that
589 2378 65 34 are
668 2366 221 46 supported,
908 2366 77 46 and
999 2362 126 50 reflect
1140 2364 184 48 dishonor
1345 2374 52 38 on
1417 2363 79 49 this
1512 2362 161 50 Colony;
1691 2362 77 50 and
1782 2363 93 49 that

346 2434 52 25 no
414 2423 132 36 Slaves
560 2423 47 36 be
622 2422 191 37 admitted
827 2421 83 38 into
925 2421 79 38 this
1020 2430 111 32 army
1145 2429 107 33 upon
1266 2429 78 33 any
1352 2418 284 44 consideration
1643 2417 229 45 whatever."

448 2490 99 42 The
564 2488 249 55 exception
830 2500 98 43 was
945 2486 101 57 well
1062 2486 163 57 taken,
1248 2485 95 58 and
1361 2485 99 58 this
1480 2486 80 57 act
1579 2484 53 59 of
1642 2484 84 59 the
1743 2482 132 61 Com¬

346 2557 180 52 mittee,
546 2555 254 54 excluding
824 2554 155 55 slaves
1005 2552 124 57 from
1153 2552 86 57 the
1263 2564 153 45 army,
1437 2550 163 59 placed
1626 2550 84 59 the
1725 2550 148 59 rebels

346 2636 134 43 upon
505 2623 83 56 the
614 2621 133 58 basis
783 2620 54 59 of
864 2619 229 60 patriots,
1122 2617 207 62 fighting
1362 2617 74 62 for
1469 2616 219 63 freedom.
1743 2616 127 63 This,

346 2691 231 50 however,
599 2688 81 53 did
698 2689 91 52 not
808 2686 189 55 detract
1022 2684 124 57 from
1170 2684 142 57 those
1328 2683 106 58 who
1453 2683 98 58 had
1571 2683 196 58 already
1785 2681 90 60 dis¬

346 2755 275 57 tinguished
639 2753 296 59 themselves,
956 2751 66 61 by
1047 2750 124 62 their
1197 2750 205 62 bravery
1429 2751 55 61 at
1510 2748 190 64 Bunker
1718 2748 98 64 Hill
1843 2761 31 51 a

346 2824 84 41 few
464 2822 150 43 weeks
648 2819 237 56 previous,
922 2818 150 57 where
1113 2815 140 60 Peter
1296 2814 168 61 Salem,
1503 2828 114 47 once
1661 2828 31 47 a
1726 2815 144 60 slave,

347 2888 176 55 fought
550 2887 98 56 side
673 2887 67 56 by
766 2886 99 57 side
888 2884 50 59 in
962 2883 85 60 the
1072 2882 148 61 ranks
1246 2881 114 62 with
1384 2883 85 60 the
1493 2881 141 62 white
1660 2881 210 62 soldiers.

348 2954 149 44 When
524 2953 83 45 the
633 2952 182 46 British
840 2950 158 55 Major
1024 2948 211 57 Pitcairn
1271 2950 229 55 mounted
1534 2949 83 56 the
1650 2949 223 56 redoubt,
