2213 3308
753 299 105 42 The
888 301 238 45 Phalanx
1153 317 47 32 in
1230 305 234 46 Virginia.

1765 313 98 42 451

342 436 143 44 army
504 428 208 57 actively
730 434 239 53 engaged;
998 435 58 52 he
1082 439 204 52 stopped
1305 439 83 52 the
1414 441 240 54 exchange
1673 443 53 52 of
1746 444 115 55 pris¬

341 504 155 37 oners,
526 493 184 48 invited
747 496 248 45 President
1023 500 211 55 Lincoln,
1265 504 115 51 then
1408 508 55 47 at
1490 505 105 55 City
1623 508 160 54 Point,
1804 513 56 49 to

340 571 137 31 come
504 563 89 40 out
622 562 97 43 and
747 576 73 31 see
846 565 83 42 the
958 578 138 43 army
1125 569 226 53 advance,
1385 572 144 50 which
1556 573 56 49 he
1640 574 94 48 did.
1788 575 75 47 He

342 629 99 40 met
461 625 157 45 Grant
635 629 50 41 in
702 630 84 42 the
804 631 97 55 city
923 631 53 55 of
989 632 303 58 Petersburg,
1315 637 129 53 amid
1463 637 83 53 the
1564 640 298 50 exultations

341 693 56 43 of
407 693 84 43 the
508 696 175 55 troops
704 696 96 55 and
820 698 83 53 the
914 699 178 54 joyous
1113 701 415 52 demonstrations
1548 705 53 48 of
1613 706 83 47 the
1713 718 147 44 negro

341 761 305 55 population.
704 761 198 55 General
920 765 91 51 Lee
1029 767 141 49 made
1188 780 63 36 no
1281 771 114 52 stop
1415 772 55 51 at
1488 768 288 57 Richmond;
1805 773 58 52 he

341 827 99 43 had
467 828 233 44 informed
737 830 232 44 Jefferson
997 832 148 44 Davis
1172 834 115 42 that
1314 835 56 41 he
1397 838 132 41 must
1556 837 107 54 give
1688 850 65 42 up
1779 839 84 53 the

341 894 113 55 city.
502 895 98 54 The
617 896 164 54 latter,
802 897 117 53 with
937 897 74 53 his
1031 900 105 50 aids
1157 898 96 52 and
1274 901 64 49 all
1355 902 83 48 the
1456 915 173 42 money
1646 903 59 54 he
1722 905 140 52 could

341 961 328 54 collect,—not
704 964 83 51 the
814 964 300 51 confederate
1140 980 162 43 paper,
1331 968 90 55 but
1447 968 84 55 the
1555 969 114 55 gold
1698 970 54 54 of
1779 971 84 53 the

343 1025 170 45 United
534 1027 527 59 States,—stampeded.

443 1092 198 46 General
668 1092 205 58 Weitzel,
903 1099 116 51 with
1055 1098 206 52 Kautz's
1298 1100 205 50 division
1540 1101 52 49 of
1620 1102 84 48 the
1739 1102 123 48 24th

344 1159 148 58 Corps
521 1162 97 55 and
647 1162 229 55 Thomas'
907 1165 96 52 and
1022 1164 289 53 Ashborne's
1331 1167 205 50 division
1556 1168 53 49 of
1628 1169 83 48 the
1739 1169 123 48 25th

342 1226 163 57 Corps,
537 1241 64 42 on
626 1229 83 54 the
736 1231 149 52 north
912 1230 99 53 side
1038 1231 54 52 of
1111 1232 83 51 the
1221 1231 163 52 James
1411 1234 137 52 river,
1578 1234 83 55 lay
1681 1234 181 56 quietly

343 1306 132 42 upon
509 1291 125 57 their
679 1308 130 40 arms
846 1297 174 55 during
1053 1298 84 54 the
1170 1299 124 55 fight
1330 1312 64 42 on
1428 1300 83 54 the
1555 1301 146 53 south
1746 1301 112 53 side.

344 1358 156 45 Grant
518 1361 116 55 kept
654 1360 190 56 Weitzel
869 1363 232 53 informed
1131 1377 54 39 as
1211 1367 56 49 to
1295 1366 83 50 the
1403 1366 173 50 results
1606 1367 52 49 of
1678 1367 83 49 the
1790 1370 71 46 at¬

342 1427 129 52 tack,
495 1427 97 52 and
610 1429 191 50 warned
820 1429 98 50 him
945 1432 56 47 to
1029 1430 57 49 be
1113 1443 64 36 on
1202 1430 83 49 the
1313 1432 122 47 alert
1463 1432 96 47 and
1579 1433 115 46 take
1720 1446 141 42 every

344 1493 282 56 advantage
662 1493 187 56 offered,
887 1497 56 52 to
980 1508 130 44 press
1145 1496 82 56 the
1271 1498 335 54 confederates.
1663 1498 197 54 General

344 1558 331 56 Longstreet's
703 1560 151 54 forces^
877 1561 98 53 had
1002 1562 115 52 been
1143 1563 49 51 in
1211 1561 230 53 Weitzel's
1468 1564 146 52 front,
1637 1565 89 51 but
1744 1578 116 38 were

343 1626 165 54 partly
543 1626 284 54 withdrawn
860 1629 57 51 to
955 1627 162 53 defend
1153 1628 311 57 Petersburg;
1501 1631 234 54 therefore
1776 1633 84 52 the

343 1691 150 43 latter
518 1692 116 55 kept
661 1693 258 56 unceasing
944 1694 116 55 vigil
1086 1707 131 42 upon
1243 1696 83 53 the
1343 1696 340 53 fortifications
1703 1697 158 52 before

343 1758 112 44 him.

446 1823 198 56 Sunday
669 1825 202 56 evening
893 1826 83 55 the
994 1826 155 55 bands
1168 1841 115 40 were
1311 1828 196 53 ordered
1535 1831 89 50 out
1650 1831 56 50 to
1726 1830 129 55 play,

346 1891 95 42 and
476 1891 41 43 it
542 1904 99 30 was
676 1892 100 42 late
811 1892 105 42 into
959 1893 83 42 the
1077 1893 140 55 night
1260 1894 131 54 when
1432 1895 126 53 their
1592 1895 265 53 melodious

344 1956 180 44 strains
551 1957 165 44 ceased
743 1960 56 41 to
827 1959 124 42 float
977 1959 214 55 through
1216 1960 83 54 the
1327 1960 85 54 air.
1467 1960 48 54 It
1532 1974 99 40 was
1660 1975 31 39 a
1717 1961 141 56 night

344 2023 116 57 long
476 2025 56 55 to
551 2024 57 56 be
626 2024 330 56 remembered,
976 2025 82 55 the
1075 2025 165 55 hearts
1260 2026 54 54 of
1325 2027 82 53 the
1425 2026 140 54 black
1584 2028 198 52 soldiers
1810 2030 52 50 of

343 2089 82 42 the
444 2090 121 42 25th
585 2089 161 57 Corps,
768 2091 264 55 gladdened
1051 2092 65 54 by
1141 2092 83 54 the
1241 2095 190 51 reports
1459 2091 53 55 of
1524 2094 83 52 the
1633 2094 224 52 victories

345 2155 52 42 of
409 2156 82 42 the
508 2158 174 53 troops
710 2156 158 55 before
887 2157 300 55 Petersburg,
1217 2171 116 41 were
1362 2159 225 54 jubilant,
1619 2160 95 53 and
1742 2160 115 53 with

343 2221 206 56 vigilant
576 2222 156 55 watch
759 2223 115 54 each
900 2223 171 54 looked
1099 2224 74 53 for
1191 2224 237 55 morning.
1483 2224 132 55 They
1641 2238 115 41 were
1773 2226 84 53 im¬

344 2288 189 54 patient
559 2288 75 54 for
659 2289 83 53 the
768 2289 137 55 light,
935 2290 97 54 and
1051 2303 74 41 ere
1151 2290 40 54 it
1218 2289 196 55 dawned
1433 2291 116 54 they
1566 2304 116 41 were
1707 2292 151 54 ready

344 2353 73 43 for
436 2355 80 42 the
535 2357 139 40 onset
692 2355 147 43 which
858 2356 117 55 they
994 2356 203 55 believed
1217 2359 131 52 must
1366 2369 131 42 come
1515 2357 119 54 with
1649 2357 54 54 it.
1758 2356 99 55 The

342 2433 166 42 enemy
524 2421 158 54 whom
700 2422 116 54 they
835 2422 237 54 supposed
1101 2435 114 41 were
1233 2423 257 54 preparing
1507 2424 56 53 to
1591 2423 107 54 give
1724 2422 132 55 them

344 2486 168 53 battle,
559 2500 98 39 was
702 2487 190 54 silently
935 2487 206 54 stealing
1176 2500 139 41 away
1348 2489 56 52 to
1440 2488 83 53 the
1565 2488 293 55 enchanting

342 2553 181 43 strains
543 2551 50 45 of
610 2554 81 42 the
709 2553 196 43 Federal
934 2552 270 44 musicians.
1258 2552 48 44 It
1333 2565 97 31 was
1457 2566 115 30 near
1598 2554 83 42 the
1699 2565 157 31 morn¬

340 2619 85 56 ing
442 2620 148 55 hours
608 2620 133 55 when
760 2632 32 43 a
810 2617 181 58 sudden
1018 2620 165 55 report
1209 2617 204 58 startled
1440 2618 82 57 the
1541 2618 208 57 sleeping
1766 2618 90 57 sol¬

342 2686 122 42 diers
478 2700 9 39 ;
509 2699 65 40 an
591 2685 264 55 explosion,
879 2683 216 57 another,
1119 2683 95 57 and
1233 2685 81 55 yet
1335 2683 203 57 another
1564 2682 215 58 followed
1806 2683 49 57 in

340 2752 141 55 rapid
501 2751 279 56 succession.

443 2817 199 44 General
660 2814 191 47 Weitzel
869 2824 123 37 soon
1010 2813 190 48 became
1218 2813 211 48 satisfied
1449 2813 114 48 that
1580 2813 84 48 the
1689 2824 165 42 enemy

340 2898 100 30 was
458 2883 214 54 moving,
693 2882 83 55 the
802 2879 289 58 continuous
1118 2878 155 59 sound
1300 2878 53 59 of
1374 2878 188 59 distant
1581 2878 274 59 cannonad¬

340 2951 85 55 ing
443 2962 141 44 away
601 2951 56 55 to
686 2947 82 59 the
796 2944 160 62 south,
976 2942 106 64 told
1109 2943 116 63 that
1249 2942 83 64 the
1359 2944 197 62 combat
1575 2943 95 63 still
1688 2943 163 63 raged.
