2211 3308
752 1128 55 52 A
841 1129 314 54 HISTORY
1191 1132 91 52 OF
1317 1135 147 50 THE

563 1293 410 71 BLACK
1038 1298 622 70 PHALANX.

935 1574 290 46 CHAPTER
1249 1577 39 45 I.

883 1697 105 36 THE
1010 1698 112 35 WAR
1143 1698 64 36 OF
1228 1699 116 36 1775.

465 1806 100 44 The
590 1806 192 57 history
810 1808 54 55 of
890 1810 84 53 the
1008 1810 231 55 patriotic
1273 1811 154 56 Negro
1454 1812 272 55 Americans
1752 1816 109 51 who

346 1873 183 43 swelled
547 1873 83 43 the
648 1875 149 42 ranks
817 1875 53 42 of
890 1876 82 41 the
991 1875 214 43 Colonial
1232 1877 96 43 and
1355 1877 305 45 Continental
1688 1882 171 43 armies

344 1941 92 43 has
454 1953 142 31 never
614 1941 117 43 been
749 1941 202 53 written,
964 1954 91 40 nor
1072 1954 99 40 was
1190 1955 97 42 any
1306 1945 213 54 attempt
1537 1946 139 53 made
1696 1947 64 55 by
1777 1949 84 53 the

343 2008 268 43 historians
631 2006 54 46 of
704 2008 118 44 that
840 2008 97 54 day
962 2010 56 52 to
1046 2009 164 53 record
1236 2009 83 53 the
1345 2010 138 52 deeds
1511 2011 54 51 of
1586 2013 142 49 those
1752 2016 107 46 who

343 2075 148 43 dared
510 2077 56 41 to
585 2075 101 43 face
704 2075 148 43 death
878 2074 74 44 for
976 2075 83 43 the
1076 2074 340 56 independence
1434 2077 53 53 of
1508 2078 83 52 the
1611 2079 248 51 American

342 2142 230 44 Colonies.
644 2140 73 46 W.
754 2141 62 45 H.
854 2141 118 56 Day,
1009 2142 51 55 in
1095 2141 281 57 addressing
1411 2156 33 42 a
1478 2148 289 50 convention
1811 2150 55 48 of

339 2223 150 43 negro
517 2223 107 43 men
644 2212 56 54 at
719 2208 260 58 Cleveland,
1002 2208 68 58 0.,
1091 2209 49 57 in
1159 2208 144 58 1852,
1324 2210 132 56 truly
1480 2212 128 54 said:
1657 2216 25 50 "
1697 2214 60 52 Of
1777 2216 83 50 the

341 2278 199 43 services
560 2277 98 44 and
677 2276 247 56 sufferings
943 2276 55 56 of
1008 2277 83 55 the
1109 2276 189 56 colored
1319 2277 198 55 soldiers
1538 2279 54 53 of
1610 2280 84 52 the
1711 2280 152 52 Revo¬

338 2344 173 53 lution,
541 2357 65 40 no
634 2345 215 53 attempt
875 2344 102 54 has,
998 2346 56 52 to
1083 2357 90 41 our
1198 2343 289 56 knowledge,
1512 2345 114 54 been
1644 2347 140 52 made
1800 2351 60 48 to

339 2424 217 44 preserve
591 2424 33 44 a
657 2411 179 57 record.
891 2410 140 58 Their
1065 2411 192 57 history
1282 2411 40 57 is
1351 2413 90 55 not
1470 2412 211 56 written;
1710 2414 40 54 it
1776 2415 86 53 lies

338 2491 133 43 upon
488 2479 84 55 the
591 2477 90 57 soil
698 2477 206 57 watered
922 2478 117 56 with
1064 2478 124 56 their
1214 2478 171 56 blood;
1418 2478 104 56 who
1544 2479 123 55 shall
1685 2482 176 54 gather

338 2544 73 44 it?
464 2544 50 44 It
538 2547 125 41 rests
689 2544 116 44 with
833 2544 122 44 their
981 2545 148 43 bones
1154 2545 50 43 in
1229 2545 84 43 the
1341 2545 190 43 charnel
1559 2546 170 54 house;
1749 2548 109 52 who

339 2610 124 44 shall
480 2612 201 42 exhume
705 2611 106 43 it?"
864 2611 141 56 Upon
1030 2613 200 56 reading
1253 2615 133 54 these
1417 2615 129 54 lines,
1567 2614 41 55 it
1635 2616 220 53 occurred

337 2676 66 47 tct
421 2691 75 32 me
512 2679 118 44 that
648 2679 283 44 somewhere
950 2692 181 44 among
1146 2681 84 55 the
1248 2682 213 54 archives
1484 2683 54 53 of
1557 2682 116 54 that
1691 2682 165 55 period

337 2745 136 43 there
490 2748 131 40 must
640 2746 125 43 exist
784 2749 56 40 at
856 2746 125 44 least
1000 2760 32 30 a
1057 2747 99 43 clue
1180 2749 57 41 to
1255 2749 84 42 the
1357 2750 164 43 record
1543 2750 53 43 of
1607 2750 83 43 the
1707 2763 148 43 negro

338 2812 217 57 patriots
583 2813 54 56 of
655 2813 117 56 that
797 2826 113 43 war.
965 2812 47 57 If
1031 2813 25 56 I
1081 2815 181 54 cannot
1289 2815 197 54 exclaim
1503 2815 206 55 Eureka,
1732 2818 124 52 after

337 2893 142 45 years
499 2879 54 59 of
573 2880 199 58 diligent
790 2880 178 58 search,
990 2879 24 59 I
1031 2879 116 59 take
1165 2880 132 58 pride
1314 2881 49 57 in
1381 2883 274 55 presenting
1672 2884 132 54 what
1830 2884 25 54 I

337 2948 126 44 have
489 2946 148 46 found
664 2946 241 46 scattered
930 2945 309 56 throughout
1263 2946 84 55 the
1372 2959 148 44 pages
1547 2947 55 56 of
1622 2949 82 54 the
1721 2951 133 57 early

1044 3034 105 54 (21)
