2200 3300
742 282 106 42 The
875 281 239 43 Phalanx
1138 292 49 32 in
1217 279 232 45 Virginia.

1749 277 99 43 401

441 415 134 44 Then
610 415 139 44 shells
776 429 131 31 came
934 414 222 55 crashing
1179 411 215 58 through
1418 411 83 58 the
1526 409 104 60 line,
1660 410 191 59 dealing

342 481 150 44 death
511 483 98 43 and
627 482 273 56 shattering
915 482 83 56 the
1015 481 169 57 ranks;
1205 480 89 58 but
1313 492 64 46 on
1393 477 116 61 they
1526 479 137 59 went,
1684 477 116 61 with
1819 490 32 48 a

342 549 109 43 wild
478 550 146 53 cheer,
652 549 208 56 running
884 561 65 44 up
974 548 82 57 the
1082 547 152 58 slope;
1264 544 145 61 again
1438 557 31 48 a
1494 545 156 60 storm
1670 543 54 62 of
1743 556 108 49 can-

343 615 152 43 nister
529 619 98 39 met
669 616 154 52 them;
869 628 32 40 a
943 614 179 54 shower
1166 612 52 56 of
1246 611 247 57 musketry
1536 623 131 45 came
1711 611 139 57 down

344 695 134 43 upon
512 683 83 55 the
631 681 272 57 advancing
935 680 201 58 column,
1164 678 157 60 whose
1354 676 224 62 bristling
1611 677 239 61 bayonets

345 761 118 30 were
495 750 58 43 to
587 749 142 44 make
761 748 83 45 the
876 759 108 42 way
1016 746 124 55 clear
1172 745 75 56 for
1278 743 127 58 their
1428 743 142 58 white
1603 742 247 59 comrades

347 813 233 56 awaiting
614 827 64 42 on
711 814 83 55 the
827 812 235 57 roadside.
1115 811 40 58 A
1189 810 213 59 hundred
1429 809 140 60 black
1595 821 106 48 men
1727 810 124 59 went

346 881 142 41 down
514 880 148 42 under
686 880 83 42 the
794 880 104 51 fire;
925 878 83 53 the
1033 877 147 54 ranks
1205 889 116 42 were
1347 875 189 56 quickly
1554 874 155 57 closed
1727 874 125 57 how¬

346 959 122 40 ever,
482 945 96 54 and
597 945 114 54 with
723 945 203 54 another
945 944 103 55 wild
1059 944 130 55 cheer
1204 943 85 56 the
1305 942 150 57 living
1472 940 238 59 hundreds
1728 941 123 58 went

347 1024 114 31 over
489 1012 82 43 the
596 1012 156 43 works
778 1011 114 44 with
918 1010 82 45 the
1024 1008 313 56 impetuosity
1364 1007 54 57 of
1439 1020 32 44 a
1497 1007 210 57 cyclone;
1735 1005 117 59 they

347 1078 149 42 seized
521 1078 83 42 the
630 1089 186 31 cannon
846 1076 95 44 and
967 1075 172 45 turned
1167 1074 128 46 them
1322 1087 132 41 upon
1479 1073 83 55 the
1579 1072 166 56 fleeing
1760 1071 89 57 foe,

348 1144 120 52 who,
489 1143 48 53 in
564 1142 376 54 consternation,
970 1140 277 56 stampeded
1265 1139 189 57 toward
1473 1138 300 58 Petersburg,
1793 1140 57 56 to

346 1210 126 42 their
497 1209 131 43 main
654 1209 91 43 line
771 1208 55 44 of
845 1207 370 45 intrenchments
1243 1219 64 33 on
1331 1206 83 46 the
1439 1207 120 45 east.
1613 1204 130 48 Thus
1769 1204 83 48 the

349 1275 130 42 work
506 1274 56 43 of
579 1274 84 43 the
688 1274 89 43 5th
804 1274 97 43 and
928 1273 128 44 22nd
1085 1272 221 45 Phalanx
1332 1270 254 56 regiments
1612 1283 98 43 was
1728 1282 124 44 com¬

347 1341 155 55 pleted
523 1340 96 56 and
636 1340 83 56 the
736 1340 122 56 road
878 1339 140 57 made
1036 1338 122 58 clear
1176 1339 73 57 for
1266 1337 82 59 the
1368 1337 121 59 18th
1507 1336 160 60 Corps.

447 1406 188 42 Brooks
663 1419 106 29 now
796 1405 171 43 moved
994 1417 64 41 up
1086 1403 395 55 simultaneously
1507 1402 113 56 with
1654 1400 199 58 Martin-

346 1472 122 53 dale,
490 1485 64 40 on
570 1472 83 53 the
671 1472 123 53 river
812 1471 136 54 road.
1003 1470 73 55 By
1102 1482 128 43 noon
1257 1470 83 55 the
1365 1469 149 56 whole
1531 1480 138 45 corps
1687 1480 98 45 was
1802 1467 50 58 in

347 1539 133 42 front
499 1538 54 44 of
563 1538 83 44 the
664 1536 205 55 enemy's
887 1534 231 57 mainline
1137 1536 53 55 of
1202 1536 168 55 works,
1383 1534 288 57 Martindale
1690 1546 62 45 on
1770 1533 83 58 the

349 1605 146 55 right,
515 1604 188 56 Brooks
729 1604 49 56 in
803 1603 84 57 the
912 1603 171 57 center,
1102 1602 83 58 the
1211 1601 221 59 Phalanx
1459 1600 95 60 and
1574 1600 197 60 cavalry
1789 1612 64 48 on

349 1671 84 42 the
457 1670 96 53 left,
574 1669 231 55 sweeping
830 1670 140 54 down
996 1671 56 53 to
1079 1668 82 56 the
1179 1667 261 57 Jerusalem
1460 1666 154 58 Plank
1631 1665 138 59 Road
1789 1678 64 46 on

349 1737 83 42 the
450 1737 267 42 southeast.
762 1735 171 52 Hinks,
953 1734 115 53 with
1086 1734 82 53 the
1187 1733 233 54 Phalanx,
1441 1732 48 55 in
1509 1732 139 55 order
1664 1734 56 53 to
1738 1731 116 56 gain

349 1803 83 42 the
457 1802 213 54 position
697 1801 222 55 assigned
946 1800 112 56 him,
1086 1799 99 57 had
1211 1798 281 58 necessarily
1515 1801 57 55 to
1598 1810 115 46 pass
1739 1809 116 47 over

350 1882 64 30 an
433 1881 122 42 open
582 1881 139 42 space
746 1867 206 56 exposed
970 1869 57 54 to
1048 1879 30 44 a
1097 1866 145 57 direct
1271 1866 95 57 and
1394 1864 242 59 cross-fire.
1690 1863 165 60 Never¬

348 1935 186 52 theless,
564 1935 57 52 he
648 1934 231 55 prepared
906 1936 57 53 to
991 1945 179 44 occupy
1196 1932 72 57 his
1295 1933 127 56 post,
1453 1930 95 59 and
1582 1929 207 60 forming
1823 1941 32 48 a

347 2002 91 42 line
457 2001 53 43 of
522 2001 171 52 battle,
704 2001 58 52 he
779 2001 159 54 began
955 1999 82 56 the
1054 1998 177 57 march.
1261 1998 97 57 The
1376 1996 205 59 division
1599 1994 254 61 numbered

349 2069 155 42 about
523 2068 161 53 3,000,
706 2080 32 41 a
763 2066 200 56 portion
981 2065 54 57 of
1054 2065 41 57 it
1113 2064 139 58 being
1270 2063 97 59 still
1386 2065 55 57 at
1459 2061 221 61 Wilson's
1699 2060 156 62 Land¬

346 2135 98 55 ing,
466 2134 123 56 Fort
607 2134 288 56 Powhatan,
916 2131 107 59 City
1048 2130 147 60 Point
1215 2129 95 61 and
1328 2128 238 62 Bermuda
1584 2126 266 64 Hundreds.

348 2199 115 45 This
482 2215 98 29 was
608 2214 31 31 a
665 2200 167 45 march
857 2199 117 46 that
998 2199 222 46 veterans
1239 2195 155 54 might
1411 2193 139 56 falter
1567 2193 62 56 in,
1650 2192 204 57 without

349 2268 223 44 criticism
609 2281 56 31 or
699 2278 204 34 censure.
958 2263 97 49 The
1090 2261 172 53 steady
1295 2260 139 54 black
1477 2259 90 55 line
1608 2257 247 57 advanced

350 2348 33 31 a
407 2335 84 44 few
515 2335 116 44 rods
658 2336 57 43 at
742 2346 32 33 a
798 2332 130 51 time,
958 2329 130 54 when
1115 2326 191 57 coming
1329 2324 164 59 within
1517 2336 151 47 range
1701 2323 55 60 of
1773 2323 84 60 the

348 2401 301 44 confederate
675 2411 123 44 guns
823 2397 118 58 they
966 2407 115 48 were
1108 2391 186 64 obliged
1322 2392 55 63 to
1396 2390 57 65 lie
1471 2389 138 66 down
1628 2389 95 66 and
1741 2389 115 66 wait

350 2468 75 43 for
452 2467 206 44 another
685 2461 334 58 opportunity.
1074 2458 113 61 Now
1215 2470 32 49 a
1272 2455 264 64 lull,—they
1561 2455 154 64 would
1750 2454 103 65 rise,

350 2547 65 43 go
450 2532 222 58 forward,
711 2530 96 60 and
844 2527 147 63 again
1015 2525 59 65 lie
1099 2525 154 65 down.
1305 2522 132 68 Thus
1462 2521 116 69 they
1604 2520 252 70 continued

349 2600 127 43 their
501 2598 180 51 march,
701 2595 150 54 under
878 2606 31 43 a
927 2593 130 56 most
1075 2589 194 60 galling,
1290 2586 333 63 concentrated
1646 2586 211 63 artillery

350 2667 86 42 fire
468 2665 126 44 until
626 2664 118 53 they
777 2657 198 60 reached
1009 2655 124 62 their
1167 2653 227 64 position,
1421 2653 122 64 from
1570 2652 148 65 which
1742 2652 117 65 they

351 2744 118 30 were
485 2734 56 40 to
556 2730 103 55 join
678 2728 49 57 in
746 2740 32 45 a
794 2722 191 63 general
1012 2720 208 65 assault;
1251 2719 95 66 and
1363 2718 107 67 here
1486 2719 116 66 they
1619 2718 96 67 lay,
1735 2717 123 68 from

353 2810 91 32 one
461 2796 74 46 till
554 2796 91 46 five
672 2789 356 53 o'clock,—four
1052 2787 116 55 long
1193 2784 417 58 hours,—exposed
1637 2786 55 56 to
1712 2795 147 47 cease¬

352 2863 93 43 less
470 2861 202 52 shelling
696 2859 67 54 by
787 2857 84 56 the
895 2866 178 47 enemy.
1126 2850 197 63 Badeau
1349 2863 128 50 says,
1496 2850 50 63 in
1563 2849 232 64 speaking
1810 2847 55 66 of

354 2928 85 43 the
457 2926 223 45 Phalanx
697 2924 50 47 in
763 2921 101 50 this
882 2917 185 54 ordeal:

677 2990 52 34 20
