2200 3300
722 304 105 42 The
855 304 237 42 Phalanx
1117 313 47 33 in
1191 300 234 46 Virginia.

1723 293 95 43 391

322 435 125 45 Port
464 435 172 57 Royal,
656 436 187 56 instead
865 436 53 56 of
939 435 406 57 Fredericksburg,
1364 432 73 60 his
1465 430 143 62 depot
1626 427 73 65 for
1717 438 107 54 sup¬

323 503 131 55 plies.
510 503 207 56 Sending
733 503 74 56 his
824 515 181 44 reserve
1024 502 211 57 artillery
1251 503 56 56 to
1334 498 122 61 Belle
1481 496 151 63 Plain,
1651 494 57 65 he
1725 506 103 53 pre¬

325 570 148 54 pared
491 572 57 52 to
569 570 225 54 advance.
849 568 48 56 It
915 582 98 42 was
1030 568 46 56 in
1096 568 97 56 this
1212 577 268 47 manoeuvre
1496 563 114 61 that
1628 561 102 63 Lee,
1750 559 74 65 for

325 636 84 42 the
451 634 100 44 last
585 635 128 54 time,
753 635 227 54 attacked
1014 635 82 54 the
1131 633 195 56 Federal
1359 632 159 57 forces,
1557 627 185 62 outside
1777 626 58 63 of

327 715 154 41 cover,
519 702 49 54 in
604 715 96 42 any
734 702 271 55 important
1042 702 281 55 movement.
1376 698 97 59 The
1517 696 209 61 attempt
1767 695 61 62 to

328 769 183 55 change
527 769 83 55 the
636 769 115 55 base
778 768 53 56 of
853 768 170 58 supply
1041 781 97 45 was
1164 766 162 60 indeed
1345 778 32 48 a
1392 763 268 63 hazardous
1686 773 142 53 move

329 834 77 43 for
441 834 177 53 Grant;
645 834 42 53 it
721 835 312 52 necessitated
1067 835 84 52 the
1182 832 198 55 moving
1412 831 54 56 of
1499 830 74 57 his
1606 828 225 59 immense

329 901 146 53 train,
496 901 282 55 numbering
795 901 107 55 four
919 900 245 56 thousand
1182 912 208 44 wagons,
1410 897 113 59 used
1541 896 48 60 in
1608 893 220 63 carrying

330 968 206 53 rations,
575 967 320 54 ammunition
939 968 96 53 and
1071 966 202 55 supplies
1316 965 72 56 for
1429 963 71 58 his
1544 974 149 47 army,
1732 960 95 61 and

330 1034 398 55 transportation
757 1033 52 56 of
829 1034 83 55 the
937 1032 148 57 badly
1110 1031 229 58 wounded
1365 1033 54 56 to
1446 1029 80 60 the
1543 1040 118 49 rear,
1681 1025 151 64 where

335 1101 112 54 they
466 1100 140 55 could
623 1100 58 55 be
699 1099 138 56 cared
855 1099 87 56 for.

432 1165 73 56 Up
531 1168 57 53 to
614 1166 100 55 this
738 1165 118 56 time
880 1164 83 57 the
988 1163 278 58 Wilderness
1284 1160 251 61 campaign
1552 1159 97 62 had
1666 1158 113 63 been
1798 1171 35 50 a

333 1232 290 42 continuous
649 1229 124 56 fight
801 1230 95 55 and
924 1229 176 56 march.
1155 1228 96 57 The
1279 1227 193 58 anxiety
1505 1224 145 61 which
1677 1222 153 63 Grant

334 1298 85 42 felt
435 1297 76 43 for
526 1297 76 43 his
618 1298 147 51 train,
784 1296 42 53 is
844 1296 205 53 perhaps
1065 1295 107 54 best
1187 1293 107 56 told
1311 1293 65 56 by
1392 1291 199 58 himself:

417 1386 22 17 "
449 1386 65 41 My
537 1386 238 41 movements
797 1394 65 33 are
882 1383 156 44 terribly
1060 1381 261 46 embarrassed
1340 1380 52 47 by
1414 1390 70 37 our
1504 1379 176 48 immense
1694 1387 137 40 wagon

334 1440 119 35 train.
496 1440 40 35 It
550 1439 111 36 could
675 1442 73 33 not
761 1439 47 36 be
823 1438 174 42 avoided,
1013 1435 206 45 however."

437 1528 51 42 It
513 1541 99 29 was
637 1527 84 43 the
748 1527 113 53 only
888 1537 162 43 means
1077 1524 64 56 by
1158 1523 145 57 which
1328 1523 82 57 the
1437 1534 135 46 army
1598 1520 136 60 could
1753 1520 82 60 ob¬

338 1594 109 42 tain
465 1593 183 43 needful
666 1592 218 54 supplies,
899 1591 94 55 and
1012 1602 97 44 was
1127 1587 332 59 consequently
1476 1585 356 61 indispensable.

342 1660 49 41 It
409 1672 98 29 was
524 1659 83 42 the
624 1670 116 31 near
759 1656 243 55 approach
1027 1658 55 53 to
1101 1654 81 57 the
1199 1654 130 57 train
1346 1653 113 58 that
1477 1652 139 59 made
1630 1652 82 59 the
1729 1664 108 47 con¬

341 1726 232 42 federates
602 1724 129 44 often
757 1723 123 54 fight
898 1734 54 43 so
972 1719 305 58 desperately,
1297 1719 73 58 for
1390 1719 111 58 they
1518 1718 129 59 knew
1664 1717 38 60 if
1721 1717 113 60 they

342 1790 141 43 could
501 1790 188 43 succeed
707 1789 46 44 in
774 1787 256 56 capturing
1045 1799 33 44 a
1101 1798 171 45 wagon
1297 1785 115 58 they
1428 1783 154 60 would
1600 1783 236 60 probably

343 1859 83 53 get
453 1855 272 57 something
749 1857 56 55 to
832 1855 93 57 eat.
980 1852 129 60 Soon
1136 1852 121 60 after
1282 1851 81 61 the
1382 1850 210 62 advance
1609 1849 166 63 began,
1795 1849 40 63 it

344 1936 100 30 was
462 1921 221 56 reported
701 1924 56 53 to
777 1919 168 58 Grant,
963 1919 115 58 that
1102 1918 82 59 the
1210 1916 293 61 confederate
1529 1916 194 61 cavalry
1739 1927 98 50 was

345 1989 51 42 in.
421 1989 82 42 the
529 2000 119 39 rear,
677 1986 48 53 in
753 1986 161 53 search
941 1985 53 54 of
1013 1984 82 55 the
1119 1983 168 56 trains.
1343 1981 70 58 On
1438 1981 82 58 the
1547 1980 119 59 14th
1691 1981 57 58 he
1767 1994 71 45 or¬

346 2055 139 42 dered
506 2052 195 45 General
719 2052 194 45 Ferrero
931 2053 57 44 to
1009 2050 152 54 "keep
1188 2061 31 43 a
1244 2048 145 56 sharp
1415 2046 203 58 lookout
1643 2047 73 57 for
1740 2047 97 57 this

345 2121 211 54 cavalry,
579 2119 95 56 and
692 2118 40 57 if
751 2131 98 44 you
867 2130 88 45 can
974 2115 169 60 attack
1160 2115 41 60 it
1218 2114 114 61 with
1349 2126 123 49 your
1493 2111 258 64 (Phalanx)
1772 2113 61 62 in-

325 2188 185 55 •fantry
529 2186 95 57 and
649 2184 178 59 (white)
851 2182 208 61 cavalry,
1081 2182 62 61 do
1163 2179 102 64 so."
1304 2177 70 66 On
1390 2178 82 65 the
1491 2178 119 65 19th
1629 2177 206 66 Ferrero,

343 2254 117 43 with
485 2253 74 44 his
585 2251 222 46 Phalanx
833 2248 217 52 division,
1077 2246 108 54 (4th
1204 2244 216 56 division,
1443 2243 86 57 9th
1555 2242 166 58 Corps)
1742 2257 98 43 was

347 2334 63 30 on
445 2320 82 44 the
560 2318 122 46 road
716 2319 56 45 to
809 2313 407 55 Fredericksburg,
1244 2310 48 58 in
1327 2322 105 46 rear
1459 2310 50 58 of
1541 2310 94 58 and
1669 2313 55 55 to
1758 2311 83 57 the

345 2387 132 53 right
504 2386 53 54 of
579 2383 195 57 General
801 2381 179 59 Tyler's
998 2380 160 60 forces,
1179 2379 48 61 in
1244 2376 83 64 the
1344 2375 330 65 confederates'
1694 2377 144 63 front.

346 2454 98 43 The
469 2452 121 49 road
617 2449 180 52 formed
827 2447 195 54 Grant's
1048 2445 147 56 direct
1221 2441 399 60 communication
1638 2443 112 58 with
1768 2444 73 57 his

345 2521 128 52 base,
495 2519 95 54 and
609 2518 107 55 here
733 2516 84 57 the
835 2513 332 60 confederates,
1188 2508 148 65 under
1362 2506 135 67 Ewell
1517 2508 224 65 attacked
1759 2510 83 63 the

344 2586 198 44 Federal
557 2587 189 51 troops.
802 2580 155 58 Grant
976 2579 106 59 sent
1099 2574 98 64 this
1215 2573 219 65 dispatch
1451 2575 54 63 to
1524 2573 216 65 Ferrero:

426 2687 21 18 "
458 2686 79 35 The
551 2694 132 32 enemy
697 2683 100 43 have
812 2678 151 48 crossed
977 2677 67 49 the
1057 2675 58 51 Ny
1131 2685 49 41 on
1195 2673 66 53 the
1274 2673 105 53 right
1393 2673 43 53 of
1452 2683 70 43 our
1535 2674 101 52 lines,
1645 2674 39 52 in
1698 2676 147 50 consid¬

341 2742 129 35 erable
489 2742 112 41 force,
624 2738 79 45 and
724 2746 93 37 may
844 2733 173 50 possibly
1038 2729 136 54 detach
1196 2739 26 44 a
1241 2728 99 55 force
1359 2730 45 53 to
1425 2739 111 44 move
1549 2739 50 44 on
1613 2729 232 54 Fredericks¬

344 2797 110 44 burg.
498 2797 105 44 Keep
618 2804 100 37 your
731 2790 159 51 cavalry
911 2787 145 54 pickets
1078 2784 77 57 well
1178 2785 71 56 out
1270 2794 50 47 on
1340 2783 66 58 the
1424 2784 117 57 plank
1561 2785 109 56 road,
1694 2786 77 55 and
1792 2788 52 53 all

344 2854 112 35 other
470 2853 118 36 roads
603 2849 154 40 leading
769 2847 93 42 west
877 2843 77 46 and
969 2841 116 48 south
1101 2842 39 47 of
1152 2849 88 40 you.
1283 2838 36 51 If
1334 2849 78 40 you
1426 2839 77 50 find
1516 2840 65 49 the
1595 2850 130 39 enemy
1738 2853 109 36 mov¬

342 2909 69 41 ing
423 2909 174 41 infantry
613 2904 78 46 and
707 2901 171 49 artillery
891 2901 46 49 to
951 2907 90 43 you,
1058 2896 131 54 report
1201 2894 34 56 it
1247 2894 207 56 promptly.
1489 2894 45 56 In
1547 2896 93 54 that
1652 2907 87 43 case
1750 2898 96 52 take

344 2974 53 32 up
412 2966 141 40 strong
565 2958 194 48 positions
774 2955 78 51 and
868 2952 130 54 detain
1012 2951 78 55 him
1106 2949 51 57 all
1176 2959 79 47 you
1274 2959 83 47 can,
1373 2950 157 56 turning
1544 2951 50 55 all
1607 2962 100 44 your
1719 2954 126 52 trains
