2209 3306
348 328 99 43 496

646 328 222 44 History
894 342 64 31 of
984 343 96 31 the
1106 332 165 45 Black
1295 332 253 45 Phalanx.

348 459 208 44 federate
582 461 285 44 authorities
893 462 115 43 then
1026 464 178 55 sought
1230 466 55 53 to
1305 462 279 57 strengthen
1609 458 84 61 the
1711 469 140 50 army

349 527 65 54 by
441 526 321 57 conscripting
789 528 64 55 all
889 528 291 55 able-bodied
1214 542 209 43 negroes,
1451 528 92 57 free
1570 523 98 62 and
1703 523 145 62 slave,

350 593 206 42 between
589 593 83 42 the
707 606 88 44 age
831 594 53 56 of
912 594 212 56 eighteen
1159 596 96 54 and
1288 595 119 55 fifty.
1460 592 231 58 Monday,
1719 588 132 62 April

352 660 78 52 3d,
457 672 99 40 was
584 659 261 55 appointed
881 673 55 41 as
961 660 82 54 the
1070 661 96 54 day
1191 663 56 52 to
1282 660 135 56 begin
1445 660 84 56 the
1556 656 143 60 draft.
1754 654 98 62 The

350 724 216 56 Virginia
592 724 139 56 State
757 725 295 56 Legislature
1077 727 97 54 had
1201 740 129 41 come
1346 729 56 52 to
1420 726 84 55 the
1522 736 156 45 rescue
1697 721 54 60 of
1769 721 83 60 the

351 791 520 55 Davis-Lee-Benjamin
889 792 193 54 scheme,
1095 793 96 53 and
1209 806 55 40 so
1281 793 98 53 had
1396 793 83 53 the
1495 788 126 58 local
1639 788 212 58 authori¬

350 857 91 42 ties
460 857 55 43 of
533 856 277 54 Bichmond,
840 858 90 52 but
949 858 64 52 all
1029 872 98 38 was
1144 860 56 50 to
1219 872 63 38 no
1309 871 218 43 purpose.
1579 855 50 59 It
1647 869 97 45 was
1761 856 89 58 too

351 923 122 53 late;
511 923 114 56 they
641 923 98 56 had
760 923 194 56 delayed
972 926 88 53 too
1078 924 128 55 long.

452 987 133 44 With
620 1003 31 28 a
685 989 197 55 pitiable
924 990 237 54 blindness
1195 992 56 52 to
1285 990 82 54 the
1403 990 245 55 approach
1690 988 54 57 of
1778 989 72 56 his

356 1056 234 50 downfall,
604 1056 113 52 only
727 1069 32 39 a
767 1056 81 52 few
858 1056 122 53 days
1005 1055 155 54 before
1185 1056 58 53 he
1268 1055 189 54 became
1476 1068 31 41 a
1531 1055 210 57 fugitive,
1761 1055 91 57 Jef¬

354 1121 156 43 ferson
528 1121 147 43 Davis
691 1123 149 41 wrote
856 1121 83 43 the
955 1121 240 55 following
1210 1121 161 55 letter:
1385 1120 23 56 *

1064 1253 22 17 "
1096 1253 213 44 Richmond,
1326 1254 82 43 Va.,
1424 1253 131 44 March
1569 1255 107 43 30th,
1694 1254 114 44 1865.

357 1308 104 34 "His
474 1308 218 42 Excellency
707 1308 164 42 William
886 1308 135 42 Smith,
1039 1308 195 42 Governor
1248 1308 44 42 of
1305 1309 189 43 Virginia:

437 1363 143 43 "Upon
593 1364 66 42 the
673 1363 139 43 receipt
827 1363 43 43 of
878 1373 99 33 your
991 1364 113 42 letter
1118 1363 43 43 of
1176 1363 66 43 the
1255 1363 98 43 27th
1367 1364 90 42 inst.
1473 1364 19 42 I
1507 1364 79 42 had
1601 1375 25 31 a
1639 1366 210 40 conference

356 1419 92 34 with
473 1419 68 34 the
561 1416 198 44 Secretary
780 1417 43 43 of
846 1417 92 43 War
958 1418 79 42 and
1056 1417 361 43 Adjutant-General
1443 1419 39 41 in
1502 1420 164 40 relation
1685 1422 44 38 to
1750 1432 99 31 your

356 1474 223 42 suggestion
607 1483 45 33 as
679 1474 45 42 to
752 1472 66 44 the
845 1473 197 43 published
1070 1473 111 43 order
1206 1473 60 43 for
1292 1473 67 43 the
1378 1474 268 42 organization
1667 1476 44 40 of
1732 1487 116 32 negro

355 1531 150 41 troops,
529 1528 77 44 and
633 1527 20 45 I
680 1528 99 44 hope
805 1528 93 44 that
925 1528 66 44 the
1011 1528 262 44 modification
1293 1527 117 45 which
1437 1528 71 44 has
1535 1529 92 43 been
1647 1531 111 41 made
1778 1532 72 40 will

355 1594 152 24 remove
519 1583 68 35 the
601 1582 190 43 objection
799 1582 117 43 which
931 1593 79 32 you
1023 1583 157 42 pointed
1196 1585 81 40 out.
1319 1582 40 43 It
1367 1594 77 31 was
1457 1595 112 30 never
1582 1595 65 34 my
1661 1586 189 43 intention

356 1641 45 32 to
415 1639 132 34 collect
559 1648 158 32 negroes
732 1637 39 43 in
787 1637 135 43 depots
937 1637 59 43 for
1016 1647 182 33 purposes
1215 1638 41 42 of
1271 1637 242 46 instruction,
1536 1640 72 43 but
1623 1643 90 41 only
1728 1653 43 31 as
1786 1643 64 41 the

355 1694 87 33 best
456 1692 111 36 mode
581 1693 44 35 of
640 1692 231 42 forwarding
884 1692 116 42 them,
1010 1692 118 42 either
1142 1703 44 31 as
1200 1692 230 42 individuals
1445 1705 44 29 or
1504 1706 45 28 as
1562 1698 227 43 companies,
1805 1701 45 40 to

355 1749 67 34 the
435 1748 204 35 command
660 1747 91 36 with
765 1746 118 37 which
904 1747 91 42 they
1010 1757 91 32 were
1121 1749 45 40 to
1181 1757 115 32 serve.
1339 1747 79 42 The
1433 1750 143 39 officers
1596 1751 40 38 in
1655 1752 66 37 the
1735 1753 117 36 differ¬

356 1805 66 33 ent
435 1806 112 40 posts
560 1802 72 44 will
653 1802 65 44 aid
737 1802 41 44 in
798 1801 204 45 providing
1023 1802 59 44 for
1095 1802 66 44 the
1175 1813 156 33 negroes
1345 1803 40 43 in
1398 1805 99 41 their
1510 1808 204 42 respective
1728 1809 124 42 neigh¬

355 1858 209 42 borhoods,
581 1857 78 43 and
679 1857 39 43 in
738 1857 232 43 forwarding
984 1857 103 43 them
1102 1859 45 41 to
1163 1857 137 44 depots
1314 1859 121 42 where
1452 1863 314 41 transportation
1781 1864 71 40 will

356 1913 48 33 be
418 1912 201 42 available,
635 1912 78 42 and
728 1912 64 42 aid
806 1912 104 42 them
924 1911 40 43 in
979 1912 177 43 reaching
1169 1913 66 42 the
1249 1914 83 41 field
1349 1914 43 41 of
1408 1916 137 39 service
1558 1917 59 38 for
1630 1918 117 37 which
1761 1919 90 41 they

357 1977 92 24 were
470 1967 181 34 destined.
694 1965 78 36 The
786 1966 65 35 aid
872 1966 44 35 of
930 1967 211 42 gentlemen
1156 1968 84 41 who
1256 1979 65 30 are
1335 1970 138 43 willing
1494 1972 77 41 and
1592 1972 84 41 able
1696 1975 44 38 to
1754 1974 98 39 raise

357 2022 79 34 this
456 2022 197 34 character
674 2020 42 36 of
739 2023 138 41 troops
899 2021 70 43 will
990 2022 46 42 be
1063 2022 112 42 freely
1197 2024 187 42 accepted.
1428 2025 78 41 The
1527 2026 267 43 appointment
1814 2027 42 42 of

357 2076 274 42 commanders,
645 2076 61 42 for
718 2086 157 32 reasons
890 2076 163 42 obvious
1067 2079 45 39 to
1126 2088 91 33 you,
1234 2082 107 45 mpgt
1354 2079 144 48 depend
1519 2090 51 37 on
1585 2081 110 46 other
1708 2082 144 45 consid¬

357 2131 170 34 erations
540 2130 100 35 than
653 2131 65 34 the
732 2141 98 24 mere
843 2141 126 33 power
982 2134 45 40 to
1043 2133 148 41 recruit.

440 2185 50 34 "I
511 2195 64 25 am
594 2185 131 43 happy
745 2188 45 40 to
811 2186 139 42 receive
969 2197 100 31 your
1091 2198 203 30 assurance
1315 2189 44 39 of
1374 2200 144 28 success
1539 2200 45 28 as
1598 2191 78 37 well
1697 2202 44 26 as
1753 2202 99 32 your

358 2240 164 44 promise
536 2242 45 42 to
596 2240 85 44 seek
701 2240 216 44 legislation
930 2243 46 41 to
992 2252 124 32 secure
1131 2244 288 42 unmistakably
1433 2245 164 41 freedom
1611 2247 44 39 to
1670 2247 65 39 the
1749 2247 103 39 slave

359 2295 83 34 who
458 2295 98 34 shall
575 2297 105 32 enter
699 2295 67 34 the
780 2305 121 33 army,
918 2296 91 42 with
1024 2308 26 30 a
1063 2297 105 43 right
1188 2301 44 39 to
1248 2302 131 38 return
1400 2301 45 39 to
1466 2299 58 41 his
1539 2300 65 40 old
1623 2301 112 39 home
1750 2301 103 40 when

359 2346 46 37 lie
419 2349 97 34 shall
529 2349 98 35 have
640 2349 92 35 been
746 2350 217 43 honorably
979 2352 220 43 discharged
1215 2354 97 41 from
1326 2355 66 40 the
1406 2354 171 42 military
1591 2356 148 40 service.

440 2403 50 34 "I
510 2413 144 25 remain
669 2403 42 35 of
727 2405 66 34 the
808 2405 157 43 opinion
985 2407 92 41 that
1091 2418 52 30 we
1157 2408 136 40 should
1313 2411 145 45 cipnfine
1474 2421 71 35 our
1565 2410 85 46 first
1664 2410 129 46 efforts
1807 2413 45 43 to

359 2458 151 43 getting
523 2459 228 43 volunteers,
768 2460 79 42 and
862 2461 123 41 would
1005 2462 119 42 prefer
1137 2463 92 41 that
1241 2473 79 32 you
1334 2465 124 40 would
1480 2466 125 43 adopt
1625 2466 91 43 such
1736 2476 118 33 meas¬

359 2521 85 25 ures
472 2522 45 24 as
537 2513 124 34 would
683 2513 170 34 advance
873 2514 92 34 that
985 2515 111 34 mode
1117 2516 43 33 of
1174 2511 214 49 recruiting,
1411 2518 132 42 rather
1568 2519 98 41 than
1695 2520 91 40 that
1813 2519 43 41 of

360 2567 117 33 which
491 2577 79 31 you
584 2567 110 41 make
707 2568 168 43 enquiry,
885 2570 45 41 to
945 2569 82 42 wit:
1043 2570 52 41 by
1102 2570 145 43 issuing
1260 2572 241 42 requisitions
1515 2573 60 41 for
1587 2573 67 41 the
1668 2574 124 40 slaves
1806 2584 44 30 as

361 2620 221 36 authorized
596 2621 52 41 by
661 2622 66 40 the
741 2622 111 40 State
867 2621 43 41 of
926 2623 180 44 Virginia.

441 2676 21 17 ''
471 2675 20 35 I
504 2676 99 34 have
616 2676 66 34 the
694 2676 125 35 honor
833 2680 44 32 to
891 2678 56 44 be,
965 2679 91 43 with
1070 2680 110 42 much
1195 2684 153 40 respect,

1103 2734 137 35 "Your
1254 2736 177 35 obedient
1445 2740 167 40 servant,

1305 2790 283 37 JEFFERSON
1608 2792 182 37 DAVIS."

426 2906 15 14 *
460 2906 74 25 This
557 2905 93 26 letter
672 2905 27 26 is
723 2912 20 19 a
766 2912 81 25 copy
871 2907 36 30 of
920 2907 54 30 the
998 2908 137 30 original
1150 2915 70 23 now
1237 2909 33 29 in
1286 2910 181 34 possession
1485 2912 36 32 of
1534 2912 136 32 Senator
1683 2914 119 34 George
1813 2913 37 35 A.

360 2938 135 27 Brooks.
529 2938 33 27 It
574 2938 59 27 has
645 2945 91 20 never
748 2939 104 26 before
862 2939 76 27 been
950 2940 173 32 published.
