2200 3300
844 295 106 43 The
977 296 124 43 War
1126 308 65 31 of
1219 297 144 45 1775.

1797 298 65 45 47

434 427 101 44 The
551 428 184 45 British
752 444 117 31 were
886 431 301 54 determined,
1208 432 41 53 it
1267 445 161 42 seems,
1448 434 56 53 to
1523 432 157 55 utilize
1699 433 65 54 all
1780 433 87 54 the

335 496 243 44 available
621 500 223 55 strength
885 500 117 55 they
1044 500 140 55 could
1226 501 268 54 command,
1532 501 66 55 by
1640 500 227 56 enlisting1

335 575 201 44 negroes
555 568 57 51 at
628 566 84 53 the
730 566 157 53 North
913 580 56 39 as
1002 567 100 52 well
1129 580 54 39 as
1210 570 57 49 at
1283 568 83 51 the
1384 566 169 53 South.
1607 568 132 54 They
1757 581 107 41 con¬

336 630 158 44 ceived
511 633 84 42 the
612 633 110 43 idea
740 634 53 42 of
804 634 208 56 forming
1028 634 255 56 regiments
1303 635 53 55 of
1366 635 132 55 them
1517 637 56 53 at
1590 635 84 55 the
1690 634 174 56 North,

338 710 57 31 as
412 698 84 43 the
513 699 142 43 letter
674 700 53 43 of
749 699 110 45 Gen.
873 700 172 44 Greene
1061 703 57 41 to
1138 699 110 45 Gen.
1268 701 323 56 "Washington
1607 701 92 56 will
1716 701 150 56 show:

695 799 143 37 "Camp
854 810 51 26 on
920 801 112 35 Long
1044 800 156 44 Island,
1217 801 92 43 July
1323 801 196 44 21,1776,
1534 803 78 42 two
1628 800 156 45 o'clock.

422 853 91 36 "Sir
523 854 204 36 :—Colonel
754 855 119 35 Hand
893 858 152 41 reports
1066 866 111 33 seven
1197 857 106 43 large
1324 857 104 43 ships
1449 867 66 33 are
1528 856 153 44 coming
1700 866 52 34 up
1765 856 101 44 from

338 909 68 35 the
421 909 119 36 Hook
553 912 46 33 to
613 911 67 34 the
693 910 191 36 Narrows.

422 965 65 34 "A
513 976 119 32 negro
659 966 208 43 belonging
893 969 45 40 to
968 977 71 32 one
1073 966 188 44 Strickler,
1292 969 45 41 at
1371 966 227 44 Gravesend,
1634 977 79 33 was
1746 967 121 43 taken

339 1020 175 43 prisoner
531 1020 62 43 (as
608 1021 46 42 he
668 1022 108 42 says)
794 1022 80 42 last
895 1021 158 43 Sunday
1074 1024 47 40 at
1141 1021 124 43 Coney
1285 1022 143 42 Island.
1470 1022 211 42 Yesterday
1694 1022 47 42 he
1754 1022 114 42 made

339 1075 61 35 his
414 1085 144 34 escape,
576 1076 78 43 and
674 1086 79 33 was
774 1077 119 42 taken
913 1077 173 43 prisoner
1106 1077 53 43 by
1172 1078 67 42 the
1252 1078 79 42 rifle
1344 1078 136 42 guard.
1523 1077 59 43 He
1595 1080 151 40 reports
1760 1077 107 43 eight

340 1130 175 38 hundred
528 1141 159 33 negroes
701 1131 180 43 collected
895 1141 52 33 on
961 1131 138 43 Staten
1113 1131 142 44 Island,
1271 1130 79 45 this
1371 1132 78 43 day
1462 1134 45 41 to
1522 1132 46 43 be
1582 1132 145 43 formed
1740 1132 85 43 into
1841 1142 28 33 a

340 1186 200 43 regiment.

595 1241 20 34 I
630 1251 65 24 am
708 1251 100 32 your
822 1240 252 43 Excellency's
1088 1243 107 40 most
1209 1241 187 44 obedient,
1412 1241 151 44 humble
1577 1244 168 41 servant,

1589 1296 44 35 N.
1651 1296 174 35 Greene.

424 1351 22 17 "
456 1351 58 35 To
529 1351 73 35 His
616 1351 219 42 Excellency
850 1350 89 43 Gen.
956 1350 268 45 Washington,
1241 1351 300 44 Headquarters,
1556 1351 87 44 New
1655 1352 144 43 York."

443 1427 332 56 Occasionally
791 1428 85 55 the
902 1428 157 55 public
1084 1428 156 55 would
1266 1429 57 54 be
1349 1428 204 55 startled
1578 1429 66 54 by
1660 1429 83 54 the
1761 1429 107 54 dar¬

341 1495 85 55 ing
444 1495 97 55 and
559 1495 208 55 bravery
786 1494 54 56 of
861 1507 131 43 some
1009 1507 147 43 negro
1175 1494 48 56 in
1240 1494 83 56 the
1339 1494 247 56 American
1605 1507 151 43 army,
1770 1495 96 55 and

342 1561 116 42 then
492 1561 85 42 the
609 1563 110 40 true
752 1560 158 43 lovers
929 1560 54 43 of
1002 1560 186 54 liberty,
1210 1559 155 55 North
1392 1560 95 54 and
1515 1559 167 55 South,
1710 1556 157 58 would

345 1626 148 56 again
510 1639 117 43 urge
643 1627 117 55 that
777 1638 198 44 negroes
993 1626 58 56 be
1069 1625 236 57 admitted
1323 1626 105 56 into
1446 1626 83 56 the
1546 1626 147 56 ranks
1712 1626 54 56 of
1784 1626 87 56 the

345 1705 153 42 army.
552 1692 150 55 When
729 1691 194 56 Lt.-Col.
952 1691 189 56 Barton
1167 1691 204 56 planned
1396 1691 76 56 for
1496 1692 83 55 the
1597 1695 196 52 capture
1820 1692 52 55 of

343 1759 85 42 the
452 1758 183 43 British
661 1756 245 56 Maj.-Gen.
937 1756 234 56 Prescott,
1191 1757 106 55 who
1317 1758 310 54 commanded
1645 1758 83 54 the
1744 1758 125 54 Brit¬

344 1824 75 43 ish
438 1837 139 42 army
596 1826 56 53 at
670 1823 223 56 Newport
918 1822 54 57 K.
993 1822 54 57 I.,
1069 1823 96 56 and
1191 1823 157 56 whose
1374 1825 197 54 capture
1595 1836 99 43 was
1719 1837 150 42 neces¬

345 1904 116 41 sary
477 1891 50 54 in
554 1890 140 55 order
726 1892 57 53 to
819 1890 132 55 effect
985 1889 83 56 the
1101 1888 173 57 release
1309 1889 53 56 of
1383 1888 110 57 Gen.
1514 1889 102 56 Lee,
1636 1890 106 55 who
1769 1903 102 42 was

344 1957 117 42 then
478 1956 49 43 in
544 1957 83 42 the
645 1956 157 43 hands
821 1955 53 44 of
893 1956 83 43 the
993 1954 195 53 British,
1210 1955 96 52 and
1326 1955 53 52 of
1397 1956 84 51 the
1506 1968 131 39 same
1661 1957 125 50 rank
1812 1969 59 38 as

343 2024 118 42 that
480 2023 53 43 of
554 2022 111 44 Gen.
687 2021 235 53 Prescott,
944 2020 94 54 Col.
1059 2020 230 54 Barton's
1316 2021 114 55 plan
1447 2034 98 42 was
1563 2022 140 54 made
1721 2035 32 41 a
1770 2035 100 41 suc¬

345 2103 98 30 cess
468 2089 216 55 through
710 2088 84 56 the
820 2088 79 56 aid
919 2088 53 56 of
993 2087 176 57 Prince,
1192 2100 32 44 a
1257 2100 146 44 negro
1438 2087 49 57 in
1522 2086 94 58 Col.
1637 2087 235 57 Barton's

344 2156 269 44 command.
669 2155 99 45 The
795 2154 173 55 daring
986 2154 53 55 of
1057 2154 84 55 the
1167 2153 181 56 exploit
1373 2153 180 56 excited
1578 2154 84 55 the
1678 2154 191 55 highest

344 2222 232 57 patriotic
611 2221 413 58 commendations
1043 2220 54 59 of
1116 2220 83 59 the
1232 2219 285 60 Americans,
1549 2220 96 59 and
1679 2221 189 58 revived

342 2290 84 43 the
443 2290 175 54 urgent
636 2287 197 57 appeals
851 2287 115 57 that
983 2287 98 57 had
1108 2287 115 57 been
1249 2286 140 58 made
1414 2286 74 58 foK
1515 2298 32 46 a
1572 2286 132 58 place
1720 2286 50 58 in
1785 2287 87 57 the

344 2356 164 43 armed
525 2355 150 44 ranks
692 2353 75 46 for
786 2354 64 45 all
876 2366 119 40 men,
1016 2352 298 55 irrespective
1333 2352 54 55 of
1407 2351 144 56 color.
1605 2351 99 56 The
1722 2351 148 56 Penn¬

343 2421 224 57 sylvania
585 2420 216 58 Evening
816 2419 125 59 Post
959 2419 54 59 of
1031 2418 121 60 Aug.
1167 2419 102 59 7th,
1291 2418 144 60 1777,
1447 2417 131 61 gives
1595 2418 84 60 the
1695 2417 175 61 follow¬

341 2489 85 56 ing
444 2489 207 56 account
669 2486 55 59 of
742 2487 84 58 the
844 2488 219 57 capture:

424 2577 138 42 "They
574 2575 141 44 landed
730 2575 126 44 about
869 2575 73 44 five
956 2574 105 45 miles
1087 2573 98 46 from
1206 2573 190 46 Newport,
1414 2573 78 46 and
1512 2572 106 47 three
1639 2573 176 46 quarters
1830 2571 42 48 of

342 2644 27 25 a
382 2633 86 36 mile
481 2633 100 36 from
595 2632 67 37 the
682 2631 130 41 house,
829 2629 119 43 which
968 2629 94 43 they
1089 2628 243 44 approached
1359 2628 230 44 cautiously,
1606 2626 182 46 avoiding
1802 2626 70 46 the

341 2689 107 34 main
462 2687 137 43 guard,
622 2685 120 45 which
763 2694 79 36 was
864 2686 46 44 at
930 2693 105 37 some
1057 2683 181 47 distance.
1284 2683 76 47 The
1382 2682 153 48 Colonel
1554 2685 97 45 went
1671 2681 201 49 foremost,,

344 2743 90 36 with
449 2753 27 26 a
489 2745 114 34 stout
617 2740 127 39 active
756 2749 120 33 negro
891 2738 99 44 close
1005 2737 139 45 behind
1161 2737 90 45 him,
1268 2738 81 44 and
1366 2738 168 44 another
1552 2741 47 41 at
1618 2747 27 35 a
1663 2736 118 46 small
1797 2736 74 46 dis¬

345 2801 131 37 tance;
492 2797 65 41 the
569 2799 81 39 rest
663 2793 177 45 followed
856 2803 47 35 so
917 2802 48 36 as
979 2795 44 43 to
1038 2792 46 46 be
1096 2802 95 36 near
1203 2792 72 46 but
1286 2796 75 42 not
1372 2802 98 36 seen.

426 2852 63 34 "A
504 2851 120 43 single
644 2849 160 45 sentinel
825 2850 46 44 at
889 2848 68 46 the
978 2846 98 48 door
1097 2857 78 37 saw
1196 2847 78 47 and
1294 2847 125 47 hailed
1439 2848 67 46 the
1533 2847 168 47 Colonel;
1730 2847 47 47 he
1804 2856 67 38 an¬

344 2907 139 35 swered
503 2907 53 41 by
577 2904 228 44 exclaiming
832 2903 159 45 against
1018 2902 78 46 and
1123 2902 193 46 inquiring
1341 2902 69 46 for,
1439 2903 101 45 rebel
1566 2902 201 46 prisoners,
1796 2901 76 47 but

343 2963 95 43 kept
452 2961 132 45 slowly
599 2959 231 47 advancing.
872 2957 80 49 The
966 2956 159 50 sentinel
1144 2957 118 49 again
1282 2957 218 49 challenged
1512 2956 79 50 him
1606 2957 78 49 and
1697 2955 173 51 required
