2222 3315
908 306 182 44 Public
1116 308 217 46 Opinion.

1775 318 94 44 109

342 428 112 34 crats
474 430 46 36 to
544 430 50 38 do
615 433 80 37 this
703 435 18 35 ?
763 437 40 35 It
823 448 79 25 was
924 449 25 25 a
969 440 73 34 free
1055 441 109 44 fight,
1181 442 78 43 and
1273 443 66 42 the
1353 444 85 41 field
1452 455 78 30 was
1545 456 95 33 open
1655 449 45 40 to
1714 447 67 42 the
1794 458 80 31 war

344 478 230 43 Democrats
594 490 46 33 to
662 494 73 39 put
756 492 111 41 down
888 494 79 39 this
987 495 179 38 rebellion
1186 496 53 43 by
1253 497 162 44 fighting
1438 500 158 41 against
1616 501 98 40 both
1729 505 145 36 master

344 536 82 34 and
441 538 117 46 slave,
575 541 94 47 Jong
682 545 127 43 before
829 549 66 39 the
915 553 152 39 present
1087 551 124 44 policy
1232 562 80 33 was
1332 553 267 43 inaugurated.
1643 555 118 41 There
1775 557 100 39 have

344 589 95 37 been
453 603 86 26 men
554 596 93 36 base
661 602 152 42 enough
827 605 46 39 to
887 614 167 33 propose
1073 608 45 39 to
1140 616 60 31 me
1219 608 45 39 to
1284 609 133 38 return
1437 610 45 37 to
1503 609 151 42 slavery
1676 611 66 40 the
1762 611 112 40 black

343 647 176 37 warriers
540 651 46 34 of
601 652 99 37 Port
721 655 164 37 Hudson
907 659 79 35 and
1007 659 159 44 Olustee,
1191 660 78 43 and
1290 662 92 41 thus
1403 663 72 40 win
1495 664 66 39 the
1582 667 145 39 respect
1750 666 44 40 of
1807 665 68 41 the

343 705 168 33 masters
526 705 93 43 they
633 708 151 44 fought.
827 712 145 40 Should
986 714 19 38 I
1020 714 50 38 do
1086 725 55 32 so,
1158 715 19 42 I
1198 716 137 41 should
1357 717 150 40 deserve
1522 720 44 37 to
1582 719 46 38 be
1644 719 176 38 dammed
1833 720 40 37 in

343 755 96 36 time
453 759 78 35 and
546 763 178 43 eternity.
768 765 112 41 Come
894 768 106 38 what
1013 769 82 43 will,
1119 770 19 42 I
1158 770 72 42 will
1251 771 91 43 keep
1364 782 64 32 my
1442 772 98 42 faith
1557 773 88 41 with
1662 774 118 40 friend
1795 775 78 39 and

341 811 73 35 foe.
457 812 65 45 My
537 818 160 39 enemies
711 822 159 40 pretend
884 822 19 40 I
920 833 63 29 am
997 834 85 28 now
1097 825 178 43 carrying
1291 836 50 32 on
1355 826 79 42 this
1448 837 78 31 war
1540 826 59 42 for
1614 828 66 40 the
1696 829 78 39 sole
1786 839 89 33 pur¬

343 876 95 34 pose
452 869 45 41 of
512 870 204 40 abolition.
760 874 50 36 So
825 877 94 43 long
939 888 45 32 as
1005 878 19 42 I
1046 889 64 31 am
1131 879 209 43 President,
1362 881 34 41 it
1416 881 98 41 shall
1527 882 47 40 be
1588 883 145 39 carried
1749 894 50 28 on
1813 884 61 38 for

341 922 68 35 the
417 924 80 34 sole
509 934 169 35 purpose
685 929 44 40 of
737 932 194 42 restoring
944 933 66 41 the
1020 933 133 41 Union.
1183 934 79 40 But
1275 945 50 29 no
1341 935 144 39 human
1499 946 126 33 power
1639 948 72 31 can
1727 938 146 41 subdue

344 976 79 36 this
451 979 182 36 rebellion
660 983 167 36 without
854 986 66 34 the
947 997 66 24 use
1040 988 43 33 of
1100 988 65 34 the
1191 990 283 42 emancipation
1501 992 135 42 policy,
1662 993 77 41 and
1760 1004 112 32 every

342 1033 114 34 other
476 1035 127 43 policy
623 1037 214 41 calculated
857 1043 45 35 to
924 1042 152 36 weaken
1096 1043 67 35 the
1183 1044 126 34 moral
1329 1044 77 35 and
1427 1045 172 42 physical
1612 1046 119 41 forces
1747 1048 44 39 of
1805 1048 67 39 the

341 1088 192 36 rebellion.
577 1091 186 36 Freedom
784 1094 72 35 has
876 1096 113 42 given
1009 1107 46 31 us
1075 1100 79 38 two
1176 1098 171 40 hundred
1367 1099 198 39 thousand
1580 1112 84 26 men
1679 1102 125 36 raised
1819 1113 53 25 on

340 1144 189 37 southern
543 1146 83 35 soil.
669 1147 41 35 It
723 1149 73 33 will
809 1150 87 42 give
910 1161 45 31 us
970 1162 106 30 more
1095 1155 77 40 yet.
1215 1153 92 42 Just
1328 1164 43 31 so
1387 1155 111 40 much
1512 1155 34 40 it
1559 1156 72 39 has
1646 1157 225 38 subtracted

340 1198 101 35 from
467 1200 68 35 the
561 1212 151 33 enemy;
742 1203 79 42 and
848 1204 153 41 instead
1022 1207 45 38 of
1082 1207 212 44 alienating
1311 1209 68 42 the
1407 1209 134 45 South,
1571 1211 107 43 there
1699 1222 65 32 are
1783 1223 88 31 now

338 1254 196 36 evidences
562 1257 44 34 of
623 1267 25 24 a
674 1258 187 36 fraternal
887 1260 134 44 feeling
1048 1262 171 43 growing
1246 1272 52 34 up
1319 1264 166 42 between
1506 1275 71 31 our
1598 1276 85 30 men
1706 1267 77 39 and
1803 1268 69 38 the

340 1310 101 35 rank
455 1309 80 37 and
548 1312 60 34 file
622 1312 44 36 of
681 1313 66 35 the
761 1313 100 36 rebel
875 1315 172 36 soldiers.
1088 1315 73 36 Let
1180 1328 66 32 my
1260 1319 158 41 enemies
1432 1330 119 32 prove
1564 1323 45 39 to
1624 1321 66 41 the
1703 1325 166 40 country

340 1364 94 36 that
447 1366 67 35 the
528 1366 239 37 destruction
781 1369 44 35 of
841 1370 152 42 slavery
1006 1371 33 41 is
1052 1374 75 38 not
1138 1382 199 34 neeessary
1350 1376 46 40 to
1410 1374 67 42 the
1490 1376 238 40 restoration
1744 1377 44 39 of
1802 1378 68 38 the

340 1419 138 37 Union.
521 1421 20 36 I
554 1423 73 34 will
641 1423 113 36 abide
767 1425 66 34 the
847 1425 137 36 issue."

441 1509 99 44 But
557 1512 85 42 the
667 1512 182 58 change
875 1514 54 56 of
949 1515 157 56 policy
1132 1516 80 55 did
1239 1519 90 52 not
1355 1517 181 57 change
1561 1519 83 55 the
1671 1520 197 55 opinion

340 1575 56 44 of
423 1577 84 42 the
533 1576 327 56 Southerners,
889 1581 122 53 who,
1039 1582 440 57 notwithstanding
1502 1585 83 54 the
1610 1598 83 41 use
1718 1586 149 53 which

338 1641 85 43 the
457 1642 307 45 Confederate
799 1644 321 46 Government
1153 1661 98 31 was
1287 1650 200 55 making
1512 1650 52 55 of
1584 1651 83 54 the
1702 1665 162 43 negro,

338 1709 101 42 still
456 1710 232 55 regarded
705 1711 113 54 him,
840 1712 48 53 in
905 1713 83 52 the
1013 1713 168 52 United
1205 1713 164 52 States
1394 1716 219 54 uniform,
1645 1730 55 40 as
1728 1731 33 39 a
1776 1718 92 52 vic¬

338 1774 109 43 ious
473 1775 153 54 brute,
655 1778 57 51 to
739 1778 58 51 be
823 1779 115 50 shot
965 1781 55 48 at
1047 1779 143 57 sight.
1245 1779 24 57 I
1295 1780 160 56 prefer,
1484 1782 49 54 in
1561 1783 183 56 closing
1767 1784 100 55 this

338 1840 213 56 chapter,
572 1844 56 52 to
647 1843 108 56 give
770 1844 84 55 the
881 1843 238 56 Southern
1147 1846 195 55 opinion
1362 1847 52 54 of
1433 1848 83 53 the
1535 1861 162 43 negro,
1718 1849 49 55 in
1783 1850 84 54 the

338 1908 158 44 words
532 1908 54 44 of
607 1922 31 30 a
674 1909 345 56 distinguished
1062 1912 165 53 native
1271 1913 54 52 of
1351 1914 116 51 that
1510 1915 195 50 section.
1775 1915 89 50 Mr.

338 1971 182 59 George
538 1974 70 56 W.
630 1974 152 56 Cable,
804 1975 49 55 in
871 1977 72 53 his
965 1979 26 51 "
1004 1976 146 54 Silent
1169 1976 203 56 South,"
1391 1980 114 52 thus
1526 1980 130 57 gives
1675 1980 63 57 it:

420 2073 23 17 "
452 2073 59 35 He
524 2085 79 24 was
617 2074 173 44 brought
810 2078 46 40 to
878 2086 72 32 our
970 2077 131 41 shores
1123 2088 25 30 a
1168 2078 135 43 naked,
1325 2079 164 43 brutish,
1506 2080 170 44 unclean,
1700 2082 163 43 captive,

336 2137 134 35 pagan
484 2139 156 33 savage,
655 2132 45 40 to
716 2131 46 41 be
777 2131 79 41 and
870 2132 144 40 remain
1036 2143 25 29 a
1081 2132 93 40 kind
1195 2133 43 39 of
1254 2134 223 42 connecting
1498 2135 79 41 link
1592 2136 165 40 between
1772 2147 92 29 man.

335 2184 82 34 and
430 2184 66 34 the
510 2183 131 36 beasts
657 2185 44 34 of
716 2186 157 35 burden.
917 2186 78 35 The
1015 2190 112 39 great
1147 2188 164 43 changes
1324 2191 46 40 to
1384 2190 120 41 result
1518 2190 99 41 from
1632 2191 59 40 his
1705 2194 159 37 contact

336 2238 93 35 with
444 2249 26 24 a
483 2240 137 43 superb
635 2250 87 33 race
737 2241 44 42 of
797 2244 165 39 masters
975 2252 92 31 were
1081 2244 73 39 not
1173 2243 119 40 taken
1312 2243 84 40 into
1419 2247 175 36 account.
1638 2245 52 38 As
1706 2256 25 27 a
1744 2247 119 36 social

336 2293 127 40 factor
476 2294 47 39 he
537 2305 78 28 was
630 2295 179 38 intended
823 2299 44 34 to
883 2296 46 37 be
945 2306 42 27 as
1002 2296 131 43 purely
1148 2308 83 31 zero
1255 2308 43 31 as
1320 2298 65 41 the
1398 2299 112 40 brute
1525 2301 46 38 at
1585 2299 65 40 the
1666 2300 112 39 other
1790 2301 73 38 end

335 2348 47 35 of
397 2349 59 34 his
469 2350 99 42 plow
581 2350 85 42 line.
709 2350 79 42 The
809 2351 218 41 occasional
1047 2351 185 43 mingling
1253 2352 43 42 of
1310 2352 59 42 his
1389 2352 120 42 blood
1519 2354 97 40 -with
1631 2355 93 39 that
1738 2356 44 38 of
1796 2356 68 38 the

335 2404 113 35 white
474 2415 92 24 man
594 2396 153 44 worked
774 2415 51 25 no
847 2406 145 42 change
1011 2405 40 43 in
1070 2404 67 44 the
1158 2405 221 44 sentiment;
1403 2418 82 32 one,
1507 2410 92 41 two,
1624 2409 96 43 four,
1743 2410 118 43 eight,

335 2459 212 44 multiplied
561 2470 106 33 upon
683 2470 45 33 or
742 2460 151 43 divided
907 2461 38 42 in
960 2462 44 41 to
1020 2470 96 33 zero,
1133 2460 78 43 still
1231 2470 100 33 gave
1345 2471 83 32 zero
1443 2462 60 41 for
1516 2463 67 40 the
1596 2464 130 39 result.
1771 2464 92 39 Gen¬

333 2515 173 34 erations
528 2515 44 34 of
587 2514 200 35 American
808 2514 171 42 nativity
1000 2514 112 42 made
1132 2524 51 32 no
1206 2514 207 44 difference;
1430 2517 58 41 his
1503 2517 165 41 children
1684 2519 77 39 and
1775 2519 87 39 chil-

334 2569 124 35 drens'
480 2569 166 35 children
667 2580 92 24 were
780 2570 100 34 born
900 2569 40 35 in
961 2568 104 42 sight
1088 2568 41 42 of
1147 2578 70 32 our
1240 2568 107 43 door,
1369 2572 66 40 yet
1456 2571 65 41 the
1543 2572 64 40 old
1622 2573 138 39 notion
1774 2573 84 39 held

332 2625 92 35 fast.
467 2624 60 36 He
540 2624 193 36 increased
746 2626 45 34 to
806 2626 93 34 vast
913 2623 189 42 numbers,
1117 2622 74 43 but
1205 2622 33 43 it
1251 2633 112 32 never
1376 2625 182 40 wavered.
1601 2626 59 39 He
1682 2628 178 42 accepted

332 2689 75 25 our
434 2679 116 42 dress,
573 2680 203 43 language,
799 2678 170 45 religion,
993 2677 52 46 all
1065 2676 67 47 the
1151 2677 283 46 fundamentals
1456 2680 44 43 of
1516 2691 71 32 our
1613 2681 243 43 civilization,

329 2734 83 36 and
431 2735 155 35 became
606 2734 146 36 forever
773 2731 245 44 expatriated
1031 2731 100 44 from
1145 2731 58 44 his
1217 2742 85 33 own
1316 2733 109 43 land;
1443 2735 77 41 still
1534 2734 46 42 he
1593 2736 202 41 remained,
1812 2738 46 39 to

331 2800 58 33 us,
407 2800 51 33 an
473 2790 110 43 alien.
627 2788 80 45 Our
727 2788 206 45 sentiment
953 2787 100 46 went
1072 2785 116 48 blind.
1229 2783 42 50 It
1292 2787 64 46 did
1376 2790 72 43 not
1462 2799 59 34 see
1533 2789 93 44 that
1639 2790 217 43 gradually,

330 2845 88 36 here
438 2845 54 42 by
512 2844 101 43 force
634 2842 78 45 and
732 2842 108 45 there
859 2841 53 46 by
932 2840 137 47 choice,
1092 2838 46 49 he
1157 2848 79 39 was
1250 2838 172 51 fulfilling
1435 2853 25 36 a
1474 2843 92 46 host
1581 2844 44 45 of
1639 2844 218 45 conditions

330 2900 94 36 that
438 2897 140 39 earned
593 2899 46 37 at
652 2897 101 39 least
768 2906 25 30 a
807 2895 144 41 solemn
965 2894 125 42 moral
1110 2894 106 42 right
1235 2896 45 40 to
1301 2894 94 42 that
1414 2898 302 38 naturalization
1737 2898 120 38 which

329 2964 55 27 no
400 2964 72 27 one
487 2956 46 35 at
553 2953 87 38 first
660 2950 79 41 had
761 2948 178 43 dreamed
960 2947 45 44 of
1018 2947 133 44 giving
1163 2947 90 44 him.
1296 2948 229 46 Frequently
1538 2952 46 42 he
1597 2962 93 32 even
1702 2952 158 43 bought
