2200 3300
833 296 106 42 The
972 295 119 43 War
1117 305 64 33 of
1209 292 143 46 1775.

1792 290 63 41 63

323 430 150 43 mand
493 430 54 43 of
568 430 112 43 Gen.
702 429 215 44 Provost
936 440 181 42 occupy
1135 425 285 57 Savannah;
1439 424 83 58 the
1540 423 249 59 surrender
1808 422 52 60 of

322 496 328 44 Charlestown
667 495 99 45 had
791 496 192 44 become
1016 505 271 41 necessary;
1326 491 96 55 and
1454 490 134 56 these
1607 489 115 57 evils
1740 502 118 44 were

323 564 69 42 all
409 563 217 55 brought
644 562 156 56 about
818 561 66 57 by
899 560 85 58 the
1002 559 190 59 apathy
1210 557 53 61 of
1274 557 83 61 the
1375 556 140 62 white
1533 554 322 64 inhabitants.

375 629 193 57 Among
592 629 142 57 those
758 627 109 59 who
894 627 148 59 spoke
1069 627 89 59 out
1183 624 50 62 in
1259 624 140 62 favor
1427 622 53 64 of
1502 622 95 64 Col.
1627 622 230 64 Laurens'

325 696 100 43 and
452 696 112 43 Gen.
585 693 241 46 Lincoln's
850 692 131 56 plan,
1000 704 100 44 was
1126 690 128 58 Hon.
1284 689 165 59 James
1475 689 239 59 Madison,
1734 688 124 60 who,

324 776 69 30 on
409 763 85 43 the
512 762 123 44 20th
654 760 54 46 of
727 759 279 52 November,
1029 758 143 53 1780,
1193 758 149 53 wrote
1359 759 57 52 to
1445 755 182 56 Joseph
1645 754 169 57 Jones:

411 863 44 34 "I
477 873 65 24 am
569 861 93 43 glad
682 863 45 41 to
749 860 80 44 find
849 860 67 44 the
936 858 238 46 Legislature
1194 856 207 48 persisting
1421 856 40 48 in
1475 855 100 49 their
1588 854 210 50 resolution
1813 856 47 48 to

327 919 142 34 recruit
482 917 100 36 their
593 917 75 36 line
683 916 44 37 of
741 916 68 37 the
830 925 111 31 army
960 914 61 42 for
1040 913 68 43 the
1129 923 96 33 war;
1247 912 164 44 though,
1436 911 165 45 without
1623 909 171 47 deciding
1809 919 53 37 on

327 975 70 34 the
410 973 226 43 expediency
651 972 44 44 of
710 972 66 44 the
790 970 113 46 mode
916 969 119 47 under
1048 968 100 48 their
1169 967 297 49 consideration,
1484 965 125 51 would
1623 965 34 51 it
1670 967 72 49 not
1755 964 47 52 be
1816 974 47 42 as

330 1030 81 35 well
424 1032 45 33 to
483 1029 161 36 liberate
659 1027 78 38 and
751 1026 112 39 make
878 1025 157 40 soldiers
1051 1026 45 39 at
1110 1033 91 32 once
1217 1022 43 43 of
1276 1022 65 43 the
1356 1022 132 43 blacks
1504 1021 235 44 themselves,
1757 1029 44 36 as
1815 1021 46 44 to

330 1085 115 35 make
457 1085 107 35 them
577 1084 253 36 instruments
850 1081 60 39 for
930 1080 179 42 enlisting
1130 1078 112 44 white
1258 1078 157 44 soldiers
1424 1078 18 44 ?
1485 1077 40 45 It
1539 1075 124 47 would
1678 1074 185 48 certainly

331 1141 49 34 be
393 1150 106 26 more
513 1140 220 36 consonant
746 1136 92 40 with
851 1137 67 39 the
931 1135 199 44 principles
1145 1134 43 45 of
1204 1134 157 45 liberty:
1380 1132 88 47 and,
1486 1132 92 47 with
1591 1131 113 48 white
1719 1130 144 49 officers

331 1197 82 34 and
428 1206 25 25 a
467 1195 187 43 majority
668 1193 43 45 of
726 1193 113 45 white
853 1191 169 47 soldiers,
1044 1201 51 37 no
1117 1189 232 49 imaginable
1373 1189 144 49 danger
1539 1186 111 52 could
1671 1186 47 52 be
1737 1184 127 54 feared

331 1253 102 34 from
448 1250 244 42 themselves;
709 1259 45 33 as
767 1248 107 44 there
893 1246 185 46 certainly
1099 1246 113 46 could
1232 1245 47 47 be
1300 1254 99 38 none
1419 1244 99 48 from
1539 1242 66 50 the
1619 1241 105 51 effect
1739 1240 43 52 of
1797 1239 68 53 the

331 1307 179 42 example
530 1316 53 33 on
601 1305 115 44 those
734 1304 85 45 who
848 1302 138 47 should
1013 1301 146 48 remain
1186 1301 39 48 in
1253 1300 196 49 bondage;
1479 1297 211 52 experience
1717 1294 148 55 having

336 1364 134 34 shown
483 1363 94 35 that
592 1371 25 27 a
629 1360 194 38 freedman
836 1357 257 41 immediately
1107 1357 100 41 loses
1229 1355 52 43 all
1302 1354 242 44 attachment
1559 1352 78 46 and
1651 1349 213 49 sympathy

337 1418 93 35 with
444 1418 61 35 his
517 1417 142 36 former
670 1415 121 38 fellow
804 1412 162 41 slaves."

438 1506 75 43 No
532 1505 362 44 circumstances
920 1501 149 48 under
1095 1499 150 50 which
1270 1498 82 51 the
1378 1496 154 53 South
1557 1508 98 41 was
1683 1493 181 56 placed,

339 1573 142 43 could
499 1571 166 45 induce
682 1569 148 47 either
846 1567 125 49 their
988 1565 272 55 legislators
1280 1577 56 43 or
1353 1563 83 57 the
1453 1561 163 59 people
1632 1563 57 57 to
1710 1559 155 61 adopt

339 1640 86 42 the
458 1634 463 48 recommendations
957 1633 55 49 of
1039 1630 231 56 Congress
1306 1642 57 44 or
1395 1628 83 58 the
1512 1626 164 60 advice
1710 1625 55 61 of
1783 1623 85 63 the

341 1705 217 55 patriots
587 1701 96 59 and
710 1702 262 58 statesmen
991 1697 53 63 of
1064 1697 124 63 their
1216 1695 192 65 section.
1463 1693 98 67 The
1588 1691 279 69 opposition

342 1774 58 39 to
419 1771 83 42 the
521 1769 189 53 arming
727 1766 53 56 of
799 1766 83 56 the
900 1776 195 46 negroes
1122 1775 97 47 was
1248 1761 139 61 much
1407 1761 219 61 stronger
1643 1758 124 64 than
1784 1757 84 65 the

342 1839 112 41 love
469 1837 76 43 for
560 1832 353 55 independence.
968 1829 99 58 The
1082 1828 196 59 British,
1300 1827 226 60 however,
1548 1823 212 64 adopted
1785 1822 86 65 the

344 1905 132 54 plan,
498 1902 97 57 and
611 1900 83 59 left
711 1911 64 48 no
795 1900 138 59 stone
959 1894 236 65 unturned
1223 1896 55 63 to
1301 1893 229 66 augment
1546 1890 83 69 the
1647 1888 223 71 strength

346 1971 57 42 of
438 1968 124 45 their
598 1978 152 41 army.
802 1962 287 57 Thousands
1135 1960 54 59 of
1225 1971 197 48 negroes
1464 1956 180 63 flocked
1686 1957 57 62 to
1785 1954 86 65 the

346 2036 160 55 Eoyal
523 2031 235 60 standard
783 2032 55 59 at
855 2042 139 49 every
1020 2026 335 65 opportunity,
1370 2024 104 67 just
1500 2035 55 56 as
1582 2022 48 69 in
1663 2021 83 70 the
1771 2032 101 59 war

347 2103 57 42 of
422 2102 83 43 the
530 2098 239 47 Bebellion
794 2096 49 49 in
871 2093 240 53 1861-'65,
1140 2092 116 54 they
1284 2090 179 56 sought
1489 2088 206 58 freedom
1722 2086 150 60 under

345 2170 86 41 the
448 2165 222 46 national
687 2165 194 46 banner.

449 2234 48 42 It
522 2233 90 43 has
638 2243 106 33 ever
770 2230 114 46 been
909 2228 82 48 the
1016 2225 99 51 rule
1143 2236 182 41 among
1341 2220 248 57 American
1605 2218 267 59 historians

348 2304 58 40 to
427 2300 121 44 omit
566 2298 164 56 giving
748 2295 146 59 credit
913 2296 53 58 to
985 2293 141 61 those
1144 2302 197 52 negroes
1359 2288 106 66 who
1486 2285 179 69 sought
1682 2286 56 68 to
1757 2283 116 71 gain

348 2367 128 42 their
491 2365 206 44 freedom
715 2364 65 53 by
791 2361 187 56 joining
993 2359 84 58 the
1094 2356 193 61 British.
1344 2354 132 63 They
1493 2353 126 64 have
1633 2349 242 68 generally

352 2434 104 42 also
475 2431 138 45 failed
631 2432 56 44 to
708 2426 328 54 acknowledge
1060 2424 83 56 the
1168 2422 140 58 valor
1328 2420 53 60 of
1401 2419 142 61 those
1560 2417 105 63 who
1693 2414 181 66 swelled

349 2500 84 41 the
467 2498 147 43 ranks
650 2497 53 44 of
722 2495 83 46 the
838 2486 304 55 Continental
1178 2500 152 41 army.
1385 2483 220 58 Enough,
1642 2482 229 59 however,

349 2578 93 29 can
459 2565 58 42 be
541 2561 245 58 gathered,
806 2558 182 61 mostly
1012 2557 123 62 from
1162 2554 191 65 private
1379 2548 409 71 correspondence,
1815 2548 58 71 to

350 2632 133 42 show
508 2630 116 44 that
649 2628 95 47 the.
758 2627 124 53 hope
900 2624 54 56 of
974 2633 179 47 success
1188 2619 74 61 for
1294 2618 83 62 the
1411 2615 271 65 Americans
1716 2611 157 69 rested

350 2697 151 48 either
525 2696 50 49 in
598 2695 84 50 the
708 2692 198 53 docility
933 2689 54 56 of
1004 2688 84 57 the
1112 2697 197 48 negroes
1345 2685 56 60 at
1432 2682 84 63 the
1551 2680 170 65 South,
1742 2691 57 54 or
1823 2677 51 68 in

351 2763 125 43 their
493 2761 191 55 loyalty
700 2762 56 54 to
775 2758 82 58 the
875 2768 139 48 cause
1033 2752 53 64 of
1106 2750 357 66 Independence.
1516 2748 66 68 At
1610 2745 64 71 all
1692 2745 179 71 events,

352 2842 134 42 upon
502 2828 83 56 the
604 2827 163 57 action
794 2823 54 61 of
867 2822 83 62 the
975 2818 164 66 blacks
1165 2828 131 56 more
1320 2815 124 69 than
1469 2824 131 60 upon
1625 2812 84 72 the
1734 2811 142 73 brav-

352 2916 128 28 nentals
492 2915 126 29 evinced
630 2914 54 30 the
696 2912 88 32 most
796 2909 182 35 unyielding
989 2908 151 36 firmness,
1155 2904 64 40 and
1231 2902 124 42 pressed
1366 2900 139 44 forward
1517 2899 75 45 with
1610 2898 137 46 unusual
1764 2896 109 48 ardor.

353 2951 101 25 Never
478 2949 53 27 did
556 2955 69 21 men
650 2947 109 31 acquit
777 2944 187 34 themselves
983 2946 87 32 more
1092 2936 190 42 honorably.
1318 2936 86 42 They
1422 2932 176 46 submitted
1616 2931 74 47 only
1709 2931 87 47 when
1812 2929 67 49 for-

353 2984 101 29 eaken
466 2983 42 31 by
521 2982 82 32 their
614 2981 148 33 brethren
774 2979 33 35 in
819 2983 97 31 arms,
930 2974 64 40 and
1007 2973 88 41 when
1106 2969 218 45 overpowered
1336 2968 42 46 by
1391 2973 157 41 numuers.
