2235 3323
728 293 343 46 Department
1098 306 65 33 of
1189 307 96 33 the
1314 296 152 46 Gulf.

1782 297 97 43 183

931 930 286 45 CHAPTER
1241 932 54 45 V.

760 1048 339 39 DEPARTMENT
1120 1052 63 36 OF
1204 1053 102 36 THE
1328 1054 140 36 GULF.

446 1154 149 45 "When
622 1156 215 46 Admiral
863 1160 287 57 Farragut's
1176 1163 105 54 fleet
1309 1165 232 52 anchored
1570 1168 55 49 at
1651 1165 105 52 New
1784 1167 84 50 Or¬

344 1220 146 54 leans,
531 1223 96 51 and
662 1223 166 51 Bntler
864 1228 220 55 occupied
1117 1230 83 53 the
1233 1230 108 54 city,
1370 1231 132 53 three
1535 1233 254 55 regiments
1817 1234 53 54 of

323 1287 321 51 .confederate
669 1303 148 42 negro
843 1294 174 53 troops
1043 1307 115 40 were
1183 1296 147 51 under
1356 1309 127 38 arms
1508 1300 241 55 guarding
1781 1301 86 54 the

343 1351 174 45 United
554 1354 164 44 States
752 1356 124 44 Mint
911 1358 226 58 building,
1166 1361 112 55 with
1306 1362 159 54 orders
1500 1366 55 50 to
1592 1365 197 57 destroy
1822 1368 42 54 it

342 1419 157 44 before
519 1422 331 56 surrendering
868 1424 39 54 it
926 1427 55 51 to
1009 1426 81 52 the
1116 1426 224 52 Yankees.
1394 1428 96 50 The
1508 1429 209 57 brigade,
1738 1433 125 53 how¬

341 1497 121 42 ever,
492 1499 99 40 was
617 1487 49 52 in
692 1490 256 49 command
976 1491 55 48 of
1051 1504 31 35 a
1109 1490 152 49 Creole
1286 1494 223 54 mulatto,
1530 1497 119 53 who,
1670 1498 191 52 instead

342 1552 54 42 of
417 1553 225 56 carrying
668 1557 89 52 out
775 1555 83 54 the
884 1557 162 52 orders
1080 1558 139 56 given
1252 1559 110 55 him,
1392 1561 95 53 and
1513 1562 241 59 following
1778 1566 87 55 the

340 1620 175 53 troops
552 1622 89 51 out
677 1619 52 54 of
757 1620 83 53 the
875 1621 97 55 city
991 1635 63 41 on
1072 1623 121 53 their
1211 1628 190 51 retreat,
1423 1631 436 48 counter-marched

340 1683 75 43 his
442 1686 256 41 command
727 1687 96 42 and
857 1699 98 31 was
990 1691 81 40 cut
1089 1690 70 42 off
1177 1689 120 44 from
1314 1692 82 43 the
1413 1694 129 43 main
1562 1694 131 57 body
1712 1696 54 55 of
1776 1698 87 53 the

341 1760 139 44 army
507 1750 65 54 by
597 1750 84 54 the
707 1750 196 54 Federal
929 1753 159 55 forces,
1125 1758 55 50 to
1215 1757 154 51 whom
1402 1759 116 56 they
1553 1762 181 56 quietly
1760 1777 99 41 sur¬

339 1814 223 44 rendered
583 1828 31 30 a
630 1815 81 43 few
732 1818 120 55 days
874 1818 132 55 after.

441 1878 196 46 General
664 1882 172 56 Phelps
863 1885 308 53 commanded
1196 1888 83 50 the
1296 1888 196 50 Federal
1509 1892 147 46 forces
1676 1897 55 41 at
1750 1894 108 45 Car-

337 1946 179 53 rolton,
539 1947 155 52 about
721 1961 140 38 seven
886 1951 129 48 miles
1041 1952 121 47 from
1196 1953 106 46 New
1338 1955 208 56 Orleans,
1582 1960 84 51 the
1690 1961 170 55 princi¬

338 2011 82 56 pal
446 2012 138 55 point
611 2013 48 54 in
684 2014 83 53 the
793 2017 178 50 cordon
990 2019 185 48 around
1193 2020 82 47 the
1292 2021 112 57 city.
1458 2022 123 56 Here
1597 2026 84 52 the
1699 2028 157 50 slaves

337 2078 319 56 congregated
683 2079 48 55 in
758 2081 130 56 large
914 2084 232 53 numbers,
1177 2086 187 57 seeking
1390 2088 206 55 freedom
1624 2093 95 50 and
1747 2106 109 43 pro¬

334 2142 182 43 tection
558 2144 122 43 from
722 2147 125 42 their
890 2148 268 46 barbarous
1202 2165 236 32 overseers
1483 2156 96 43 and
1630 2162 224 42 masters.

335 2207 140 45 Some
493 2209 53 44 of
564 2211 132 43 these
713 2223 124 45 poor
855 2218 235 50 creatures
1108 2231 123 37 wore
1248 2219 131 49 irons
1398 2220 96 48 and
1513 2222 186 56 chains;
1721 2238 136 40 some

335 2287 132 30 came
484 2276 212 57 bleeding
713 2277 122 56 from
854 2281 229 54 gun-shot
1100 2285 210 50 wounds.
1349 2284 196 51 General
1563 2287 172 59 Phelps
1753 2305 102 41 was

334 2352 64 32 an
426 2341 79 43 old
525 2342 314 56 abolitionist,
862 2347 94 51 and
975 2348 98 50 had
1091 2350 130 55 early
1240 2352 245 53 conceived
1502 2355 85 50 the
1603 2355 109 50 idea
1735 2358 116 47 that

330 2407 85 43 the
439 2418 173 45 proper
644 2409 140 57 thing
816 2414 57 52 to
901 2412 61 54 do
989 2426 98 40 was
1114 2415 74 51 for
1212 2417 84 49 the
1321 2424 314 49 government
1660 2425 56 48 to
1745 2436 106 37 arm

330 2472 83 44 the
448 2486 208 43 negroes.
710 2474 113 55 Now
858 2491 130 38 came
1021 2480 73 49 his
1122 2483 321 56 opportunity
1477 2488 55 51 to
1569 2489 94 50 act.
1717 2488 134 51 Hun¬

329 2539 139 43 dreds
497 2538 52 44 of
571 2541 291 45 able-bodied
889 2557 105 30 men
1020 2559 116 29 were
1161 2547 47 42 in
1243 2547 73 44 his
1352 2563 177 44 camps,
1565 2554 149 56 ready
1751 2557 96 53 and

326 2605 177 56 willing
526 2607 56 54 to
609 2606 122 57 fight
756 2609 74 54 for
854 2612 124 51 their
1004 2613 205 50 freedom
1237 2615 97 48 and
1352 2616 83 47 the
1452 2621 330 52 preservation
1801 2622 57 51 of

324 2672 85 44 the
426 2670 170 46 Union.
668 2674 96 44 The
782 2679 319 44 secessionists
1120 2680 48 43 in
1193 2681 116 43 that
1336 2683 362 55 neighborhood
1725 2701 127 37 com¬

324 2738 190 58 plained
549 2742 56 54 to
641 2740 196 56 General
870 2746 165 50 Butler
1072 2748 153 48 about
1258 2749 124 47 their
1417 2764 198 43 negroes
1656 2753 196 58 leaving

320 2807 135 44 them
483 2808 97 43 and
606 2810 147 57 going
769 2812 108 55 into
895 2826 137 43 camp
1052 2814 114 55 with
1191 2816 83 53 the
1299 2816 228 53 Yankees.
1583 2819 63 50 So
1665 2834 186 35 numer¬

325 2887 90 31 ous
467 2886 116 32 were
632 2874 82 44 the
764 2877 301 55 complaints,
1118 2879 116 53 that
1282 2882 83 50 the
1416 2884 209 56 General,
1680 2890 168 58 acting

323 2940 151 48 under
493 2940 162 48 orders
682 2941 121 47 from
829 2942 334 57 Washington,
1194 2946 95 53 and
1317 2948 103 51 also
1448 2951 255 59 foreseeing
1728 2956 117 54 that
