2200 3300
338 318 64 42 86

643 318 221 42 History
890 328 64 32 of
980 327 96 33 the
1102 315 166 45 Black
1291 310 253 50 Phalanx.

336 447 173 44 battle.
562 449 98 42 The
685 449 204 42 conduct
916 447 53 44 of
995 447 84 44 the
1103 455 147 43 negro
1278 437 196 61 soldiers
1499 433 50 65 in
1577 430 111 68 Gen.
1717 427 142 71 Jack¬

338 514 132 42 son's
488 527 141 41 army
645 527 64 41 on
725 514 116 54 that
859 512 222 56 occasion
1106 510 90 58 has
1221 517 110 51 ever
1354 503 114 65 been
1494 494 272 74 applauded
1793 492 67 76 by

338 580 84 41 the
438 579 246 43 American
701 579 177 54 people.
915 577 87 56 Mr.
1023 576 119 57 Day,
1162 573 50 60 in
1230 569 139 64 Nell's
1390 562 228 71 "Colored
1636 558 223 75 Patriots

341 646 54 40 of
413 646 84 41 the
513 645 246 42 American
777 640 334 52 Revolution,"
1132 649 136 43 says:

422 754 149 34 "From
586 764 52 24 an
659 751 287 37 authenticated
968 751 122 39 chart,
1112 744 206 46 belonging
1336 745 46 45 to
1405 750 24 40 a
1450 738 139 52 soldier
1602 735 130 55 friend,
1749 734 19 56 I
1781 734 79 56 find

340 808 104 43 that,
472 809 40 42 in
538 809 68 42 the
630 808 126 43 battle
784 807 43 44 of
855 807 86 44 New
969 804 167 47 Orleans,
1166 794 298 57 Major-General
1490 793 159 58 Andrew
1676 790 183 61 Jackson,

341 861 426 42 Commander-in-Chief,
784 861 78 42 and
876 860 58 43 his
949 858 102 45 staff,
1068 865 93 38 were
1176 855 84 48 just
1281 854 45 49 at
1345 851 67 52 the
1431 849 107 54 right
1559 847 43 56 of
1615 846 68 57 the
1697 845 165 58 advanc¬

340 916 67 43 ing
420 917 67 42 left
501 917 151 42 column
667 917 42 42 of
725 916 66 43 the
805 914 154 45 British,
976 912 78 47 and
1068 910 93 49 that
1173 918 93 41 very
1280 916 92 43 near
1386 904 79 55 him
1478 912 93 47 were
1586 900 196 59 stationed
1795 901 67 58 the

341 971 152 34 colored
502 971 167 34 soldiers.
698 971 59 34 He
764 970 32 35 is
804 967 203 38 numbered
1017 967 35 40 6,
1063 964 78 43 and
1154 963 67 44 the
1233 960 172 47 position
1413 959 44 48 of
1465 958 66 49 the
1538 956 151 51 colored
1704 955 157 52 soldiers

341 1026 37 33 8.
421 1026 79 33 The
520 1026 113 33 chart
652 1023 250 44 explanation
924 1022 43 45 of
982 1020 71 47 No.
1070 1019 23 48 8
1115 1017 113 50 reads
1247 1016 154 51 thus:—
1442 1013 54 54 '8.
1539 1011 184 56 Captains
1736 1010 126 57 Domi¬

341 1080 113 42 nique
475 1080 77 42 and
573 1079 148 43 Bluche,
743 1081 78 41 two
844 1076 51 46 24
915 1074 210 48 pounders;
1141 1071 125 51 Major
1280 1068 198 54 Lacoste's
1491 1067 210 55 battalion,
1716 1065 145 57 formed

342 1134 44 33 of
414 1135 66 33 the
506 1144 86 24 men
620 1134 43 34 of
678 1133 105 35 color
811 1131 43 37 of
869 1130 86 38 New
983 1128 157 40 Orleans
1168 1126 88 42 and,
1286 1125 125 43 Major
1438 1122 184 46 Daquin's
1649 1121 209 47 battalion,

341 1188 147 34 formed
502 1189 43 33 of
560 1188 67 34 the
640 1197 85 25 men
740 1186 43 36 of
798 1186 106 36 color
919 1184 43 38 of
977 1181 56 41 St.
1050 1181 202 42 Domingo,
1268 1180 119 43 under
1407 1178 125 45 Major
1546 1177 161 46 Savary,
1724 1175 138 48 second

341 1243 40 33 in
396 1242 235 34 command.'

424 1298 22 16 "
456 1298 105 40 They
576 1294 177 44 occupied
767 1304 51 34 no
832 1303 113 35 mean
959 1292 117 46 place,
1093 1291 77 47 and
1185 1290 65 48 did
1263 1299 51 39 no
1329 1299 111 39 mean
1455 1287 148 51 service.

425 1352 21 16 "
457 1352 117 33 From
596 1351 112 34 other
729 1349 223 36 documents
978 1347 40 38 in
1033 1357 65 31 my
1117 1345 229 44 possession,
1369 1344 19 45 I
1416 1354 63 35 am
1501 1343 84 46 able
1605 1344 44 45 to
1671 1343 105 46 state
1794 1341 68 48 the

342 1407 160 34 number
523 1406 43 35 of
580 1406 67 35 the
670 1403 217 38 'battalion
908 1402 43 39 of
967 1401 55 40 St.
1045 1401 190 41 Domingo
1256 1410 85 32 men
1369 1398 43 44 of
1427 1397 122 45 color'
1571 1400 45 42 to
1644 1397 99 45 have
1768 1396 92 46 been

344 1471 73 24 one
429 1460 173 35 hundred
616 1459 79 36 and
708 1459 105 41 fifty;
836 1457 78 43 and
935 1457 42 43 of
996 1456 142 44 'Major
1158 1454 196 46 Lacoste's
1374 1453 198 47 battalion
1593 1452 43 48 of
1651 1450 210 50 Louisiana

342 1527 87 23 men
444 1516 43 34 of
502 1513 130 44 color,'
649 1517 78 40 two
743 1512 172 45 hundred
930 1511 77 46 and
1022 1511 141 46 eighty.

426 1571 135 33 "Thus
575 1579 93 25 were
690 1579 91 25 over
801 1569 86 35 four
907 1566 172 38 hundred
1095 1566 103 38 'men
1212 1565 43 39 of
1270 1563 122 41 color'
1408 1563 39 41 in
1460 1563 93 41 that
1565 1562 136 42 battle.
1742 1560 118 44 "When

342 1626 36 35 it
397 1626 35 35 is
450 1625 252 36 remembered
722 1624 94 37 that
835 1623 67 38 the
922 1622 119 39 whole
1059 1621 160 40 number
1239 1620 44 41 of
1297 1619 158 42 soldiers
1474 1617 161 44 claimed
1651 1617 54 44 by
1722 1616 139 45 Ameri¬

342 1691 95 25 cans
449 1683 46 33 to
510 1681 99 35 have
629 1680 92 36 been
741 1679 39 37 in
801 1679 93 37 that
914 1678 125 38 battle
1059 1676 158 40 reached
1239 1675 89 41 only
1351 1674 113 42 3600,
1480 1673 33 43 it
1527 1673 72 43 will
1611 1673 47 43 be
1671 1682 84 34 seen
1769 1672 92 44 that

342 1737 68 34 the
425 1737 9 34 '
443 1746 86 25 men
550 1735 43 36 of
608 1734 123 37 color'
749 1743 92 28 were
860 1734 153 42 present
1032 1732 39 44 in
1092 1731 111 45 much
1230 1730 125 46 larger
1381 1728 231 48 proportion
1638 1728 98 48 than
1761 1727 100 49 their

342 1791 180 35 numbers
536 1791 39 35 in
589 1790 67 36 the
668 1791 166 39 country
848 1787 229 43 warranted.

422 1846 186 33 "Neither
622 1854 78 25 was
714 1844 106 35 there
834 1842 251 43 colorphobia
1097 1841 103 44 then.
1243 1839 125 46 Major
1388 1837 197 48 Planche's
1604 1836 197 49 battalion
1821 1835 43 50 of

343 1900 212 35 uniformed
582 1900 199 35 volunteer
807 1897 228 43 companies,
1059 1896 78 44 and
1164 1895 125 45 Major
1317 1893 196 47 Lacoste's
1542 1893 102 47 'men
1672 1892 44 48 of
1730 1891 128 49 color,'

343 1954 141 43 fought
536 1954 196 43 together;
748 1963 56 34 so,
828 1953 95 44 also,
947 1951 65 46 did
1032 1950 126 47 Major
1176 1949 185 48 Daquin's
1377 1949 103 48 'men
1500 1948 46 49 of
1559 1947 129 50 color,'
1704 1946 78 51 and
1795 1947 67 50 the

342 2010 111 42 44th,
470 2009 119 43 under
604 2007 164 45 Captain
782 2005 169 47 Baker."

442 2107 129 41 Hon.
599 2105 182 43 Robert
807 2103 43 45 C.
880 2102 267 54 Winthrop,
1175 2102 49 54 in
1249 2101 74 55 his
1357 2101 164 55 speech
1554 2100 50 56 in
1630 2100 229 56 Congress

344 2187 64 28 on
449 2173 84 42 the
575 2170 369 54 Imprisonment
987 2169 53 55 of
1077 2166 196 58 Colored
1316 2165 209 59 Seamen,
1572 2164 284 60 September,

344 2238 143 51 1850,
508 2237 115 52 bore
639 2235 98 54 this
755 2234 263 55 testimony
1034 2234 56 55 to
1108 2231 124 58 their
1248 2231 189 58 gallant
1455 2231 227 58 conduct:

424 2346 49 33 "I
494 2346 99 33 have
614 2355 51 24 an
692 2342 234 43 impression,
948 2342 103 43 that,
1073 2343 83 42 not,
1179 2340 141 45 indeed,
1343 2340 39 45 in
1402 2339 106 46 these
1528 2340 133 45 piping
1679 2341 113 44 times
1821 2341 43 44 of

340 2411 125 33 peace,
480 2400 73 44 but
565 2399 39 45 in
619 2399 66 45 the
699 2397 92 47 time
812 2397 43 47 of
869 2406 90 38 war,
982 2396 104 48 when
1108 2395 103 49 quite
1233 2405 25 39 a
1277 2395 89 49 boy,
1389 2393 19 51 I
1428 2394 99 50 have
1548 2404 84 40 seen
1653 2396 112 48 black
1786 2398 73 46 sol¬

343 2456 97 34 diers
467 2452 168 42 enlisted,
665 2452 84 42 who
779 2450 64 44 did
870 2449 151 45 faithful
1042 2449 77 45 and
1139 2449 178 45 excellent
1337 2448 147 46 service.
1528 2448 88 46 But,
1639 2450 173 44 however
1824 2452 35 42 it

341 2519 92 32 may
446 2509 100 42 have
559 2507 92 44 been
664 2506 40 45 in
718 2505 66 46 the
798 2504 190 47 Northern
1008 2503 141 48 States,
1172 2503 19 48 I
1210 2513 72 38 can
1302 2502 65 49 tell
1387 2502 66 49 the
1468 2502 164 49 Senator
1646 2505 105 46 what
1764 2506 94 45 hap¬

341 2563 118 45 pened
485 2562 40 46 in
545 2561 66 47 the
632 2560 189 48 Southern
843 2558 129 50 States
993 2562 45 46 at
1058 2558 78 50 this
1155 2557 142 51 period.
1339 2557 20 51 I
1378 2556 139 52 believe
1536 2558 93 50 that
1651 2559 20 49 I
1691 2560 99 48 shall
1810 2562 49 46 be

341 2620 119 33 borne
474 2619 71 34 out
559 2616 39 37 in
612 2615 147 43 saying,
770 2614 92 44 that
875 2624 51 34 no
941 2614 201 44 regiments
1158 2612 62 46 did
1235 2612 125 46 better
1374 2612 147 46 service,
1532 2614 45 44 at
1591 2613 86 45 New
1685 2614 170 46 Orleans,

340 2674 100 34 than
454 2672 64 36 did
531 2672 67 36 the
611 2671 112 37 black
736 2670 214 42 regiments,
973 2668 117 44 which
1110 2677 92 35 were
1223 2667 201 45 organized
1445 2669 119 43 under
1583 2669 67 43 the
1671 2670 186 42 direction

342 2729 45 34 of
402 2726 156 37 General
572 2726 170 37 Jackson
757 2724 154 42 himself,
928 2724 98 42 after
1046 2733 26 33 a
1091 2725 105 41 most
1215 2722 170 44 glorious
1400 2723 137 43 appeal
1550 2724 45 42 to
1609 2724 67 42 the
1689 2727 168 41 patriot¬

341 2784 73 34 ism
435 2783 77 35 and
533 2783 125 35 honor
679 2782 43 36 of
737 2781 65 37 the
821 2780 132 43 people
975 2779 43 44 of
1032 2778 105 45 color
1158 2777 42 46 of
1214 2777 93 46 that
1326 2777 149 46 region;
1498 2778 78 45 and
1603 2779 129 44 which,
1757 2782 100 41 after

341 2839 92 41 they
447 2848 105 32 came
567 2839 72 41 out
653 2836 42 44 of
710 2835 66 45 the
790 2844 88 36 war,
900 2833 165 47 received
1084 2833 66 47 the
1168 2832 145 48 thanks
1334 2832 44 48 of
1394 2830 156 50 General
1570 2832 182 48 Jackson,
1768 2836 39 44 in
1830 2847 26 33 a

341 2892 283 45 proclamation
638 2889 117 48 which
775 2889 72 48 has
866 2888 93 49 been
978 2887 171 50 thought
1169 2885 151 52 worthy
1341 2885 43 52 of
1398 2885 114 52 being
1522 2886 186 51 inscribed
1723 2900 51 37 on
1788 2891 68 46 the

341 2958 119 34 pages
476 2946 44 46 of
533 2943 188 49 history."
