2200 3300
334 309 96 42 228
628 308 222 44 History
876 319 65 33 op
966 317 97 35 the
1088 305 166 47 Black
1278 303 252 49 Phalanx.

332 444 275 43 departments,
624 442 76 45 and
714 441 52 46 by
780 439 251 48 establishing
1043 438 40 49 in
1096 436 66 51 the
1175 434 158 53 vicinity
1348 432 43 55 of
1404 426 280 61 Leavenworth
1699 436 26 51 a
1738 433 114 54 camp

332 499 43 33 of
391 499 231 34 rendezvous
637 496 78 37 and
728 494 241 39 instruction.

412 554 24 16 "
444 553 109 42 Capt.
571 551 50 44 H.
636 551 38 44 C.
696 550 165 45 Seaman
880 558 78 37 was
979 547 126 48 about
1122 544 68 51 the
1209 552 106 43 same
1334 541 92 54 time
1444 534 295 61 commissioned
1758 532 95 63 with

331 609 73 33 like
424 607 203 41 authority
650 606 58 42 for
729 605 92 43 that
840 603 159 45 portion
1020 600 43 48 of
1079 599 156 49 Kansas
1255 595 107 53 lying
1388 593 118 55 south
1534 591 45 57 of
1600 590 67 58 the
1695 588 158 60 Kansas

331 663 110 34 river.
485 663 78 34 The
578 661 105 36 work
697 660 45 37 of
750 658 204 40 recruiting
967 657 98 41 went
1077 651 165 47 forward
1257 649 90 49 with
1361 647 182 51 rapidity,
1559 646 68 52 the
1639 643 216 55 intelligent

332 718 158 43 portion
505 717 42 44 of
563 717 66 44 the
645 714 150 47 colored
809 712 132 49 people
954 708 172 53 entering
1138 707 85 54 into
1244 705 66 56 the
1330 703 104 58 work
1447 700 178 61 heartily,
1642 698 78 63 and
1734 697 121 64 evinc¬

331 773 69 42 ing
411 773 54 42 by
477 772 100 43 their
592 771 151 44 actions
758 779 27 36 a
798 767 138 48 willing
948 763 191 52 readiness
1153 764 44 51 to
1211 759 80 56 link
1311 757 99 58 their
1429 757 127 58 future
1571 754 77 61 and
1663 753 112 62 share
1788 752 67 63 the

333 827 112 43 perils
464 827 92 43 with
578 825 99 45 their
698 823 112 47 white
829 820 178 50 brethren
1027 818 39 52 in
1087 816 66 54 the
1173 824 78 46 war
1273 813 43 57 of
1330 812 67 58 the
1416 810 190 60 rebellion,
1622 808 119 62 which
1761 807 94 63 then

333 882 131 42 waged
484 881 92 43 with
599 880 90 44 such
711 878 164 46 violence
897 884 43 40 as
961 875 45 49 to
1028 869 183 55 seriously
1231 868 179 56 threaten
1430 866 67 58 the
1517 863 237 61 nationality
1776 861 79 63 and

333 933 60 37 life
408 936 43 34 of
466 936 66 34 the
545 934 189 43 Republic.

415 990 176 34 "Within
612 989 104 40 sixty
740 987 96 42 days
857 985 72 44 five
948 980 172 49 hundred
1140 989 87 40 men
1246 987 93 42 were
1358 975 186 54 recruited
1565 974 79 55 and
1663 972 132 57 placed
1815 972 41 57 in

334 1055 123 33 camp,
475 1044 77 44 and
567 1052 25 36 a
606 1044 151 44 request
773 1040 111 48 made
896 1038 94 50 that
1004 1047 26 41 a
1049 1034 211 54 battallion
1273 1033 47 55 be
1334 1030 191 58 mustered
1537 1030 85 58 into
1636 1029 67 59 the
1716 1027 140 61 United

336 1099 130 35 States
487 1099 149 35 service.
680 1096 90 38 This
792 1095 152 41 request
963 1101 79 35 was
1063 1092 73 44 not
1155 1087 185 49 complied
1367 1086 102 50 with,
1500 1084 78 52 and
1604 1084 67 52 the
1697 1092 159 44 reasons

335 1153 178 43 assigned
534 1163 92 33 were
646 1151 139 45 wholly
806 1147 314 49 unsatisfactory,
1141 1145 69 51 yet
1229 1140 270 56 accompanied
1520 1139 92 57 with
1632 1147 224 49 assurances

338 1209 43 34 of
396 1209 91 34 such
508 1218 26 25 a
553 1210 139 33 nature
714 1215 44 28 as
777 1206 46 37 to
846 1203 171 40 warrant
1037 1200 67 43 the
1124 1197 110 46 belief
1249 1197 92 46 that
1361 1196 73 47 but
1454 1206 26 37 a
1500 1194 112 49 short
1624 1194 94 49 time
1730 1192 127 51 would

335 1264 128 42 elapse
474 1273 61 33 ere
547 1262 67 44 the
626 1261 153 45 request
793 1257 124 49 would
931 1257 48 49 be
991 1254 185 52 complied
1189 1253 104 53 with.

419 1317 77 33 "In
515 1317 67 34 the
602 1315 204 36 meantime
827 1310 290 44 complications
1144 1308 92 46 with
1263 1307 66 47 the
1355 1306 86 48 civil
1469 1304 229 50 authorities
1724 1303 40 51 in
1791 1303 66 51 the

336 1373 192 34 Northern
548 1370 159 37 District
727 1368 79 39 had
828 1367 136 41 arisen,
987 1364 118 44 which
1127 1365 45 43 at
1193 1373 71 35 one
1283 1362 92 46 time
1395 1359 224 49 threatened
1640 1358 144 50 serious
1804 1368 54 40 re¬

338 1428 109 34 sults.
490 1426 118 36 These
629 1422 290 44 complications
941 1418 217 48 originated
1177 1418 99 48 from
1296 1417 66 49 the
1388 1414 192 52 following
1600 1423 143 43 causes,
1765 1412 92 54 each

339 1482 179 42 affecting
532 1480 171 44 different
716 1479 157 45 classes:

419 1534 210 36 "1st.—An
644 1534 124 36 active
783 1531 210 43 sympathy
1006 1529 93 45 with
1112 1528 66 46 the
1192 1526 188 48 rebellion.

420 1591 23 17 "
453 1589 189 36 2nd.—An
656 1588 211 37 intolerant
881 1585 185 44 prejudice
1081 1584 156 45 against
1251 1581 66 48 the
1330 1579 151 50 colored
1494 1582 97 47 race",
1601 1578 116 51 which
1732 1577 126 52 would

339 1647 99 41 deny
450 1646 106 42 them
568 1645 68 43 the
655 1642 211 46 honorable
886 1640 171 48 position
1077 1638 40 50 in
1132 1637 145 51 society
1297 1635 117 53 which
1434 1645 113 43 every
1567 1633 140 55 soldier
1717 1632 34 56 is
1764 1631 94 57 enti¬

338 1702 80 35 tled
432 1705 57 39 to,
505 1711 92 33 even
609 1698 152 46 though
774 1697 47 47 he
834 1695 138 49 gained
993 1694 92 50 that
1105 1691 172 53 position
1298 1693 43 51 at
1364 1690 65 54 the
1442 1689 79 55 risk
1536 1689 43 55 of
1594 1688 59 56 his
1666 1688 60 56 life
1738 1687 39 57 in
1791 1687 66 57 the

339 1767 113 24 cause
472 1756 46 35 of
531 1756 66 35 the
616 1753 150 41 nation,
788 1751 118 43 which
927 1749 113 45 could
1059 1748 40 46 ill
1121 1745 124 49 afford
1265 1747 46 47 to
1331 1745 120 49 refuse
1469 1744 161 50 genuine
1647 1742 212 52 sympathy

342 1812 77 34 and
434 1812 164 42 support
610 1809 100 45 from
725 1817 78 37 any
817 1808 169 46 quarter.

422 1867 22 16 "
454 1864 184 36 3rd.—On
657 1863 67 37 the
743 1863 94 42 part
856 1860 45 45 of
915 1871 27 34 a
954 1859 67 46 few
1033 1857 159 48 genuine
1205 1855 179 50 loyalists
1399 1854 83 51 who
1496 1854 165 51 believed
1674 1853 93 52 that
1780 1851 78 54 this

342 1922 170 41 attempt
532 1922 45 41 to
599 1918 111 45 enlist
731 1915 151 48 colored
902 1925 85 38 men
1008 1912 125 51 would
1154 1913 72 50 not
1246 1911 47 52 be
1314 1908 196 55 approved
1530 1908 52 55 by
1602 1908 67 55 the
1689 1907 91 56 War
1793 1907 66 56 De¬

341 1976 209 44 partment,
580 1973 77 47 and
684 1972 93 48 that
802 1971 66 49 the
894 1971 87 49 true
1007 1968 178 52 interests
1215 1965 44 55 of
1279 1965 67 55 the
1366 1963 152 57 colored
1538 1973 92 47 man
1651 1961 208 59 demanded

341 2032 94 33 that
447 2029 99 36 their
558 2029 93 36 time
665 2024 137 41 should
815 2026 73 39 not
901 2024 47 41 be
961 2022 131 43 vainly
1108 2021 111 44 spent
1233 2020 39 45 in
1285 2019 67 46 the
1367 2019 122 46 effort.

423 2082 188 36 "4th.—A
624 2083 106 41 large
743 2081 98 43 class
855 2079 84 45 who
953 2076 166 48 believed
1133 2076 92 48 that
1246 2074 65 50 the
1332 2084 117 40 negro
1466 2072 65 52 did
1544 2074 73 50 not
1630 2082 150 42 possess
1794 2071 66 53 the

343 2148 197 32 necessary
554 2136 281 44 qualifications
847 2136 46 44 to
908 2133 112 47 make
1033 2131 159 49 efficient
1207 2129 168 51 soldiers,
1394 2128 77 52 and
1484 2128 94 52 that
1590 2126 271 54 consequently

343 2196 67 33 the
422 2193 230 43 experiment
666 2190 122 46 would
802 2189 120 47 result
934 2189 39 47 in
989 2188 133 48 defeat,
1141 2186 163 50 disaster
1320 2183 78 53 and
1414 2183 181 53 disgrace.

424 2247 108 35 "Col.
548 2246 194 42 Williams,
758 2244 131 44 acting
908 2243 119 45 under
1046 2241 66 47 the
1126 2240 130 48 orders
1272 2239 45 49 of
1331 2238 59 50 his
1405 2237 172 51 military
1590 2237 191 51 superiors
1794 2236 67 52 felt

345 2305 92 33 that
456 2302 34 36 it
510 2311 77 27 was
608 2311 50 27 no
680 2301 92 41 part
792 2298 43 44 of
849 2298 59 44 his
930 2298 97 44 duty
1047 2298 44 44 to
1113 2295 91 47 take
1226 2293 145 49 council
1392 2292 43 50 of
1452 2302 77 40 any
1551 2302 46 40 or
1618 2293 52 49 all
1691 2292 44 50 of
1755 2292 106 50 these

344 2360 150 33 classes.
523 2355 60 38 He
594 2365 80 28 saw
679 2365 52 28 no
744 2364 133 29 course
888 2352 61 41 for
960 2352 78 41 him
1053 2353 45 40 to
1106 2359 139 34 pursue
1257 2349 74 44 but
1343 2350 46 43 to
1403 2346 126 47 follow
1536 2347 60 46 his
1609 2347 252 46 instructions

346 2416 44 31 to
404 2412 66 35 the
483 2411 122 36 letter.
648 2407 285 43 Consequently,
950 2407 104 43 when
1067 2405 66 45 the
1147 2404 84 46 civil
1247 2403 228 47 authorities
1489 2403 133 47 placed
1636 2405 224 45 themselves

345 2468 40 33 in
400 2467 118 34 direct
532 2463 220 44 opposition
765 2464 45 43 to
824 2462 112 45 those
950 2461 44 46 of
1008 2461 66 46 the
1096 2460 179 47 military,
1291 2458 53 49 by
1366 2459 192 48 arresting
1578 2461 78 46 and
1669 2462 196 45 confining

347 2523 66 33 the
432 2531 85 25 men
538 2518 44 38 of
596 2518 65 38 the
680 2516 203 40 command
903 2525 52 31 on
975 2516 66 40 the
1061 2517 105 39 most
1186 2514 184 42 frivolous
1390 2514 170 43 charges,
1578 2516 79 41 and
1676 2517 188 44 indicting

347 2575 99 36 their
466 2572 261 39 commanders
746 2572 60 39 for
825 2571 121 42 crime,
970 2570 92 43 such
1082 2580 44 33 as
1148 2569 217 44 unlawfully
1386 2571 233 44 restraining
1638 2583 158 32 persons
1825 2574 44 41 of

347 2630 100 35 their
458 2629 149 41 liberty,
624 2626 74 44 &c.,
713 2626 54 44 by
780 2626 190 45 enforcing
989 2636 138 35 proper
1148 2625 171 46 military
1341 2625 201 46 discipline,
1558 2627 47 44 he
1625 2627 160 44 ignored
1798 2629 67 42 the

349 2685 105 43 right
475 2683 43 45 of
532 2682 66 46 the
617 2681 85 47 civil
723 2681 227 47 authorities
969 2682 46 46 to
1035 2680 171 48 interfere
1228 2679 91 49 with
1339 2680 60 48 his
1420 2681 172 47 military
1613 2683 151 45 actions
1777 2684 41 44 in
1839 2695 26 33 a

350 2739 169 41 military
533 2736 177 44 capacity
724 2736 77 44 and
815 2736 117 44 under
944 2746 139 34 proper
1098 2735 213 45 authority.

432 2794 22 16 "
463 2793 58 34 On
541 2791 66 36 the
626 2791 97 36 28th
744 2791 43 36 of
804 2790 171 43 October,
999 2790 114 43 1862,
1139 2801 25 32 a
1186 2789 203 44 command
1410 2791 213 44 consisting
1651 2793 45 42 of
1712 2793 154 42 detach¬

351 2852 124 30 ments
501 2847 98 35 from
626 2845 163 43 Captain
816 2844 195 44 Seaman's
1038 2845 78 43 and
1143 2844 163 44 Captain
1340 2843 198 45 William's
1573 2847 170 44 recruits,
1774 2860 93 31 were

352 2902 137 36 moved
517 2901 77 37 and
620 2900 157 43 camped
796 2911 92 32 near
908 2900 141 43 Butler.
1092 2899 90 44 This
1203 2898 371 45 com'mand—about
1592 2903 79 40 two
1692 2901 174 42 hundred

353 2958 78 35 and
450 2957 231 42 twenty-five
699 2966 97 33 men,
817 2955 119 44 under
956 2953 164 46 Captain
1138 2952 297 47 Seaman,—was
1456 2954 184 45 attacked
1659 2955 55 44 by
1733 2966 28 33 a
1779 2967 91 32 con-
