2207 3305
338 300 101 43 264

647 305 221 44 History
895 318 63 31 of
986 318 96 31 the
1108 307 164 42 Black
1298 306 250 43 Phalanx.

342 438 93 34 that
455 438 77 34 800
553 448 93 24 were
665 438 142 46 buried,
824 439 78 45 and
923 449 44 35 as
990 449 25 35 a
1035 438 157 46 number
1213 447 91 37 were
1325 436 117 48 taken
1462 435 204 49 prisoners,
1683 434 77 50 and
1781 434 33 50 it
1827 434 33 50 is

343 494 73 33 fair
435 495 45 33 to
501 493 178 35 estimate
699 494 91 34 that
811 494 106 34 three
938 503 91 25 were
1049 492 184 36 wounded
1246 494 45 34 to
1307 501 71 27 one
1391 490 122 43 killed,
1528 489 68 44 the
1609 489 106 44 total
1728 489 79 44 loss
1821 489 42 44 of

342 549 69 34 the
424 549 176 34 Federals
621 548 177 35 exceeded
820 548 129 42 3,000.
991 547 78 43 The
1090 546 156 44 writer's
1268 545 137 45 official
1424 546 133 44 report
1576 544 198 46 estimates
1794 544 67 46 the

344 603 158 35 Federal
514 604 79 34 loss
608 606 45 33 at
667 605 73 34 not
753 604 72 35 less
839 603 98 36 than
951 603 136 41 2,000;
1104 601 156 43 General
1275 599 274 45 Beauregard's
1563 601 47 43 at
1624 599 129 45 3,000.
1782 597 79 47 The

344 658 157 35 Federal
516 658 136 35 official
666 661 151 40 reports
832 658 99 43 have
944 660 72 41 not
1030 657 91 44 been
1136 666 95 35 seen.

426 714 108 34 "The
554 714 119 35 limits
692 713 211 44 prescribed
924 713 57 44 for
1002 711 78 46 this
1102 721 118 36 paper
1240 710 125 47 would
1385 710 45 47 be
1450 708 179 49 exceeded
1650 708 30 49 if
1697 719 77 38 any
1802 719 60 38 ac¬

343 772 120 32 count
484 770 43 34 of
541 769 66 35 the
626 767 212 44 remaining
858 767 224 44 forty-eight
1104 766 96 45 days
1223 766 43 45 of
1281 765 66 46 the
1366 764 125 47 heroic
1518 764 106 47 strife
1651 774 51 37 on
1723 763 137 48 Morris

344 823 130 35 Island
491 835 91 23 were
596 825 227 42 attempted.
866 823 38 44 It
925 823 118 44 closes
1064 820 91 47 with
1169 821 66 46 the
1248 820 145 47 repulse
1408 819 43 48 of
1466 819 66 48 the
1546 818 137 49 second
1698 819 160 48 assault,

345 880 79 33 and
443 879 33 34 it
495 879 34 34 is
549 889 27 24 a
595 880 46 33 fit
661 879 217 34 conclusion
898 880 45 33 to
965 877 131 36 render
1116 876 66 37 the
1202 876 164 42 homage
1387 875 72 43 due
1472 876 44 42 to
1531 873 66 45 the
1610 874 196 44 gallantry
1822 875 41 43 of

342 934 70 34 the
424 936 242 33 contestants
681 935 51 40 by
748 934 164 42 quoting
926 933 76 43 and
1019 932 190 44 adopting
1221 931 66 45 the
1300 930 192 46 language
1506 929 43 47 of
1558 929 63 47 Dr.
1636 929 223 47 Dennison's

346 989 175 33 address:
545 989 89 34 'The
648 991 124 32 truest
786 999 164 31 courage
965 988 76 42 and
1058 986 294 44 determination
1367 995 78 35 was
1459 984 223 46 manifested
1696 994 52 36 on
1762 984 98 46 both,

345 1043 100 34 sides
453 1054 50 23 on
517 1044 92 33 that
622 1044 164 33 crimson
802 1044 76 41 day
888 1045 44 40 at
945 1043 92 42 that
1051 1045 111 40 great
1177 1040 338 45 slaughter-house,
1526 1038 220 47 Wagner.'"

446 1109 48 42 It
512 1122 96 29 was
634 1122 64 29 no
725 1110 164 54 longer
916 1122 31 42 a
974 1110 219 54 question
1221 1109 52 55 of
1294 1109 154 55 doubt
1475 1122 55 42 as
1547 1110 56 54 to
1621 1109 82 55 the
1720 1109 139 55 valor

346 1175 55 42 of
421 1174 237 43 Northern
676 1186 210 43 negroes.
940 1175 97 54 The
1065 1175 186 54 assault
1279 1188 62 41 on
1367 1174 120 55 Fort
1515 1173 204 57 Wagner
1738 1187 122 43 com¬

347 1237 172 58 pletely
553 1241 220 54 removed
809 1253 97 42 any
940 1241 229 55 prejudice
1201 1241 116 55 that
1350 1241 97 55 had
1476 1241 112 55 been
1621 1240 236 56 exhibited

345 1306 190 42 toward
569 1319 147 43 negro
750 1309 172 53 troops
956 1307 49 55 in
1038 1307 82 55 the
1155 1307 309 55 Department
1500 1306 52 56 of
1572 1306 82 56 the
1688 1305 167 57 South.

346 1370 199 44 General
571 1370 220 44 Gillmore
816 1373 321 54 immediately
1161 1374 155 53 issued
1343 1386 64 41 an
1433 1373 139 54 order
1588 1372 271 56 forbidding

347 1450 99 41 any
472 1438 278 53 distinction
775 1441 57 50 to
867 1439 57 52 be
957 1440 139 51 made
1131 1449 178 45 among
1341 1441 172 53 troops
1547 1438 50 56 in
1630 1438 72 56 his
1737 1453 121 41 com¬

347 1504 161 42 mand.
563 1502 63 44 So
660 1504 115 42 that
809 1504 131 42 while
972 1505 83 41 the
1088 1505 137 42 black
1253 1505 219 43 Phalanx
1498 1507 97 42 had
1620 1507 99 43 lost
1744 1508 115 42 hun¬

348 1570 139 42 dreds
514 1569 54 43 of
587 1569 64 44 its
678 1570 242 52 members,
948 1570 40 52 it
1013 1571 311 51 nevertheless
1350 1585 106 37 won
1482 1573 213 55 equality
1720 1573 49 55 in
1795 1573 64 55 all

346 1636 166 54 things
540 1648 112 42 save
677 1636 82 54 the
785 1648 110 42 pay.
949 1636 98 54 The
1075 1635 316 55 Government
1424 1638 179 52 refused
1639 1642 55 48 to
1729 1640 130 55 place

346 1702 132 42 them
498 1714 63 30 on
580 1714 32 30 a
627 1701 190 55 footing
834 1714 112 42 even
964 1702 114 54 with
1096 1703 122 53 their
1244 1702 237 54 Southern
1499 1705 234 53 brothers,
1754 1706 104 52 who

348 1768 204 42 received
580 1766 62 52 $7
669 1780 82 42 per
776 1768 171 54 month
974 1768 95 54 and
1095 1768 82 54 the
1202 1769 140 53 white
1366 1771 172 54 troops
1558 1769 109 56 $13.
1720 1770 140 55 How¬

349 1844 119 41 ever,
496 1834 115 54 they
637 1846 114 42 were
776 1836 89 52 not
891 1834 205 54 fighting
1129 1834 73 54 for
1227 1847 111 42 pay,
1368 1849 55 40 as
1453 1835 330 54 "Stonewall"
1813 1838 50 51 of

349 1898 246 55 Company
621 1897 31 56 C
687 1899 191 55 argued,
908 1900 89 54 but
1030 1900 74 54 for
1137 1900 82 54 the
1256 1902 26 52 u
1293 1901 203 53 freedom
1535 1902 59 52 of
1609 1916 91 38 our
1729 1903 129 51 kin."

349 1964 155 54 Nobly
531 1965 79 53 did
635 1965 116 54 they
777 1965 62 54 do
865 1965 112 54 this,
1006 1968 89 51 not
1122 1966 114 54 only
1262 1969 55 51 at
1344 1967 218 55 Wagner,
1583 1981 55 41 as
1655 1983 66 39 we
1737 1970 123 52 have

346 2043 122 38 seen,
489 2030 89 51 but
595 2030 47 51 in
660 2031 82 50 the
759 2031 179 50 battles
957 2043 62 38 on
1038 2030 163 51 James
1219 2031 177 54 Island,
1416 2032 172 57 Honey
1606 2033 111 56 Hill,
1731 2033 129 56 Olus-

345 2099 78 39 tee
441 2096 95 42 and
556 2098 55 40 at
629 2095 227 54 Boykin's
875 2096 110 53 Mill.

448 2160 56 42 In
521 2161 82 41 the
621 2161 163 42 winter
802 2161 53 42 of
868 2159 141 54 1864,
1029 2162 82 51 the
1128 2165 170 53 troops
1317 2163 48 55 in
1382 2165 83 53 the
1483 2164 311 58 Department
1812 2167 51 55 of

348 2226 83 42 the
465 2225 153 43 South
652 2226 82 54 lay
767 2227 252 54 encamped
1056 2240 62 41 on
1144 2229 82 52 the
1251 2229 178 52 islands
1472 2230 48 51 in
1565 2233 96 48 and
1705 2233 154 48 about

350 2291 277 42 Charleston
644 2291 193 53 harbor,
858 2292 181 55 resting
1062 2293 121 54 from
1210 2293 122 54 their
1358 2297 262 50 endeavors
1645 2301 57 46 to
1729 2300 130 47 drive

348 2357 83 40 the
456 2356 319 43 confederates
809 2358 120 42 from
964 2359 122 42 their
1120 2361 323 55 strongholds.
1497 2363 98 53 The
1629 2365 99 56 city
1760 2379 98 42 was

349 2422 90 41 five
456 2421 130 42 miles
605 2434 137 43 away
759 2423 45 54 in
824 2424 82 53 the
923 2425 225 52 distance.
1202 2426 200 54 Sumter,
1430 2430 137 54 grim,
1587 2431 158 56 hoary
1763 2432 95 55 and

349 2487 49 41 in
422 2486 145 53 ruins,
594 2490 81 51 yet
703 2489 187 55 defying
914 2491 82 53 the
1029 2491 228 53 National
1284 2494 266 56 authority,
1579 2509 98 41 was
1704 2498 151 52 silent.

347 2552 199 43 General
574 2551 217 45 Gillmore
808 2568 97 29 was
932 2556 46 41 in
1005 2558 251 42 command
1284 2559 54 42 of
1356 2560 82 42 the
1463 2563 197 41 veteran
1677 2563 181 55 legions

351 2619 52 42 of
422 2620 83 41 the
532 2618 120 43 10th
669 2618 147 55 Army
833 2620 159 55 Corps,
1014 2622 136 53 aided
1168 2624 65 53 by
1252 2636 31 41 a
1300 2626 219 52 powerful
1537 2627 107 51 fleet
1663 2629 54 49 of
1735 2630 123 48 iron¬

350 2684 129 42 clads
498 2684 95 42 and
613 2684 137 42 other
769 2698 96 29 war
881 2687 184 42 vessels.
1095 2687 146 43 There
1257 2688 97 43 laid
1372 2690 83 43 the
1472 2692 98 56 city
1588 2693 54 55 of
1654 2694 205 54 Charles¬

350 2752 102 49 ton,
472 2749 73 52 for
561 2749 83 52 the
668 2750 115 51 time
808 2751 181 56 having
1013 2765 32 42 a
1070 2754 183 53 respite.
1309 2754 195 53 General
1523 2756 221 51 Gillmore
1760 2774 98 33 was

350 2815 164 54 giving
530 2816 97 53 rest
643 2816 56 53 to
726 2815 72 54 his
824 2818 184 53 troops,
1029 2817 155 54 before
1208 2819 58 52 he
1291 2819 155 56 began
1464 2823 146 55 again
1627 2827 56 51 to
1701 2826 157 52 throw

351 2879 145 42 Greek
513 2880 82 41 fire
611 2879 104 43 into
733 2881 83 42 the
833 2881 97 55 city
948 2883 96 53 and
1063 2883 161 53 batter
1240 2884 83 52 the
1339 2886 131 50 walls
1490 2888 53 48 of
1554 2889 65 47 its
1638 2891 216 46 defences.

345 2944 102 44 The
464 2946 243 42 shattered
725 2946 147 43 ranks
891 2947 53 43 of
962 2948 83 42 the
1070 2948 221 44 Phalanx
1316 2951 196 44 soldiers
1538 2957 154 42 rested
1710 2956 48 43 in
1775 2958 83 43 the
