2214 3309
346 299 95 43 326
650 306 221 45 History
898 320 62 31 of
988 322 95 30 the
1111 311 164 42 Black
1301 311 252 43 Phalanx.

345 436 157 44 visited;
519 439 77 41 and
609 440 67 40 the
688 441 210 43 testimony
912 442 92 42 they
1017 443 99 41 have
1130 443 117 41 taken
1268 445 144 39 cannot
1432 451 146 33 convey
1592 442 45 42 to
1652 439 68 45 the
1732 434 137 50 reader

345 491 67 33 the
431 492 244 43 impressions
695 496 118 39 which
832 506 101 31 your
952 498 217 39 committee
1189 498 105 39 there
1314 498 175 39 received.
1534 496 79 41 The
1633 500 160 37 persons
1814 497 55 40 we

345 555 90 34 saw,
459 558 44 31 as
524 559 52 30 we
597 560 91 29 were
710 551 156 38 assured
886 551 52 41 by
959 552 111 40 those
1090 552 41 40 in
1150 552 138 41 charge
1310 551 41 42 of
1367 552 116 41 them,
1507 551 100 42 have
1627 544 153 49 greatly
1801 543 69 50 im¬

343 603 147 40 proved
505 603 97 40 since
616 605 91 41 they
721 605 98 41 have
832 606 92 40 been
938 605 165 41 received
1117 606 38 40 in
1169 606 66 40 the
1249 606 200 43 hospitals.
1492 605 75 44 Yet
1587 602 93 47 they
1702 608 66 41 are
1782 605 87 44 now

345 656 119 43 dyjng
478 658 114 42 daily,
610 669 71 31 one
696 659 43 41 of
753 659 105 41 them
872 659 113 42 being
998 659 39 42 in
1057 660 66 41 the
1143 669 92 32 very
1256 660 130 41 throes
1402 660 43 41 of
1461 658 119 43 death
1596 666 45 35 as
1654 663 101 38 your
1768 661 102 40 com¬

344 710 133 36 mittee
497 714 116 33 stood
635 713 52 41 by
708 713 59 41 his
787 713 165 41 bed-side
973 713 78 41 and
1071 714 198 40 witnessed
1289 714 66 40 the
1375 714 72 40 sad
1468 711 187 45 spectacle
1668 708 108 48 there
1789 716 81 40 pre¬

343 766 144 34 sented.
517 766 58 34 All
590 768 111 33 those
716 767 123 34 whom
853 777 99 32 your
966 768 217 41 committee
1197 768 198 41 examined
1409 767 132 42 stated
1554 765 94 44 that
1662 763 93 46 they
1770 761 100 48 have

343 820 94 34 been
450 821 92 34 thus
556 822 158 33 reduced
729 822 77 33 and
820 821 211 34 emaciated
1045 822 158 40 entirely
1217 822 39 40 in
1276 831 253 33 consequence
1543 819 44 45 of
1601 819 68 45 the
1683 817 187 47 merciless

342 876 214 37 treatment
570 877 91 40 they
676 876 164 41 received
861 875 105 42 while
979 875 191 42 prisoners
1184 875 99 42 from
1297 875 99 42 their
1409 876 178 41 enemies;
1604 872 79 45 and
1697 872 66 45 the
1776 872 94 45 phy¬

343 929 139 34 sicians
496 930 39 33 in
549 931 139 41 charge
703 930 44 42 of
761 930 116 42 them,
894 930 65 42 the
973 940 85 32 men
1078 929 87 43 best
1185 927 111 45 fitted
1310 930 52 42 by
1376 929 100 43 their
1490 927 213 45 profession
1717 927 79 45 and
1810 936 60 36 ex¬

342 984 168 42 perience
529 986 45 40 to
595 994 152 32 express
769 994 51 32 an
842 984 157 42 opinion
1019 994 105 32 upon
1144 984 67 42 the
1232 984 155 42 subject,
1404 984 51 42 all
1471 993 71 33 say
1556 982 94 44 that
1663 982 93 44 they
1770 982 100 44 have

343 1048 52 24 no
413 1039 123 33 doubt
548 1039 93 33 that
654 1039 66 33 the
735 1041 229 31 statements
981 1038 41 34 of
1039 1038 98 34 their
1151 1038 172 42 patients
1339 1047 64 33 are
1417 1037 158 43 entirely
1590 1040 156 40 correct.

425 1092 70 34 "It
510 1093 70 33 will
594 1093 47 33 be
662 1093 184 33 observed
866 1093 99 34 from
985 1093 67 34 the
1071 1093 223 42 testimony,
1317 1091 94 44 that
1432 1092 51 43 all
1497 1093 67 42 the
1577 1092 191 43 witnesses
1782 1093 85 42 who

341 1147 134 41 testify
490 1158 104 31 upon
608 1148 92 41 that
714 1148 112 42 point
840 1149 105 41 state
958 1148 93 42 that
1064 1148 66 42 the
1144 1148 213 42 treatment
1369 1148 94 42 they
1483 1147 166 43 received
1663 1148 105 42 yvhile
1781 1158 85 32 con¬

341 1201 101 33 fined
463 1204 45 31 at
530 1201 207 43 Columbia,
761 1202 124 42 South
907 1202 188 43 Carolina,
1118 1202 156 43 Dalton,
1300 1202 173 43 Georgia,
1498 1203 78 42 and
1597 1203 112 42 other
1728 1204 138 43 places,

341 1265 80 25 was
442 1256 60 34 far
522 1266 106 25 more
647 1257 166 34 humane
832 1258 99 33 than
951 1258 94 34 that
1064 1258 92 41 they
1177 1258 165 41 received
1364 1261 45 38 at
1429 1258 222 43 Kichmond,
1668 1259 119 42 where
1800 1260 68 41 the

344 1311 231 34 authorities
591 1310 43 35 of
648 1312 66 33 the
729 1312 176 34 so-called
920 1312 245 43 confederacy
1178 1323 92 32 were
1290 1313 269 44 congregated,
1576 1314 77 43 and
1669 1315 117 42 where
1800 1315 67 42 the

341 1375 128 32 power
489 1365 156 44 existed,
668 1356 78 53 had
767 1367 66 42 the
853 1367 224 42 inclination
1097 1370 73 39 not
1190 1368 92 41 been
1303 1369 182 43 wanting,
1515 1367 45 45 to
1587 1370 137 42 reform
1752 1370 115 42 those

342 1416 139 39 a"buses
497 1421 77 34 and
589 1431 125 25 secure
728 1423 44 33 to
786 1422 67 34 the
866 1422 191 43 prisoners
1071 1422 92 43 they
1184 1423 86 42 held
1291 1434 105 31 some
1408 1427 212 38 treatment
1633 1425 94 40 that
1739 1426 125 39 would

339 1474 95 35 bear
456 1486 25 24 a
501 1476 125 42 public
648 1477 244 42 comparison
912 1479 45 40 to
978 1478 92 41 that
1092 1479 183 40 accorded
1296 1479 52 43 by
1369 1490 72 32 our
1469 1480 229 42 authorities
1725 1483 46 39 to
1798 1481 69 41 the

340 1530 196 43 prisoners
549 1531 38 42 in
603 1541 71 32 our
688 1532 176 42 custody.
906 1532 106 42 Your
1025 1533 230 43 committee,
1270 1534 195 43 therefore,
1482 1545 65 32 are
1561 1536 243 41 constrained
1818 1539 45 38 to

340 1594 74 33 say
428 1585 92 42 that
534 1586 92 43 they
640 1596 72 33 can
727 1587 137 43 hardly
880 1588 117 42 avoid
1018 1588 65 42 the
1103 1589 229 42 conclusion,
1349 1590 197 42 expressed
1560 1590 53 42 by
1628 1601 44 31 so
1687 1602 117 32 many
1825 1592 44 42 of

341 1650 73 25 our
434 1641 166 34 released
622 1641 167 44 soldiers,
813 1642 93 43 that
925 1643 67 42 the
1011 1643 185 42 inhuman
1216 1644 185 43 practices
1422 1645 124 42 herein
1567 1646 157 41 referred
1739 1649 44 38 to
1799 1657 67 30 are

339 1696 69 33 the
421 1696 120 34 result
555 1696 43 34 of
615 1705 25 26 a
655 1696 295 36 determination
965 1707 51 25 on
1031 1698 66 35 the
1116 1701 93 41 part
1230 1699 44 43 of
1288 1700 67 42 the
1374 1700 99 42 rebel
1495 1700 229 42 authorities
1744 1704 45 38 to
1811 1713 54 29 re¬

340 1750 93 34 duce
448 1761 70 23 our
534 1750 156 35 soldiers
705 1751 39 34 in
758 1752 99 34 their
871 1762 135 33 power,
1023 1753 52 42 by
1095 1754 199 43 privation
1317 1755 41 42 of
1374 1755 93 42 food
1489 1756 77 41 and
1587 1757 181 43 clothing,
1786 1758 76 42 and

339 1805 54 43 by
407 1816 196 33 exposure,
619 1808 46 41 to
681 1807 91 42 such
787 1817 26 32 a
825 1807 198 42 condition
1037 1808 93 41 that
1143 1809 113 40 those
1270 1810 84 39 who
1368 1821 93 32 may
1474 1812 152 41 survive
1640 1813 98 40 shall
1752 1824 112 29 never

338 1870 155 25 recover
506 1871 44 24 so
566 1872 44 23 as
624 1864 45 31 to
685 1862 46 33 be
745 1862 85 34 able
843 1865 45 33 to
903 1863 132 35 render
1050 1874 77 32 any
1148 1865 166 41 effective
1334 1866 139 40 service
1492 1866 40 40 in
1552 1866 67 40 the
1638 1868 96 38 field.
1776 1868 85 38 And

338 1925 101 32 your
460 1917 218 40 committee
699 1918 243 43 accordingly
964 1919 71 42 ask
1055 1919 93 42 that
1168 1920 79 41 this
1267 1923 143 41 report,
1427 1922 91 42 with
1532 1923 67 41 the
1613 1933 251 34 accompany¬

337 1970 69 43 ing
425 1971 211 43 testimony
657 1972 46 42 be
723 1972 151 43 printed
896 1973 90 42 with
1008 1974 65 41 the
1094 1977 132 40 report
1241 1976 79 41 and
1333 1977 211 43 testimony
1563 1977 133 45 [which
1711 1990 78 32 was
1804 1989 58 33 ac¬

339 2026 201 42 cordingly
555 2026 113 43 done]
686 2027 39 42 in
739 2028 164 41 relation
917 2031 45 38 to
976 2028 67 41 the
1056 2039 192 30 massacre
1262 2031 43 38 of
1315 2030 98 39 Fort
1421 2032 141 44 Pillow,
1571 2034 67 42 the
1652 2044 71 32 one
1737 2034 124 43 being,

338 2079 42 34 in
402 2080 98 34 their
522 2081 168 43 opinion,
713 2093 52 31 no
786 2082 72 42 less
878 2083 99 41 than
997 2083 67 41 the
1086 2085 121 43 other,
1230 2086 67 42 the
1318 2087 119 41 result
1458 2087 44 41 of
1517 2098 26 30 a
1562 2089 297 43 predetermined

337 2135 139 42 policy.
518 2135 53 42 As
585 2137 158 42 regards
757 2137 66 42 the
838 2138 209 41 assertions
1063 2138 44 41 of
1130 2150 104 29 some
1249 2141 43 38 of
1307 2142 67 37 the
1388 2142 97 37 rebel
1505 2153 248 34 newspapers,
1768 2145 93 42 that

338 2199 75 24 our
426 2190 192 41 prisoners
633 2191 98 40 have
744 2192 165 39 received
924 2195 45 36 at
983 2193 99 38 their
1095 2193 125 38 hands
1234 2196 66 35 the
1314 2206 105 25 same
1432 2200 213 34 treatment
1657 2200 93 34 that
1762 2200 101 34 their

338 2254 87 26 own
446 2245 157 35 soldiers
623 2246 40 34 in
683 2247 66 33 the
769 2247 85 34 field
875 2247 99 34 have
994 2248 175 43 received,
1186 2250 93 41 they
1300 2260 65 31 are
1385 2252 192 44 evidently
1591 2254 73 42 but
1676 2255 67 41 the
1756 2257 105 39 most

338 2299 155 42 glaring
514 2300 78 41 and
612 2301 232 43 unblushing
863 2302 228 42 falsehoods.
1135 2303 57 41 No
1215 2314 71 30 one
1305 2314 72 30 can
1398 2306 60 38 for
1479 2317 25 27 a
1532 2312 172 32 moment
1730 2310 46 34 be
1803 2310 58 35 de¬

336 2353 128 33 ceived
485 2354 53 41 by
558 2355 92 40 such
671 2357 241 41 statements,
928 2357 84 41 who
1033 2357 73 41 will
1126 2358 125 40 reflect
1265 2358 91 40 that
1371 2369 72 29 our
1457 2362 169 44 soldiers,
1643 2365 96 42 who,
1755 2365 105 42 when

339 2408 120 33 taken
472 2408 202 43 prisoners,
691 2410 99 41 have
803 2409 91 42 been
909 2413 121 40 stout,
1047 2411 157 42 healthy
1219 2422 95 31 men,
1330 2413 39 40 ia
1383 2413 67 40 the
1470 2416 119 41 prime
1604 2420 78 37 and
1696 2420 112 43 vigor
1822 2420 44 43 of

337 2462 71 41 life,
425 2465 65 38 yet
504 2463 98 40 have
618 2463 82 40 died
715 2464 50 41 by
780 2465 190 40 hundreds
991 2465 118 40 under
1129 2466 66 39 the
1215 2468 213 37 treatment
1447 2469 93 42 they
1561 2471 100 40 have
1681 2476 177 43 received,

338 2516 192 43 although
544 2518 171 41 required
729 2520 44 39 to
788 2518 164 42 perform
966 2530 51 30 no
1040 2520 122 40 duties
1184 2519 43 41 of
1243 2519 65 41 the
1321 2530 112 33 camp
1448 2532 46 31 or
1507 2524 67 39 the
1587 2529 151 44 march;
1754 2531 108 42 while

336 2571 69 34 the
417 2571 100 34 rebel
531 2572 157 34 soldiers
703 2583 65 23 are
782 2573 84 34 able
879 2575 45 32 to
939 2574 112 33 make
1064 2574 93 41 long
1176 2573 78 42 and
1274 2573 112 44 rapid
1407 2577 183 45 marches,
1607 2583 79 39 and
1706 2586 46 36 to
1768 2586 92 36 offer

338 2635 27 24 a
379 2625 191 35 stubborn
583 2625 204 35 resistance
800 2627 40 33 in
854 2627 65 34 the
934 2628 95 34 field.

420 2679 139 33 "Your
577 2680 226 42 committee,
827 2681 143 42 finding
991 2681 33 42 it
1043 2681 218 43 impossible
1280 2683 45 41 to
1347 2682 165 42 describe
1524 2686 39 38 in
1578 2691 126 35 words
1718 2694 66 35 the
1800 2694 60 37 de¬

335 2734 176 42 plorable
523 2734 198 42 condition
735 2734 44 42 of
793 2734 106 42 these
911 2736 178 40 returned
1103 2735 200 43 prisoners,
1319 2735 99 43 have
1432 2741 138 37 caused
1584 2743 275 51 photographs

334 2790 48 31 to
403 2788 47 33 be
469 2788 119 33 taken
610 2787 43 35 of
669 2798 26 24 a
714 2788 158 34 number
893 2789 44 33 of
951 2789 116 42 them,
1084 2789 77 42 and
1182 2799 25 32 a
1220 2789 73 42 fair
1306 2790 145 42 sample
1463 2793 46 39 to
1524 2793 47 39 be
1583 2796 276 50 lithographed

336 2842 80 34 and
431 2841 196 43 appended
640 2844 45 40 to
700 2841 99 43 their
812 2845 141 40 report,
969 2843 93 42 that
1074 2843 100 42 their
1186 2846 112 39 exact
1318 2844 198 41 condition
1536 2858 93 34 may
1649 2852 47 40 be
1715 2855 142 39 known

334 2895 56 43 by
405 2896 51 42 all
470 2895 83 43 who
568 2895 171 43 examine
753 2895 43 43 it.
840 2895 110 43 Some
965 2897 44 41 of
1023 2897 104 41 them
1141 2897 99 41 have
1254 2897 97 41 since
1365 2897 95 41 died.

419 2949 149 34 "There
589 2948 32 36 is
643 2959 70 25 one
734 2949 144 35 feature
897 2951 204 35 connected
1121 2951 91 35 with
1239 2951 78 35 this
1344 2951 289 49 investigation,
1660 2961 47 39 to
1734 2964 122 39 which
