2200 3300
865 306 106 45 The
997 309 166 44 Black
1188 311 153 44 Flag.

1768 314 97 43 363

420 435 92 44 "By
525 437 81 42 this
620 439 103 43 time,
741 439 53 43 all
807 440 67 42 the
888 441 112 41 white
1013 443 150 42 troops,
1179 444 133 41 except
1327 453 71 32 one
1419 443 197 42 squadron
1638 444 44 41 of
1697 447 171 42 cavalry,

338 489 93 35 that
445 491 147 36 formed
606 493 39 34 in
659 494 67 34 the
740 504 97 33 rear,
854 505 92 32 were
961 505 51 32 on
1026 496 66 41 the
1106 497 98 40 road
1218 499 45 38 to
1279 497 124 40 Salem
1413 509 9 28 *
1439 498 89 43 and,
1544 500 106 41 when
1670 501 80 40 this
1770 502 100 43 brig¬

339 544 72 34 ade
430 555 108 26 came
559 558 64 32 up,
638 548 105 43 they,
759 551 84 40 too,
859 549 160 42 wheeled
1040 551 78 40 and
1138 551 77 43 left,
1239 552 77 42 and
1337 552 38 42 in
1397 552 73 42 less
1490 554 100 40 than
1617 557 66 37 ten
1703 557 166 37 minutes

338 599 78 35 this
432 611 84 24 now
532 601 100 35 little
652 603 106 34 band
779 604 44 33 of
838 604 152 34 colored
1012 607 139 42 troops
1171 605 119 44 found
1311 607 226 42 themselves
1557 610 165 39 flanked.
1765 612 105 42 They

338 655 93 34 then
446 656 151 35 divided
613 657 225 35 themselves
852 659 85 34 into
952 659 106 34 three
1073 661 155 42 squads,
1239 662 78 41 and
1332 663 165 43 charged
1505 665 66 41 the
1585 667 165 41 enemy's
1764 667 111 43 lines;

339 720 72 25 one
438 712 125 42 squad
590 712 141 44 taking
757 713 67 43 the
845 714 65 42 old
932 713 157 43 Corinth
1111 715 123 44 Road,
1257 717 93 42 then
1372 729 26 30 a
1418 719 177 44 by-road,
1624 724 46 39 to
1698 722 65 41 the
1789 722 79 41 left.

338 766 106 35 After
458 776 26 25 a
497 767 66 34 few
577 767 117 43 miles,
711 768 91 42 they
818 779 106 31 came
938 771 44 39 to
999 780 25 30 a
1038 771 98 39 road
1151 772 154 44 leading
1318 776 45 40 to
1380 774 130 42 Grand
1525 776 196 40 Junction.
1764 777 106 39 After

340 832 105 25 some
472 822 256 44 skirmishing,
758 824 92 43 they
880 825 163 44 arrived,
1073 826 92 43 with
1192 828 67 41 the
1285 829 80 40 loss
1393 831 44 38 of
1454 841 71 28 one
1551 832 112 37 killed
1691 832 77 37 and
1797 841 73 28 one

339 877 196 36 wounded.

421 922 203 34 "Another
651 923 79 34 and
757 923 67 35 the
851 924 147 44 largest
1026 927 125 43 squad
1179 929 159 41 covered
1359 930 66 40 the
1444 933 147 37 retreat
1611 931 44 39 of
1670 931 66 39 the
1756 931 113 39 white

338 979 149 42 troops,
497 978 226 43 completely
741 979 198 45 defending
953 982 105 42 them
1072 983 52 42 by
1139 984 154 43 picking
1306 995 51 33 up
1366 985 66 43 the
1446 986 255 42 ammunition
1715 986 152 42 thrown

340 1044 109 33 away
467 1034 50 43 by
531 1035 117 44 them,
667 1036 77 43 and
760 1037 91 42 with
866 1037 34 42 it
913 1039 180 43 repelling
1112 1040 67 42 the
1199 1051 205 31 numerous
1425 1042 170 40 assaults
1610 1041 112 41 made
1735 1041 52 42 by
1801 1036 68 47 the

337 1091 100 35 rebel
458 1092 169 43 cavalry,
653 1093 100 42 until
773 1094 92 42 they
887 1095 158 41 reached
1068 1095 227 44 Collierville,
1320 1106 25 33 a
1366 1096 170 43 distance
1557 1097 44 42 of
1616 1097 105 42 sixty
1748 1097 117 42 miles.

337 1145 119 36 "When
471 1147 67 35 the
550 1149 207 34 command
773 1150 158 35 reached
944 1150 119 35 Dan's
1078 1151 110 43 Mills,
1204 1151 66 43 the
1290 1162 131 32 enemy
1443 1152 218 43 attempted
1681 1154 45 41 to
1747 1154 67 41 cut
1833 1151 34 44 it

339 1203 55 34 off
410 1203 52 42 by
483 1213 26 32 a
530 1203 158 44 charge;
712 1204 73 43 but
805 1206 66 41 the
892 1207 152 40 colored
1065 1207 98 42 boys
1183 1207 40 42 in
1243 1207 66 42 the
1329 1217 86 32 rear
1435 1207 156 42 formed,
1609 1207 78 42 and
1707 1207 160 43 repelled

337 1258 67 35 the
424 1259 149 42 attack,
600 1259 178 45 allowing
799 1261 67 43 the
886 1262 120 42 whole
1026 1262 204 42 command
1251 1264 45 40 to
1317 1272 92 33 pass
1430 1262 118 43 safely
1570 1272 62 33 on,
1649 1262 103 43 when
1773 1262 94 43 they

338 1315 86 34 tore
437 1326 51 33 up
503 1315 67 44 the
583 1315 145 44 bridge.
772 1317 166 43 Passing
959 1328 51 32 on
1031 1320 45 40 to
1092 1327 50 33 an
1165 1327 96 33 open
1283 1319 176 41 country,
1476 1317 67 43 the
1563 1318 144 42 officers
1721 1317 144 43 halted,

340 1370 75 35 and
437 1372 259 42 re-organized
718 1372 67 42 the
805 1372 160 42 brigade
985 1372 84 42 into
1092 1382 51 32 an
1164 1372 165 42 effective
1349 1372 110 42 force.
1502 1372 105 42 They
1621 1372 91 42 then
1727 1371 139 43 moved

339 1424 164 37 forward
518 1427 99 34 until
632 1427 125 34 about
771 1426 96 43 four,
884 1436 37 33 p.
937 1436 44 33 m.
994 1438 9 32 ;
1018 1427 105 43 when
1145 1437 104 33 some
1270 1426 137 44 Indian
1422 1427 105 43 flank
1541 1427 237 43 skirmishers
1793 1427 73 43 dis¬

339 1482 156 33 covered
510 1482 66 33 the
591 1492 143 32 enemy,
751 1482 84 42 who
851 1491 107 33 came
971 1492 52 33 up
1037 1484 45 41 to
1097 1482 66 43 the
1176 1482 77 43 left,
1271 1482 77 43 and
1368 1482 40 43 in
1428 1482 67 43 the
1514 1492 96 33 rear,
1628 1482 77 43 and
1720 1482 143 43 halted.

339 1533 103 37 Soon
458 1547 25 23 a
497 1537 157 42 portion
671 1536 208 43 advanced,
892 1537 103 42 when
1011 1547 25 32 a
1050 1547 189 33 company
1254 1537 105 43 faced
1375 1537 125 43 about
1515 1537 77 43 and
1606 1537 103 43 fired,
1719 1539 146 41 empty¬

338 1589 66 44 ing
429 1591 107 42 three
564 1591 163 42 saddles.
777 1591 118 42 From
921 1591 81 42 this
1029 1592 93 41 time
1149 1592 99 41 until
1275 1592 110 44 dark,
1413 1592 67 44 the
1513 1592 246 44 skirmishing
1784 1602 80 34 was

338 1649 195 32 constant.

419 1701 62 34 "A
502 1702 179 43 corporal
701 1701 39 44 in
762 1700 197 45 Company
982 1701 36 44 C,
1035 1702 242 43 Fifty-ninth,
1300 1712 79 33 was
1400 1702 158 43 ordered
1584 1704 45 41 to
1652 1702 209 43 surrender.

338 1753 58 37 He
409 1756 53 35 let
476 1757 59 34 his
549 1757 187 34 would-be
749 1759 140 41 captor
903 1767 106 33 come
1023 1757 99 43 close
1143 1759 44 41 to
1208 1757 97 43 him;
1328 1758 104 42 when
1453 1758 46 42 he
1520 1757 131 43 struck
1671 1757 79 43 him
1771 1758 92 42 with

337 1811 65 34 the
416 1811 92 35 butt
523 1812 44 34 of
581 1812 59 34 his
654 1822 91 32 gun.

417 1867 23 16 "
449 1866 119 35 While
581 1867 67 34 the
661 1867 186 42 regiment
868 1877 78 32 was
968 1866 163 43 fighting
1154 1866 40 43 in
1215 1877 26 32 a
1261 1867 115 42 ditch,
1394 1867 77 42 and
1491 1867 66 42 the
1572 1867 112 42 order
1697 1877 106 32 came
1817 1870 45 39 to

337 1923 153 40 retreat,
507 1922 67 41 the
587 1922 254 41 color-bearer
860 1922 119 41 threw
1003 1924 71 39 out
1094 1921 67 42 the
1181 1921 90 43 flag,
1289 1922 197 42 designing
1505 1924 45 40 to
1566 1921 110 44 jump
1698 1924 72 41 out
1784 1922 79 43 and

336 1979 66 40 get
422 1977 50 43 it;
495 1977 74 43 but
588 1978 67 42 the
675 1977 118 43 rebels
814 1977 140 43 rushed
976 1977 59 43 for
1055 1976 44 44 it,
1117 1976 77 44 and
1214 1976 39 44 in
1268 1977 66 43 the
1348 1977 171 43 struggle
1534 1987 71 33 one
1620 1977 44 43 of
1676 1977 69 43 the
1758 1977 99 43 boys

336 2030 170 36 knocked
521 2032 111 35 down
647 2032 91 35 with
753 2032 59 35 his
826 2042 80 32 gun
921 2032 66 42 the
1001 2032 64 42 reb
1081 2031 84 43 who
1181 2031 78 43 had
1273 2031 67 43 the
1353 2032 89 43 flag,
1458 2032 146 43 caught
1624 2032 43 43 it,
1684 2032 78 43 and
1775 2043 85 32 ran.

416 2086 63 35 "A
500 2087 111 43 rebel,
633 2087 93 43 with
748 2097 51 33 an
821 2087 109 43 oath,
949 2087 156 43 ordered
1128 2096 72 34 one
1221 2086 44 44 of
1281 2096 72 34 our
1372 2097 85 33 men
1477 2089 46 41 to
1538 2087 209 43 surrender.
1790 2087 70 43 He,

335 2141 178 44 thinking
532 2143 68 42 the
619 2142 99 43 reb's
739 2152 79 33 gun
838 2152 81 33 was
939 2142 150 43 loaded,
1108 2141 170 44 dropped
1299 2141 59 44 his
1378 2152 96 33 gun;
1490 2142 84 43 but,
1592 2152 50 33 on
1657 2142 126 43 seeing
1795 2142 67 43 the

335 2196 64 34 reb
414 2207 211 25 commence
638 2197 171 43 loading,
828 2207 72 33 our
914 2197 152 43 colored
1082 2197 139 43 soldier
1236 2196 156 44 jumped
1412 2197 60 43 for
1491 2196 59 44 his
1570 2207 90 33 gun,
1677 2197 77 43 and
1770 2197 91 43 with

335 2250 35 36 it
383 2252 130 34 struck
526 2253 60 34 his
602 2255 139 41 captor
757 2252 108 44 dead.

417 2307 21 17 "
448 2303 108 48 Capt.
573 2307 62 44 H.,
651 2308 115 43 being
786 2307 239 44 surrounded
1045 2307 53 44 by
1121 2306 126 45 about
1267 2316 26 35 a
1313 2306 118 45 dozen
1450 2306 131 45 rebels,
1603 2317 80 34 was
1704 2317 84 34 seen
1808 2306 53 45 by

337 2370 70 26 one
422 2363 43 34 of
480 2362 59 35 his
559 2374 96 32 men,
678 2363 85 43 who
785 2363 119 43 called
927 2362 144 44 several
1094 2362 43 44 of
1152 2362 59 44 his
1232 2360 269 46 companions;
1517 2361 92 45 they
1630 2362 139 44 rushed
1788 2361 76 45 for¬

336 2417 103 35 ward
454 2418 77 34 and
545 2418 103 43 fired,
664 2418 134 43 killing
812 2417 146 44 several
973 2417 44 44 of
1031 2417 66 44 the
1111 2427 144 34 enemy,
1273 2415 78 46 and
1364 2416 152 45 rescued
1530 2416 100 45 their
1642 2416 171 45 captain.

416 2472 63 35 "A
493 2473 98 34 rebel
605 2483 107 24 came
733 2483 52 33 up
807 2475 46 41 to
875 2483 83 33 one,
983 2472 77 44 and
1082 2472 95 44 said,
1196 2470 130 46 'Come
1346 2481 66 35 my
1426 2470 103 46 good
1550 2471 130 45 fellow,
1696 2481 51 35 go
1768 2471 95 45 with

335 2536 59 25 me
409 2527 76 35 and
499 2528 93 35 wait
613 2538 51 25 on
686 2527 83 36 me.'
811 2527 47 36 In
880 2537 51 26 an
949 2527 166 42 instant,
1131 2526 67 43 the
1217 2525 79 44 boy
1318 2525 94 44 shot
1431 2525 59 44 his
1511 2526 184 43 would-be
1715 2528 146 41 master

336 2581 107 36 dead.

415 2627 22 17 "
448 2626 97 37 Once
564 2627 106 36 when
690 2627 68 36 the
778 2636 86 27 men
885 2624 167 44 charged
1073 2634 51 34 on
1144 2624 67 44 the
1231 2634 143 34 enemy,
1389 2624 93 44 they
1495 2624 139 44 rushed
1647 2624 105 44 forth
1766 2623 93 45 with

334 2680 66 36 the
413 2682 103 42 cry,'
525 2682 220 42 Remember
759 2681 100 43 Fort
873 2679 158 45 Pillow.'
1074 2678 78 46 The
1165 2678 86 46 rebs
1264 2678 119 46 called
1396 2678 110 46 back,
1522 2679 78 45 and
1620 2679 124 45 said,'
1753 2678 105 46 Lee's

334 2745 85 26 men
433 2737 112 35 killed
560 2747 51 25 no
626 2734 218 47 prisoners.'

415 2792 111 35 "One
551 2802 94 25 man
665 2792 40 35 in
727 2801 26 26 a
772 2790 142 42 charge
939 2788 121 44 threw
1086 2786 60 46 his
1173 2787 230 45 antagonist
1428 2790 45 42 to
1499 2788 68 44 the
1592 2787 164 45 ground,
1779 2787 78 45 and

333 2846 139 45 pinned
486 2848 79 43 him
579 2847 98 44 fast;
694 2845 89 46 and,
801 2854 45 37 as
859 2844 47 47 he
921 2841 217 50 attempted
1152 2843 45 48 to
1212 2841 197 50 withdraw
1428 2842 58 49 his
1506 2842 186 49 bayonet,
1704 2842 35 49 it
1751 2852 107 39 came

335 2902 55 35 off
406 2902 59 36 his
479 2912 90 35 gun,
586 2901 90 46 and,
693 2910 45 37 as
751 2900 48 47 he
812 2908 79 39 was
905 2906 93 41 very
1017 2896 100 51 busy
1131 2895 85 52 just
1235 2895 103 52 then,
1353 2895 47 52 he
1412 2895 66 52 left
1490 2895 80 52 him
1582 2896 212 51 transfixed
1807 2898 48 49 to

333 2957 153 36 mother
498 2956 125 37 earth.
