2200 3300
335 310 97 45 346

638 309 222 42 History
886 318 64 33 of
977 317 96 34 the
1099 305 165 46 Black
1289 302 253 49 Phalanx.

415 443 43 19 "'
467 442 105 35 After
587 441 77 36 this
679 442 170 40 attempt
862 442 44 40 to
922 447 141 35 escape,
1079 436 66 46 the
1165 434 99 48 rebel
1286 430 229 52 authorities
1536 425 114 57 made
1671 434 52 48 an
1743 421 114 61 effort

332 504 47 32 to
399 500 72 36 rob
492 508 45 28 us
559 497 44 39 of
623 495 235 42 everything,
880 491 250 46 particularly
1157 487 294 50 pocket-knives,
1483 481 177 56 watches,
1690 488 47 49 or
1764 483 95 54 any"

333 557 115 41 thing
460 555 92 43 that
566 551 111 47 could
693 550 64 48 aid
771 559 45 39 us
830 551 44 47 to
889 556 143 42 escape.
1074 545 46 53 In
1140 543 78 55 this
1238 543 91 55 they
1351 549 92 49 were
1457 536 125 62 foiled.
1625 533 106 65 They
1745 530 113 68 made

335 623 46 25 us
396 612 51 36 all
460 621 51 33 go
527 613 43 41 to
584 618 73 36 one
671 605 72 49 end
758 604 43 50 of
815 603 67 51 the
902 611 110 43 room
1035 599 77 55 and
1133 597 152 57 placing
1306 606 25 48 a
1351 593 125 61 guard
1497 589 173 65 through
1684 587 68 67 the
1765 586 94 68 mid¬

336 667 69 41 dle,
421 665 177 43 searched
613 673 44 35 us
673 671 71 37 one
758 659 51 49 by
825 667 71 41 one
911 655 77 53 and
1002 652 139 56 passed
1155 661 44 47 us
1220 654 45 54 to
1286 651 66 57 the
1374 649 111 59 other
1507 646 90 62 side.
1640 643 37 65 If
1694 652 72 56 one
1780 639 78 69 had

336 733 27 22 a
376 722 109 41 knife,
501 720 124 43 watch
640 729 45 34 or
698 724 148 39 money,
864 712 46 51 he
924 710 78 53 had
1018 708 90 55 only
1122 709 45 54 to
1182 708 86 55 toss
1280 705 35 58 it
1328 714 91 49 over
1433 705 45 58 to
1495 710 106 53 some
1615 708 72 55 one
1701 696 158 67 already

336 775 190 42 searched,
542 775 77 42 and
634 773 103 44 when
751 771 59 46 his
825 771 92 46 turn
932 773 106 44 came
1051 760 125 57 would
1190 760 99 57 have
1302 758 167 59 nothing
1481 758 45 59 to
1543 755 116 62 show.

419 831 41 16 "'
470 830 78 33 The
562 828 143 43 guards
720 825 124 46 would
858 824 73 47 not
953 818 110 53 allow
1085 826 46 45 us
1151 818 45 53 to
1220 814 117 57 stand
1357 813 53 58 by
1431 811 66 60 the
1511 809 189 62 windows,
1717 806 77 65 and
1809 817 51 54 on

339 896 72 22 one
425 884 188 40 occasion,
629 882 164 42 without
807 878 182 46 warning,
1000 872 91 52 fired
1106 869 171 55 through
1293 878 25 46 a
1332 865 265 59 second-story
1612 862 156 62 window
1783 861 77 63 and

338 940 119 40 badly
471 937 183 43 wounded
669 947 51 33 an
735 936 124 44 officer
874 943 51 37 on
938 932 66 48 the
1017 928 105 52 third
1139 926 110 54 floor.

471 993 67 42 My
551 994 112 41 shoes
677 1000 91 35 were
781 988 132 47 nearly
928 997 103 38 worn
1046 987 72 48 out
1134 982 104 53 when
1253 979 19 56 I
1286 988 79 47 was
1386 975 196 60 captured,
1599 975 78 60 and
1691 984 97 51 soon
1802 974 61 61 be¬

340 1058 106 24 came
460 1058 44 24 so
520 1057 103 25 worn
636 1046 93 36 that
743 1044 18 38 I
775 1044 111 38 could
902 1042 88 41 only
1007 1041 91 42 keep
1120 1039 80 44 sole
1222 1038 78 45 and
1323 1035 106 48 body
1446 1032 179 51 together
1644 1031 52 52 by
1710 1029 152 54 cutting

341 1103 146 42 strings
507 1102 98 43 from
624 1101 68 44 the
711 1099 93 46 edge
825 1098 43 47 of
884 1097 65 48 the
970 1105 138 40 uppers
1129 1094 78 51 and
1227 1093 128 52 lacing
1380 1091 107 54 them
1513 1088 189 57 together.
1745 1087 117 58 These

342 1158 145 41 strings
508 1155 124 44 would
653 1164 98 35 wear
770 1154 73 45 but
865 1162 25 37 a
909 1151 100 48 little
1029 1150 116 49 while,
1169 1148 78 51 and
1267 1148 172 51 frequent
1460 1145 172 54 cuttings
1652 1142 78 57 had
1751 1142 111 57 made

342 1214 68 34 the
422 1212 112 36 shoes
550 1220 92 31 very
654 1210 84 41 low.

425 1265 214 34 "'Toward
653 1264 67 35 the
734 1263 78 36 last
827 1262 43 37 of
885 1262 188 40 January,
1090 1259 109 43 Capt.
1216 1256 105 46 Cook
1341 1255 165 47 received
1526 1254 232 48 intelligence
1771 1252 92 50 that

344 1333 27 23 a
390 1321 140 43 special
549 1320 193 44 exchange
761 1317 79 47 had
861 1317 92 47 been
972 1314 153 50 effected
1144 1314 39 50 in
1205 1313 58 51 his
1283 1322 88 42 case
1390 1311 78 53 and
1488 1311 48 53 he
1551 1320 77 44 was
1641 1311 45 53 to
1700 1310 106 54 start
1818 1309 47 55 at

345 1387 93 23 once
451 1376 59 34 for
523 1376 67 34 the
603 1374 136 36 North.
782 1372 97 38 Here
893 1381 78 29 was
987 1381 51 29 an
1053 1368 255 44 opportunity
1329 1369 44 43 to
1395 1365 278 47 communicate
1688 1363 89 49 with
1793 1372 71 40 our

344 1431 199 35 comrades
557 1430 79 36 and
649 1428 150 42 friends,
815 1427 60 43 for
889 1436 50 34 up
960 1428 45 42 to
1027 1425 79 45 this
1126 1424 93 46 time
1240 1432 52 38 we
1312 1422 65 48 did
1397 1423 73 47 not
1482 1421 113 49 know
1610 1419 163 51 whether
1785 1426 80 44 any

347 1487 44 34 of
407 1497 71 24 our
492 1486 131 35 letters
637 1483 79 38 had
736 1483 92 38 been
847 1481 176 40 received.
1066 1479 109 43 Capt.
1192 1477 104 45 Cook
1317 1476 79 46 had
1418 1486 25 36 a
1463 1476 86 46 pair
1571 1474 43 48 of
1628 1473 106 49 good
1754 1474 110 48 stout

346 1543 183 41 brogans.
572 1540 119 44 These
712 1538 110 46 shoes
842 1537 47 47 he
909 1535 118 49 urged
1047 1545 59 39 me
1125 1536 45 48 to
1191 1533 93 51 take
1303 1532 40 52 in
1363 1531 192 53 exchange
1575 1529 60 55 for
1654 1539 66 45 my
1733 1526 133 58 dilapi¬

348 1596 118 35 dated
481 1605 101 26 ones.
625 1595 52 36 At
691 1594 96 40 first,
803 1592 19 42 I
836 1592 65 42 felt
915 1590 192 44 reluctant
1126 1591 44 43 to
1194 1590 49 44 do
1266 1598 55 36 so,
1343 1587 74 47 but
1437 1585 131 49 finally
1590 1583 111 51 made
1721 1583 67 51 the
1806 1593 59 41 ex¬

347 1653 146 40 change
508 1650 77 43 and
599 1650 46 43 he
663 1648 68 45 left
752 1658 45 35 us
817 1646 91 47 with
930 1656 25 37 a
974 1645 100 48 light
1093 1644 123 49 heart,
1231 1643 74 50 but
1317 1642 60 51 his
1393 1639 276 54 anticipations
1683 1648 92 45 were
1794 1638 71 55 not

347 1706 170 42 realized,
541 1706 59 42 for
620 1702 154 46 instead
793 1702 43 46 of
851 1701 118 47 going
990 1699 157 49 directly
1167 1698 124 50 North
1313 1697 46 51 he
1379 1706 78 42 was
1480 1694 177 54 detained
1676 1693 40 55 in
1742 1692 123 56 Libby

349 1762 139 34 Prison
501 1760 100 36 until
616 1759 84 42 just
713 1757 125 44 before
851 1756 65 45 the
929 1758 79 43 rest
1024 1754 42 47 of
1081 1764 45 37 us
1142 1752 161 49 arrived,
1321 1751 77 50 and
1419 1751 105 50 when
1546 1759 51 42 we
1617 1747 158 54 reached
1793 1746 73 55 An¬

348 1816 153 42 napolis
522 1815 46 43 he
591 1823 75 35 was
688 1812 78 46 still
786 1812 106 46 there
913 1809 183 49 awaiting
1116 1808 58 50 his
1195 1808 115 50 leave,
1335 1805 78 53 and
1440 1805 79 53 had
1539 1805 93 53 been
1653 1802 148 56 obliged
1821 1803 43 55 to

349 1881 100 24 wear
463 1880 65 31 my
543 1869 65 42 old
623 1868 110 43 shoes
748 1866 97 45 until
859 1867 77 44 two
952 1864 97 47 days
1064 1862 188 49 previous.

432 1925 42 17 "'
484 1924 163 34 Rumors
662 1921 44 37 of
722 1931 25 27 a
760 1919 151 44 general
925 1919 191 44 exchange
1129 1917 125 46 began
1268 1918 44 45 to
1334 1915 189 48 circulate,
1540 1913 78 50 and
1633 1923 26 40 a
1671 1912 65 51 few
1751 1912 116 51 boxes

350 1980 45 34 of
410 1978 217 44 provisions
651 1976 82 46 and
759 1974 181 48 clothing,
970 1974 86 48 sent
1082 1972 51 50 by
1161 1971 191 51 Northern
1378 1969 151 53 friends,
1552 1978 92 44 were
1672 1967 193 55 delivered.

350 2034 154 41 Among
522 2033 67 42 the
608 2033 91 42 rest,
721 2040 77 35 was
821 2039 25 36 a
866 2027 190 48 well-filled
1076 2027 78 48 box
1175 2026 98 49 from
1287 2026 66 49 the
1368 2025 143 50 officers
1527 2023 44 52 of
1587 2033 71 42 our
1671 2022 194 53 regiment,

351 2088 79 34 and
444 2087 132 35 twelve
589 2084 170 38 hundred
781 2083 142 39 dollars
945 2081 242 41 Confederate
1208 2089 137 33 money
1370 2078 128 44 (being
1518 2078 66 44 the
1598 2077 218 45 equivalent
1830 2073 41 49 of

351 2144 106 39 sixty
472 2142 143 41 dollars
628 2137 247 46 greenbacks)
893 2136 115 47 which
1023 2136 93 47 they
1135 2134 78 49 had
1233 2134 133 49 kindly
1386 2132 256 51 contributed.
1685 2130 118 53 Could
1817 2140 52 43 we

352 2198 99 33 have
464 2194 164 37 received
641 2192 66 39 the
720 2193 78 38 box
813 2191 77 40 and
905 2200 136 31 money
1055 2190 39 41 in
1108 2188 221 43 November,
1338 2187 153 44 instead
1506 2187 43 44 of
1560 2187 84 44 just
1657 2186 126 45 before
1798 2194 71 37 our

351 2252 151 40 release,
517 2259 54 33 we
583 2248 112 44 could
707 2247 100 45 have
820 2245 190 47 subsisted
1025 2244 103 48 quite
1141 2243 258 49 comfortably
1413 2242 52 50 all
1479 2242 144 50 winter.
1663 2241 54 51 As
1731 2242 34 50 it
1777 2250 90 42 was,

352 2316 54 23 we
431 2304 100 35 lived
558 2302 267 42 sumptuously
854 2310 43 34 as
918 2300 92 44 long
1031 2308 44 36 as
1095 2298 66 46 the
1181 2298 177 46 contents
1380 2297 44 47 of
1438 2296 66 48 the
1525 2297 79 47 box
1624 2296 137 48 lasted,
1792 2294 78 50 and

353 2360 106 33 when
472 2358 125 35 about
610 2366 28 27 a
649 2355 99 38 week
760 2355 100 38 later
874 2364 52 29 we
938 2352 152 41 started
1102 2353 60 40 for
1174 2347 212 46 Richmond
1398 2353 47 40 to
1465 2351 48 42 be
1530 2351 173 43 paroled,
1718 2361 54 33 we
1789 2348 81 46 had

355 2415 131 33 drawn
500 2410 262 40 considerably
776 2419 104 32 upon
894 2408 65 43 the
973 2408 130 43 twelve
1117 2406 170 45 hundred
1302 2406 154 45 dollars.

434 2466 249 40 "'February
710 2463 107 43 17th,
842 2473 51 33 we
918 2462 67 44 left
1011 2461 172 45 Danville
1208 2462 60 44 for
1286 2460 213 46 Richmond
1526 2460 79 46 and
1632 2470 94 36 were
1752 2460 118 46 again

355 2520 204 45 quartered
572 2520 39 45 in
625 2518 135 47 Libby.
803 2517 57 48 On
875 2518 65 47 the
954 2516 108 49 19th,
1078 2526 52 39 we
1144 2515 130 50 signed
1287 2516 66 49 the
1367 2515 132 50 parole
1512 2525 151 40 papers.

436 2576 42 16 "'
488 2575 79 33 The
579 2573 138 35 second
729 2571 179 42 morning
920 2571 99 42 after
1031 2570 153 43 signing
1202 2570 67 43 the
1287 2570 103 43 rolls,
1407 2580 73 33 one
1493 2571 45 42 of
1552 2570 69 43 the
1632 2569 120 44 clerks
1764 2579 108 34 came

354 2632 40 33 in
415 2631 78 34 and
514 2629 84 36 said
618 2628 93 37 that
731 2626 58 39 for
809 2629 105 36 want
935 2625 43 40 of
992 2625 326 42 transportation,
1342 2625 91 42 only
1455 2635 27 32 a
1500 2624 172 43 hundred
1687 2625 124 42 would
1825 2624 47 43 be

354 2687 87 32 sent
454 2684 111 35 down
578 2683 67 36 the
656 2682 101 37 river
769 2682 91 37 that
874 2680 87 41 day,
978 2679 78 42 and
1070 2680 66 41 the
1149 2682 79 39 rest
1242 2679 124 42 would
1380 2679 126 42 follow
1519 2689 117 32 soon;
1652 2679 93 42 that
1759 2679 113 42 those

355 2740 126 34 whose
494 2746 131 28 names
640 2746 91 28 were
744 2735 117 39 called
875 2734 124 40 would
1012 2734 67 40 fall
1092 2734 38 40 in
1152 2744 51 30 on
1223 2734 66 40 the
1308 2734 113 40 lower
1434 2734 110 42 floor,
1560 2735 119 41 ready
1693 2736 45 40 to
1752 2734 120 42 start.

354 2796 54 33 As
421 2795 47 34 he
480 2791 204 45 proceeded
697 2792 44 44 to
755 2789 73 47 call
841 2789 66 47 the
919 2789 73 47 roll
1005 2789 106 47 there
1129 2799 80 37 was
1229 2799 27 37 a
1275 2788 205 48 death-like
1494 2789 176 47 stillness,
1688 2789 78 47 and
1779 2789 92 47 each

355 2847 160 36 listened
536 2845 202 41 anxiously
757 2846 45 40 to
823 2843 92 43 hear
935 2843 58 43 his
1015 2853 82 33 own
1118 2853 123 33 name.
1284 2842 49 44 Of
1350 2853 72 33 our
1442 2853 98 33 mess
1562 2843 91 43 only
1674 2853 73 33 one
1760 2853 113 33 name

356 2913 80 24 was
456 2901 130 36 called.
626 2900 53 37 As
699 2899 46 38 he
764 2897 165 43 stopped
948 2898 158 42 reading
1126 2897 78 43 and
1222 2897 126 43 folded
1369 2897 59 43 his
1448 2898 92 42 rolls
1562 2898 78 42 and
1659 2898 141 42 turned
1826 2906 47 34 to

358 2959 117 43 leave,
491 2957 21 45 I
530 2954 182 48 thought,
733 2953 105 49 what
857 2952 33 50 if
905 2962 71 40 our
997 2962 109 40 army
1127 2952 138 50 should
1284 2961 212 41 commence
1510 2952 125 50 active
1649 2953 225 49 operations
