2200 3300
855 301 106 43 The
987 301 125 43 War
1138 313 64 32 of
1230 302 144 43 1812.

1812 303 63 43 77

421 433 140 37 "Your
581 436 232 43 committee,
836 435 188 44 believing
1043 435 94 44 that
1163 436 67 43 the
1249 435 173 44 freeborn
1443 446 91 33 sons
1549 436 44 43 of
1609 436 173 43 America
1808 447 67 32 are

336 488 156 43 worthy
507 492 46 39 to
569 492 113 42 enjoy
696 491 68 43 the
777 490 140 44 liberty
931 490 118 44 which
1070 490 100 44 their
1190 490 145 44 fathers
1357 491 212 43 purchased
1583 494 46 40 at
1641 492 67 42 the
1721 493 100 43 price
1835 493 45 43 of

337 543 113 34 much
465 544 121 36 blood
602 546 79 34 and
695 548 184 40 treasure,
903 545 79 43 and
1003 545 126 43 seeing
1149 545 52 43 by
1216 546 66 42 the
1296 556 191 32 measures
1503 546 170 43 adopted
1687 547 52 42 by
1755 547 119 42 Great

337 597 165 46 Britain,
527 611 26 32 a
567 611 134 32 course
715 600 240 43 commenced
971 600 78 43 and
1063 600 186 43 persisted
1262 600 51 43 in,
1323 601 118 42 which
1456 601 125 43 might
1594 602 86 42 lead
1693 605 45 39 to
1754 613 27 31 a
1793 603 79 41 loss

337 654 45 34 of
397 655 181 34 national
606 656 200 33 character
834 655 79 34 and
933 655 286 43 independence,
1242 655 67 43 feel
1329 666 52 32 no
1402 656 211 42 hesitation
1632 657 40 41 in
1694 657 179 44 advising

335 710 202 34 resistence
550 710 53 43 by
618 711 111 42 force,
746 710 41 43 in
807 710 120 43 which
948 710 67 43 the
1036 710 218 43 Americans
1270 711 43 42 of
1327 711 67 42 the
1406 714 154 40 present
1574 712 78 42 day
1665 712 74 42 will
1752 723 121 33 prove

335 767 47 32 to
396 766 68 34 the
476 776 134 32 enemy
625 766 79 42 and
718 766 68 42 the
803 766 130 43 world,
948 766 95 43 that
1057 776 53 33 we
1123 766 100 43 have
1235 769 74 40 not
1323 767 91 42 only
1427 767 186 42 inherited
1626 768 93 41 that
1731 768 141 43 liberty

336 821 120 34 which
472 831 72 25 our
557 822 147 34 fathers
719 832 101 33 gave
840 832 58 33 us,
920 822 75 43 but
1016 822 84 43 also
1121 822 67 43 the
1208 822 74 43 will
1302 822 78 43 and
1400 833 126 33 power
1546 825 45 41 to
1613 823 190 43 maintain
1823 824 46 42 it.

336 875 162 45 Relying
519 887 51 33 on
590 878 69 42 the
679 878 228 43 patriotism
929 878 44 43 of
988 878 67 43 the
1074 878 150 43 nation,
1241 879 79 42 and
1340 879 231 42 confidently
1591 879 172 43 trusting
1776 880 95 42 that

336 931 69 35 the
424 931 107 36 Lord
553 933 43 34 of
613 932 125 36 Hosts
760 934 73 34 will
854 944 51 32 go
927 933 93 43 with
1040 944 46 32 us
1106 936 45 40 to
1172 933 127 43 battle
1320 934 39 42 in
1381 944 26 32 a
1426 934 198 43 righteous
1651 945 123 33 cause,
1790 936 80 42 and

337 997 127 25 crown
492 998 73 24 our
584 988 135 35 efforts
739 988 94 35 with
855 999 157 33 success,
1034 999 101 33 your
1154 990 218 42 committee
1385 990 238 42 recommend
1637 1000 52 32 an
1702 990 167 42 immedi¬

338 1045 66 32 ate
419 1044 139 42 appeal
571 1046 46 40 to
634 1043 144 43 arms."

438 1097 117 44 War
587 1112 101 30 was
724 1099 214 43 declared
973 1099 67 55 by
1066 1098 229 57 Congress
1323 1112 64 43 on
1411 1100 84 55 the
1513 1100 121 55 17th
1653 1100 53 55 of
1727 1100 137 55 June,

339 1165 98 42 and
473 1165 291 56 proclaimed
790 1166 66 55 by
880 1165 85 56 the
990 1165 247 56 President
1264 1178 65 43 on
1353 1166 83 55 the
1463 1167 171 54 second
1661 1167 97 55 day
1783 1168 85 54 fol¬

336 1230 191 57 lowing.

439 1297 100 43 The
574 1298 216 55 struggle
822 1310 100 43 was
965 1297 281 56 principally
1288 1297 178 56 carried
1511 1311 64 42 on
1617 1311 131 43 upon
1782 1300 83 54 the

336 1366 165 51 water,
522 1364 209 53 between
748 1364 84 53 the
859 1364 162 53 armed
1047 1364 173 53 vessels
1239 1363 54 54 of
1311 1361 83 56 the
1410 1366 97 51 two
1526 1364 210 54 nations,
1757 1378 108 40 con¬

338 1430 250 55 sequently
616 1442 64 43 no
708 1432 140 53 great
876 1429 171 56 armies
1072 1442 116 43 were
1214 1429 145 56 called
1385 1429 106 56 into
1519 1430 155 55 active
1691 1431 172 54 service

338 1508 133 42 upon
497 1496 84 54 the
607 1495 120 55 field.
782 1495 114 55 This
922 1508 99 42 was
1047 1495 163 55 indeed
1245 1495 247 55 fortunate
1524 1495 74 55 for
1631 1495 227 55 America,

337 1562 161 42 whose
515 1562 216 55 military
749 1561 388 56 establishments
1157 1563 55 54 at
1228 1561 83 56 the
1327 1561 115 56 time
1459 1574 114 43 were
1590 1575 114 42 very
1723 1562 138 55 defec¬

337 1626 115 44 tive.
491 1626 232 57 Congress
740 1627 148 56 called
906 1627 74 56 for
996 1628 182 55 twenty
1195 1627 245 56 thousand
1459 1640 118 43 men,
1590 1627 89 56 but
1698 1640 31 43 a
1745 1641 116 42 very

339 1692 83 42 few
440 1693 213 42 enlisted.
708 1692 99 43 The
832 1692 247 43 President
1104 1704 98 31 was
1229 1692 276 43 authorized
1530 1695 56 40 to
1613 1693 123 42 raise
1752 1694 108 55 fifty

338 1758 250 42 thousand
616 1758 272 42 volunteers
924 1758 96 42 and
1046 1760 55 40 to
1129 1758 89 42 call
1246 1760 87 40 out
1368 1771 89 29 one
1481 1758 212 42 hundred
1719 1759 140 43 thou¬

340 1824 124 42 sand
483 1823 174 43 militia
673 1823 75 43 for
773 1824 83 42 the
882 1823 180 43 defence
1089 1823 53 43 of
1160 1823 82 43 the
1260 1826 220 40 seacoast
1498 1824 95 42 and
1612 1824 242 55 frontiers;

338 1890 92 43 but
450 1890 180 49 officers
649 1889 139 50 could
807 1891 90 48 not
914 1889 57 50 be
988 1888 146 51 found
1152 1891 56 48 to
1226 1889 262 54 nominally
1506 1891 251 52 command
1774 1891 84 52 the

337 1956 85 42 few
447 1955 250 43 thousand
722 1955 117 43 that
865 1954 261 54 responded
1152 1956 56 52 to
1233 1954 83 54 the
1341 1955 111 53 call;
1479 1955 146 53 which
1652 1958 130 50 state
1809 1957 55 51 of

339 2021 165 43 affairs
522 2034 99 30 was
638 2034 65 30 no
723 2020 157 44 doubt
897 2020 180 54 largely
1103 2020 89 54 due
1216 2022 56 52 to
1298 2020 82 54 the
1407 2020 275 54 opposition
1700 2024 55 50 to
1773 2022 83 52 the

336 2100 115 41 war,
471 2086 150 55 which
638 2086 181 55 existed
836 2085 51 56 in
903 2086 83 55 the
1004 2084 104 57 New
1127 2084 217 57 England
1364 2084 174 57 States.

439 2152 131 44 Since
587 2152 83 44 the
688 2164 140 43 peace
856 2151 54 56 of
930 2150 142 57 1783,
1102 2163 31 44 a
1159 2151 120 56 class
1306 2150 53 57 of
1378 2152 180 55 marine
1582 2153 271 54 merchants

337 2222 57 40 at
411 2219 85 43 the
513 2218 155 44 North
686 2216 98 46 had
803 2216 106 46 vied
927 2216 114 46 with
1059 2216 113 46 each
1191 2217 137 45 other
1353 2216 48 46 in
1418 2217 82 45 the
1516 2217 188 45 African
1722 2219 131 43 slave

335 2285 157 53 trade,
512 2284 51 54 in
580 2283 257 56 supplying
860 2283 83 56 the
969 2281 235 58 Southern
1230 2282 224 57 planters.
1508 2282 346 58 Consequently

334 2352 85 42 the
436 2350 208 44 increase
661 2349 49 45 in
728 2361 145 43 negro
893 2347 285 57 population
1195 2360 98 44 was
1310 2350 151 54 great;
1481 2348 49 56 in
1549 2349 128 55 1800
1696 2350 40 54 it
1753 2364 101 40 was

336 2416 278 54 1,001,463,
653 2415 96 55 and
784 2414 49 56 in
869 2414 142 56 1810,
1030 2416 97 54 two
1161 2426 139 44 years
1333 2414 157 56 before
1521 2428 100 42 war
1653 2429 98 41 was
1779 2417 73 53 de¬

334 2483 171 52 clared,
528 2481 276 55 1,377,810,
826 2494 64 42 an
916 2480 204 56 increase
1138 2478 53 58 of
1211 2479 225 57 376,347.
1491 2479 61 57 Of
1571 2481 82 55 the
1671 2482 181 54 1,377,-

334 2550 112 53 810,
473 2549 134 54 there
632 2560 116 43 were
775 2539 258 64 1,181,362
1062 2545 168 58 slaves,
1259 2545 95 58 and
1391 2545 209 58 186,448
1634 2547 104 56 free.
1794 2548 63 55 Of

331 2628 167 31 course
522 2614 125 45 their
672 2614 207 45 increase
903 2624 99 35 was
1028 2613 90 46 not
1144 2611 89 48 due
1258 2611 147 55 solely
1428 2614 56 52 to
1510 2613 83 53 the
1617 2613 232 55 importa¬

329 2682 109 44 tion
464 2681 66 56 by
555 2680 83 57 the
664 2680 132 57 slave
820 2678 154 59 trade,
1003 2677 90 60 but
1116 2676 84 61 the
1226 2680 260 57 aggregate
1510 2678 205 59 increase
1747 2694 99 43 was

328 2748 148 56 large,
497 2746 255 58 compared
769 2745 116 59 with
902 2744 83 60 the
1010 2743 205 61 increase
1233 2742 55 62 of
1304 2743 82 61 the
1402 2744 139 60 white
1558 2745 288 59 pooulation

327 2815 76 43 for
418 2814 85 44 the
520 2826 133 32 same
677 2810 178 58 period.

427 2880 100 43 The
543 2879 92 44 free
651 2890 197 44 negroes
866 2889 117 45 were
999 2875 180 59 mainly
1196 2875 227 59 residents
1443 2877 54 57 of
1506 2877 83 57 the
1605 2877 238 57 Northern

323 2947 182 54 States,
542 2946 150 55 where
732 2944 117 57 they
883 2941 196 60 enjoyed
1115 2954 32 47 a
1179 2941 213 60 nominal
1432 2943 218 58 freedom.
1712 2944 131 57 They
