2200 3300
844 297 106 42 The
976 296 125 43 War
1127 307 65 32 of
1218 295 146 45 1775.

1803 295 68 42 45

1018 431 87 43 [No.
1128 431 42 43 1]

637 486 142 36 "Lord
796 487 193 35 Dvnmore
1011 491 43 31 to
1078 487 63 35 the
1161 486 201 43 Secretary
1382 485 48 44 of
1439 484 124 45 State.

864 542 116 49 /Ship
998 542 239 49 'Dunmore,'
1254 551 37 40 in
1308 542 224 49 Elizabeth
1546 541 136 50 River,
1699 540 84 51 Va.,
1803 553 4 38 •

865 589 23 43 \
1388 586 97 46 30th
1500 585 142 47 March,
1667 586 115 46 1776.

415 640 133 36 "Your
561 641 194 45 Lordship
769 644 74 42 will
864 644 158 42 observe
1041 644 54 42 by
1115 653 65 33 my
1200 643 123 43 letter,
1339 642 70 44 No.
1428 641 61 45 34,
1506 642 93 44 that
1619 641 20 45 I
1659 641 99 45 have
1772 642 94 44 been

329 696 267 45 endeavoring
608 701 46 40 to
669 699 100 42 raise
782 702 80 39 two
877 700 204 42 regiments
1096 698 125 44 here—
1236 708 71 34 one
1321 698 44 44 of
1380 697 112 45 white
1513 697 143 45 people,
1672 697 67 45 the
1754 697 112 45 other

333 751 46 34 of
393 752 126 35 black.
563 753 79 35 The
654 754 143 35 former
816 765 93 33 goes
931 765 52 33 on
1003 765 92 33 very
1117 754 141 44 slowly,
1274 753 73 45 but
1361 753 66 45 the
1440 753 119 45 latter
1573 762 92 36 very
1679 752 90 46 well,
1786 752 80 46 and

332 808 129 34 would
475 808 101 35 have
589 809 93 34 been
703 810 40 35 in
763 813 114 40 great
897 809 262 44 forwardness,
1176 809 79 44 had
1268 810 73 43 not
1356 818 25 35 a
1393 808 100 45 fever
1506 809 107 44 crept
1625 807 41 46 in
1681 809 186 44 amongst

332 862 120 44 them,
468 864 121 42 which
603 865 147 41 carried
764 865 55 41 off
838 876 25 30 a
876 868 114 39 great
1003 875 118 32 many
1136 874 91 33 very
1241 864 72 43 fine
1327 862 175 45 fellows."

1033 975 87 43 [No.
1137 975 41 43 3]

637 1030 146 49 /"Ship
800 1031 240 48 'Dunmore,'
1057 1040 38 39 in
1112 1029 136 50 Gwin's
1262 1029 144 50 Island
1422 1028 181 51 Harbor,
1620 1028 83 51 Va.,

637 1076 24 43 \
1473 1073 99 46 June
1586 1072 196 47 26,1776.

416 1129 53 35 "I
489 1141 67 24 am
575 1131 208 42 extremely
809 1141 114 32 sorry
948 1133 46 40 tb
1022 1130 140 43 inform
1188 1140 101 33 your
1314 1128 202 45 Lordship,
1532 1128 94 45 that
1646 1127 93 46 that
1765 1128 103 45 fever

332 1185 48 34 of
394 1185 121 34 which
529 1185 20 34 I
569 1186 187 35 informed
776 1196 80 32 you
876 1186 40 42 in
937 1195 66 33 my
1023 1186 114 42 letter
1156 1184 71 44 No.
1244 1184 23 44 1
1289 1184 71 44 has
1386 1183 146 45 proved
1560 1193 26 35 a
1614 1193 92 35 very
1734 1183 133 45 malig¬

333 1242 102 33 nant
470 1251 82 33 one,
590 1241 79 43 and
703 1241 73 43 has
810 1241 146 43 carried
991 1240 56 44 off
1064 1250 52 34 an
1149 1239 199 45 incredible
1381 1239 158 45 number
1561 1238 43 46 of
1621 1248 71 36 our
1719 1237 144 47 people,

331 1296 204 43 especially
561 1296 68 43 the
655 1296 144 43 blacks.
844 1295 92 44 Had
963 1295 34 44 it
1023 1297 73 42 not
1123 1295 93 44 been
1243 1294 59 45 for
1321 1294 79 45 this
1420 1293 133 46 horrid
1568 1293 181 46 disorder,
1764 1292 21 47 I
1800 1302 64 37 am

333 1352 175 34 satisfied
522 1351 19 35 I
556 1352 140 34 should
717 1351 100 35 have
836 1351 80 35 had
936 1360 52 26 no
1013 1350 125 36 doubt
1159 1350 43 36 of
1217 1349 244 44 penetrating
1480 1348 85 45 into
1593 1348 67 45 the
1686 1348 113 45 heart
1826 1347 46 46 of

333 1407 80 35 this
428 1406 178 43 colony."

435 1487 100 42 The
554 1486 148 43 dread
728 1485 50 44 in
802 1484 151 45 which
978 1483 83 46 the
1088 1481 229 48 colonists
1343 1481 106 48 held
1475 1481 83 48 the
1584 1493 147 43 negro
1766 1492 99 44 was

332 1553 145 55 equal
510 1555 57 53 to
585 1553 117 55 that
719 1551 117 57 with
853 1550 149 58 which
1019 1549 117 59 they
1152 1547 229 61 regarded
1400 1547 83 61 the
1500 1546 211 62 Indians.
1768 1546 99 62 The

333 1619 278 54 incendiary
635 1618 155 55 torch,
812 1628 253 45 massacre,
1095 1614 185 59 pillage,
1311 1613 96 60 and
1434 1613 171 60 revolt,
1637 1625 97 48 was
1760 1624 109 49 ever

335 1685 278 56 presenting
639 1697 32 44 a
696 1684 199 57 gloomy
923 1681 96 60 and
1047 1680 269 61 disastrous
1343 1679 181 62 picture
1552 1681 56 60 to
1637 1678 82 63 the
1745 1678 124 63 colo¬

335 1753 125 42 nists
480 1753 56 42 at
551 1751 85 44 the
654 1748 170 47 South.
879 1747 140 48 Their
1036 1747 188 48 dreams
1245 1748 55 47 at
1318 1746 152 54 night;
1483 1745 125 55 their
1626 1744 241 56 thoughts

335 1820 68 54 by
421 1819 120 55 day;
561 1817 50 57 in
636 1816 84 58 the
745 1815 106 59 field
880 1815 92 59 and
1002 1814 49 60 in
1076 1813 83 61 the
1186 1813 272 61 legislature
1486 1811 111 63 hall,
1620 1823 116 51 were
1760 1810 108 64 how

334 1888 58 40 to
411 1886 116 54 keep
545 1884 84 56 the
646 1895 147 45 negro
813 1882 152 58 down.
1020 1880 46 60 If
1079 1893 88 47 one
1186 1879 171 61 should
1377 1879 57 61 be
1453 1891 105 49 seen
1577 1877 49 63 in
1646 1890 32 50 a
1694 1877 175 63 village

335 1952 118 43 with
489 1965 32 30 a
554 1963 113 43 gun,
690 1963 31 43 a
754 1948 106 58 half
880 1960 130 46 score
1037 1946 55 60 of
1109 1947 140 59 white
1285 1959 106 47 men
1427 1944 156 62 would
1621 1943 114 63 rush
1770 1942 97 64 and

335 2019 118 43 take
470 2018 41 44 it
528 2017 124 45 from
678 2015 113 53 him,
812 2014 131 54 while
968 2026 181 42 women
1176 2013 49 55 in
1259 2012 83 56 the
1379 2014 147 54 street
1564 2010 153 58 would
1751 2009 117 59 take

333 2085 178 44 shelter
528 2084 49 45 in
594 2083 84 46 the
703 2083 191 46 nearest
918 2081 161 48 house.
1135 2079 98 50 The
1251 2091 189 42 wrongs
1458 2076 149 57 which
1627 2076 115 57 they
1761 2088 108 45 con¬

332 2152 169 43 tinued
517 2153 58 42 to
595 2148 208 57 practice
820 2160 130 45 upon
968 2147 98 58 him
1084 2159 98 46 was
1203 2159 31 46 a
1250 2147 159 58 terror
1425 2146 57 59 to
1500 2143 132 62 them
1650 2141 218 64 through

332 2219 128 43 their
477 2216 280 52 conscience,
777 2214 190 56 though
983 2212 129 58 then,
1136 2226 54 44 as
1208 2212 49 58 in
1275 2212 125 58 later
1418 2223 153 47 years,
1585 2221 161 49 many,
1769 2207 98 63 and

335 2283 317 60 particularly
693 2282 84 61 the
818 2280 195 63 leaders,
1051 2278 296 65 endeavored
1383 2279 56 64 to
1477 2276 197 67 impress
1702 2274 164 69 others

334 2353 117 42 with
467 2350 127 45 their
610 2348 183 56 feigned
828 2346 138 58 belief
995 2346 55 58 of
1075 2347 84 57 the
1193 2343 199 61 natural
1418 2341 268 63 inferiority
1711 2340 56 64 of
1783 2340 84 64 the

334 2432 149 42 negro
509 2420 57 54 to
594 2415 294 59 themselves.
944 2412 113 62 This
1093 2411 214 63 doctrine
1327 2409 163 65 served
1517 2408 146 66 them,
1704 2419 54 55 as
1784 2406 84 68 the

334 2485 184 43 whistle
554 2483 80 45 did
652 2482 83 46 the
752 2482 100 53 boy
869 2480 48 55 in
934 2479 83 56 the
1034 2478 188 57 woods;
1243 2477 116 58 they
1376 2474 165 61 talked
1560 2474 49 61 in
1626 2473 116 62 that
1759 2485 109 50 way

333 2551 177 55 simply
543 2552 57 54 to
636 2549 115 57 keep
785 2546 125 60 their
944 2557 206 49 courage
1185 2555 79 51 up,
1303 2541 97 65 and
1434 2540 127 66 their
1602 2537 266 69 conscience

334 2618 156 42 down.

437 2683 99 42 The
562 2680 307 45 commander
895 2678 55 47 of
968 2678 84 47 the
1077 2675 249 50 American
1363 2686 138 42 army
1526 2671 232 57 regarded
1784 2670 84 58 the

334 2750 168 43 action
521 2748 55 45 of
595 2748 131 45 Lord
745 2746 240 47 Dunmore
1004 2756 55 37 as
1078 2755 33 38 a
1127 2740 182 53 serious
1327 2740 125 53 blow
1468 2741 56 52 to
1542 2738 85 55 the
1643 2736 223 57 national

335 2828 156 31 cause.
546 2815 72 44 To
636 2814 117 45 take
769 2811 84 48 the
878 2822 198 44 negroes
1103 2809 91 57 out
1221 2807 54 59 of
1293 2806 84 60 the
1402 2805 107 61 field
1534 2804 124 62 from
1685 2802 185 64 raising

336 2882 210 57 produce
579 2881 75 58 for
687 2880 84 59 the
806 2890 152 49 army,
998 2875 95 64 and
1128 2873 133 66 place
1293 2873 133 66 them
1461 2871 49 68 in
1544 2870 133 69 front
1713 2868 53 71 of
1784 2868 85 71 the

335 2949 218 58 patriots
588 2960 56 47 as
679 2944 241 63 opposing
953 2941 211 66 soldiers,
1192 2940 59 67 he
1267 2930 100 77 saw'
1383 2950 99 57 was
1501 2951 33 56 a
1551 2937 182 70 danger
1748 2934 122 73 that
