1914 2810
192 261 41 31 24

681 260 199 36 WOMAN
905 261 57 35 IN
986 258 259 38 MEDICINE

538 378 309 39 EXCERPTS
874 379 167 38 FROM
1062 376 283 41 LETTERS

993 504 215 46 Palmyra,
1244 503 89 47 Mo.
1360 502 102 48 Oct.
1491 503 62 47 13,
1577 500 121 50 1913.

200 567 67 36 Dr.
286 566 42 39 S-
350 567 135 39 Maria
507 568 206 45 Steward,

424 623 206 38 Resident
652 624 229 47 Physician
905 624 46 47 of
971 623 284 48 Wilberforce
1276 621 269 50 University,

301 688 61 32 or,
389 689 45 31 as
449 678 18 42 I
485 680 165 44 greatly
672 679 140 46 prefer
833 685 45 40 to
898 680 174 45 address
1094 690 102 36 you,

213 741 109 36 Dear
343 741 124 39 Susie
482 743 156 45 Smith,

246 803 85 40 For
353 807 93 37 well
468 808 54 37 do
545 810 19 36 I
587 809 233 38 remember
837 821 86 36 you
946 822 45 35 as
1005 823 24 34 a
1049 809 154 48 valued
1223 809 82 48 and
1324 806 228 51 congenial
1569 806 128 51 class¬

193 875 109 32 mate
324 870 44 38 in
402 873 121 37 those
545 874 70 37 old
647 874 163 47 college
839 874 122 48 days.
1009 870 21 52 *
1078 871 21 51 *
1145 870 20 52 *
1209 876 40 46 It
1271 874 36 48 is
1331 887 21 35 a
1373 874 106 48 long
1513 879 117 43 story
1653 877 44 45 to

192 933 72 38 tell
279 935 117 38 since
411 938 123 37 those
555 944 167 32 earnest
755 945 231 33 strenuous
1007 941 178 37 student
1218 940 122 46 days,
1381 940 125 46 when
1530 951 65 35 we
1616 938 82 48 last

190 1009 86 29 saw
297 1002 102 36 each
414 1003 121 37 other
557 1005 81 36 and
656 1004 91 37 said
771 1018 21 24 a
815 1005 177 47 hopeful
1007 1005 213 47 goodbye.
1267 1000 20 52 *
1333 1002 19 50 *
1399 1000 20 52 *
1452 1006 20 46 j
1494 1016 67 36 am
1585 1016 45 36 as
1654 1002 43 50 in

191 1054 72 38 the
283 1054 104 47 long
407 1063 108 39 past.

857 1113 221 48 Sincerely
1093 1115 123 46 Your
1237 1113 178 48 Friend,

1020 1168 164 41 Elmira
1204 1171 55 38 Y.
1282 1167 192 42 Howard

979 1324 185 48 Buffalo,
1191 1327 142 45 N.Y.,
1368 1326 99 46 Oct.
1494 1328 67 44 24,
1589 1329 106 43 1914

193 1386 108 37 Dear
324 1387 72 37 Dr.
422 1386 189 40 Steward
631 1402 7 24 :

246 1451 19 37 I
289 1463 66 25 am
376 1451 99 46 glad
500 1454 19 43 I
542 1453 129 44 heard
692 1466 87 35 you
795 1456 193 45 yourself
1000 1457 99 44 read
1114 1468 109 34 your
1245 1468 132 36 paper
1390 1470 54 34 on
1474 1451 217 53 "Woman

192 1514 43 38 in
260 1516 247 38 Medicine"
543 1519 84 36 and
651 1520 19 36 I
694 1521 216 45 supposed
933 1526 41 40 at
996 1521 95 45 that
1112 1521 105 45 time
1239 1522 96 44 that
1356 1522 75 44 the
1452 1535 132 34 paper
1606 1535 88 34 was

190 1585 71 33 too
283 1580 196 39 valuable
499 1587 45 33 to
564 1582 53 38 be
637 1583 78 39 left
737 1584 44 38 in
804 1596 111 35 your
953 1586 107 45 desk
1100 1587 85 44 and
1207 1587 191 46 thought
1420 1587 33 46 it
1475 1588 144 45 would
1642 1586 53 47 be

191 1650 77 40 put
284 1645 43 45 in
351 1647 218 46 pamphlet
591 1648 110 45 form
723 1650 83 43 and
829 1649 260 44 distributed
1112 1664 160 35 among
1292 1653 75 46 the
1388 1652 101 47 club
1524 1665 167 34 women

191 1708 65 39 for
278 1709 269 47 inspiration.

840 1769 220 44 Sincerely
1083 1782 132 35 yours

1026 1825 125 47 Mary
1173 1827 50 45 B.
1247 1823 177 49 Talbert

301 1884 222 39 President
544 1886 44 37 of
611 1886 173 47 Empire
806 1888 118 45 State
945 1889 258 44 Federation
1225 1891 45 42 of
1292 1892 228 41 Women's
1542 1893 149 40 Clubs.

845 2046 106 39 New
972 2047 205 47 Bedford,
1204 2050 152 46 Mass.,
1378 2051 115 45 Nov.
1520 2052 38 46 7,
1587 2055 107 43 1914

195 2105 75 47 My
293 2106 110 46 Dear
420 2107 73 45 Dr.
518 2107 207 45 Steward:

245 2170 19 38 I
287 2171 233 39 remember
540 2185 109 34 your
672 2186 131 35 paper
844 2167 219 54 "Woman
1087 2177 44 44 in
1157 2179 252 42 Medicine"
1436 2182 84 39 and
1545 2196 24 25 a
1590 2195 105 36 very

191 2233 84 40 fine
296 2248 131 34 paper
448 2237 32 45 it
501 2250 102 33 was,
629 2240 83 43 and
736 2242 20 41 I
778 2241 127 42 think
929 2241 32 42 it
983 2255 24 28 a
1026 2242 88 41 fine
1134 2244 98 39 idea
1251 2250 46 33 to
1313 2245 110 40 have
1445 2245 33 40 it
1501 2248 189 46 printed.

195 2300 20 37 I
238 2311 124 35 agree
383 2300 105 46 with
511 2303 213 47 Chaplain
747 2305 194 45 Steward
965 2308 84 42 and
1071 2309 75 41 the
1167 2311 163 39 others.

845 2360 223 51 Sincerely
1089 2375 148 36 yours,

1113 2417 227 42 Elizabeth
1361 2421 50 39 C.
1436 2421 152 40 Carter

366 2475 223 39 President
611 2478 310 40 Northeastern
945 2480 257 42 Federation
1225 2485 45 38 of
1292 2486 228 40 Women's
1543 2489 150 40 Clubs.
