1899 2799
164 311 42 33 18

633 293 200 38 WOMAN
859 290 56 41 IN
939 280 259 51 MEDICINE

165 424 106 40 with
291 420 114 44 their
438 419 149 45 sisters
608 414 45 50 in
674 411 147 53 white,
855 407 86 57 and
982 403 45 61 in
1061 412 120 52 some
1220 396 222 68 instances
1473 388 128 76 have,
1638 395 46 69 as

165 490 213 43 students,
399 482 163 51 carried
579 480 60 53 off
657 478 75 55 the
750 475 176 58 highest
942 471 160 62 honors
1123 463 47 70 of
1189 460 115 73 their
1318 458 176 75 classes.

247 550 249 45 Returning
516 555 46 40 to
574 546 75 49 the
661 541 153 54 Editor
827 539 46 56 of
894 531 127 64 "The
1055 528 188 67 Medical
1261 521 232 74 Review",
1513 521 56 74 he
1583 528 100 67 con¬

162 621 146 39 tinues
412 610 26 50 "
465 613 95 47 The
579 612 173 48 present
764 610 139 50 status
919 601 47 59 of
976 596 182 64 medical
1176 590 233 70 education
1429 587 69 73 for
1513 593 170 67 women

168 688 46 37 in
235 686 75 39 the
329 681 162 44 United
512 679 142 46 States
674 672 119 53 gives
815 668 218 57 evidence,
1061 674 44 51 as
1126 661 67 64 far
1213 670 47 55 as
1288 653 185 72 medical
1514 647 174 78 schools

169 764 71 26 are
261 743 256 47 concerned,
542 743 96 47 that
659 740 121 50 there
802 736 36 54 is
860 744 56 46 no
938 731 98 59 lack
1058 728 46 62 of
1125 721 291 69 opportunity
1436 718 69 72 for
1536 724 145 66 secur¬

170 818 78 44 ing
268 828 25 34 a
312 810 183 52 medical
515 802 248 60 education.
792 811 3 51 1
828 802 52 60 In
905 800 105 62 1909
1032 796 123 66 there
1194 801 115 61 were
1347 782 236 80 ninty-orie
1616 791 70 71 co¬

170 877 273 43 educational
482 873 184 47 schools,
694 868 84 52 and
798 868 122 52 three
939 857 300 63 distinctively
1262 850 211 70 women's
1505 844 185 76 triedical

172 946 199 45 colleges.
434 938 142 53 There
610 947 111 44 \vere
737 937 101 54 ovSr
860 930 103 61 nine
984 924 199 67 hundred
1207 919 200 72 students
1436 915 47 76 in
1520 910 169 81 attend¬

173 1022 106 28 ance
299 1008 86 42 and
414 1017 119 33 more
551 1005 105 45 than
687 1011 83 39 one
809 993 201 57 hundred
1033 990 86 60 and
1131 988 109 62 fifty
1252 984 235 66 graduates
1529 978 164 72 during

175 1077 93 38 that
282 1085 115 36 year.
442 1067 284 54 Apparently,
741 1064 74 57 the
831 1058 233 63 exteiision
1077 1054 48 67 of
1135 1051 159 70 special
1313 1046 184 75 medical
1512 1041 177 80 schools

175 1142 67 37 for
282 1149 167 30 women
491 1134 35 45 is
568 1137 304 42 unnecessary.
935 1121 97 58 The
1067 1125 122 54 great
1225 1116 109 63 need
1358 1119 44 60 at
1421 1113 76 66 the
1519 1112 175 67 present

178 1205 104 39 time
301 1204 38 40 is
361 1200 191 48 equality
574 1197 45 51 of
639 1191 285 57 o^pdrtunity
947 1189 66 59 for
1033 1183 189 65 hospital
1241 1180 178 68 service.
1459 1173 229 75 Recently,

177 1271 110 38 after
306 1269 108 44 long
427 1262 259 51 discussion,
712 1265 86 48 two
818 1264 169 49 women
1002 1264 113 49 were
1135 1246 212 67 admitted
1370 1256 47 57 as
1438 1243 195 70 internes
1652 1242 45 71 at

181 1335 204 40 Bellevue
415 1326 255 49 Hospital."

263 1398 132 48 Quite
406 1394 208 52 recently,
631 1393 21 53 I
665 1391 110 55 have
789 1385 177 61 learned
979 1384 96 62 that
1093 1394 24 52 a
1137 1377 174 69 colored
1332 1385 155 61 young
1506 1381 187 65 woman,

185 1465 108 38 Miss
309 1460 184 43 Isabella
506 1454 259 49 Vanderwal
786 1453 99 50 who
896 1450 39 53 is
956 1458 100 45 now
1076 1459 26 44 a
1113 1444 157 59 Junior
1290 1442 46 61 in
1358 1441 77 62 the
1446 1440 111 63 New
1576 1435 125 68 York

187 1527 185 41 Medical
392 1525 176 45 College
580 1521 85 49 and
682 1517 203 53 Hospital
905 1515 68 55 for
992 1514 200 56 Women,
1210 1510 79 60 has
1310 1507 107 63 been
1431 1502 211 68 admitted
1657 1510 47 60 as

187 1607 55 26 an
263 1593 168 40 interrie
448 1590 92 43 into
561 1587 77 46 the
665 1582 242 51 Mkternity
928 1577 206 56 Hospital
1156 1575 45 58 in
1226 1575 110 58 New
1360 1569 140 64 York.

269 1656 96 40 The
383 1655 140 41 editor
543 1652 136 44 above
697 1647 178 49 quoted,
893 1655 131 41 urges
1043 1643 76 53 the
1151 1639 183 57 medical
1375 1646 171 50 women
1564 1637 45 59 to
1630 1631 72 65 de¬

188 1722 131 41 mand
342 1718 233 45 admission
595 1722 45 41 to
661 1710 271 53 interneship
954 1709 45 54 in
1020 1709 76 54 the
1117 1702 213 61 hospitals
1360 1701 47 62 of
1421 1700 75 63 the
1516 1702 190 61 country

185 1801 46 27 as
279 1786 114 42 their
432 1784 132 46 right,
627 1780 85 50 and
753 1789 98 41 says
873 1788 95 42 :—■
1003 1767 178 63 "There
1227 1778 71 52 are
1342 1780 58 50 no
1448 1765 255 65 arguments

192 1852 171 47 against
403 1850 73 49 the
516 1845 235 54 admission
791 1842 46 57 of
876 1849 169 50 women
1079 1834 255 65 physicians
1368 1844 49 55 as
1448 1830 194 69 internes
1662 1825 45 74 in

194 1915 224 49 hospitals,
438 1912 144 52 which
600 1921 113 43 were
735 1913 77 51 not
843 1905 141 59 raised
1006 1902 173 62 against
1200 1900 119 64 their
1341 1895 238 69 admission
1616 1892 94 72 into

195 1983 75 39 the
285 1978 182 44 medical
482 1974 277 50 profession/
769 1973 8 51 '
812 1973 71 51 He
895 1968 188 56 heartily
1106 1963 253 61 commends
1380 1963 77 61 the
1471 1971 171 53 women
1664 1954 47 70 of

197 2048 78 38 the
300 2049 190 40 country'
525 2043 68 46 for
634 2041 75 48 the
735 2036 178 53 nbtable
945 2045 174 44 success
1159 2033 122 56 they,
1319 2041 45 48 as
1387 2040 25 49 a
1445 2025 129 64 class,
1599 2024 113 65 have

198 2110 208 40 achieved
427 2108 46 42 in
494 2106 114 46 spite
626 2104 47 48 of
693 2102 88 50 this
812 2100 378 52 embarrassment,
1212 2096 85 56 and
1339 2105 183 47 says:—
1553 2083 161 69 "They

198 2175 158 41 should
369 2173 54 43 be
438 2169 254 48 recognized
707 2167 47 50 in
768 2177 131 40 every
915 2163 189 54 possible
1116 2174 111 43 way,
1246 2160 83 57 and
1346 2156 225 61 shouldbe
1586 2154 130 63 given

197 2243 76 38 the
294 2236 149 45 fullest
482 2233 285 50 opportunity
781 2238 45 45 to
847 2231 295 52 demonstrate
1162 2225 116 58 their
1319 2224 156 59 fitness
1490 2228 45 55 to
1566 2231 151 52 secure

197 2308 76 38 the
293 2303 195 45 training
501 2313 49 35 so
569 2298 204 50 essential
790 2296 67 52 for
878 2296 76 52 the
987 2293 312 55 development
1316 2289 48 59 of
1384 2288 115 60 their
1539 2286 179 62 highest

202 2369 188 51 possible
412 2366 283 54 attainments
726 2362 46 58 in
793 2374 26 46 a
851 2358 244 62 profession
1130 2357 145 63 which
1306 2354 162 66 should
1499 2366 57 54 no
1596 2362 123 58 more

199 2434 226 48 recognize
445 2444 79 38 sex
543 2427 253 55 differences
816 2427 108 55 than
946 2425 75 57 the
1042 2422 190 60 diseases
1248 2421 35 61 it
1305 2421 110 61 aims
1429 2426 46 56 to
1488 2415 227 67 combat."

287 2499 96 40 The
403 2502 112 37 most
540 2499 148 40 recent
726 2495 185 44 account
931 2490 46 49 of
997 2490 76 49 the
1092 2486 274 53 world-wide
1399 2482 325 57 opportunities
