1900 2800
193 277 21 32 4

670 272 200 35 WOMAN
891 271 55 36 IN
967 269 257 38 MEDICINE

194 394 127 44 Upon
345 390 166 48 family,
558 390 179 48 friends,
767 389 190 49 resident
992 387 226 51 localities,
1259 397 79 41 our
1391 395 170 43 women
1596 396 117 42 espe¬

196 459 143 45 cially,
357 470 168 34 women
549 457 42 47 in
608 455 372 49 general,—they,
1007 454 81 50 and
1113 454 124 50 those
1255 452 88 52 like
1357 452 116 52 them
1494 450 150 54 confer
1658 463 51 41 an

193 525 137 36 honor
353 523 162 45 lasting
538 523 83 45 and
644 526 112 42 most
779 520 154 48 highly
954 525 44 43 to
1029 520 52 48 be
1103 517 290 51 appreciated.

275 590 117 37 Such
416 601 164 26 women
605 592 252 35 accentuate
879 588 73 39 the
994 597 158 34 power,
1178 585 76 46 the
1274 583 188 48 dignity,
1489 583 75 48 the
1597 594 113 37 pres¬

193 655 89 46 tige
304 654 45 47 of
370 654 303 47 womanhood.
735 650 124 51 They
881 657 120 44 enter
1042 650 93 51 into
1179 650 74 51 the
1289 649 183 52 fullness
1505 649 45 52 of
1570 648 75 53 life
1667 661 44 40 as

194 720 208 46 designed
435 719 67 47 for
522 720 118 46 them
662 718 58 48 by
741 718 113 48 their
876 718 192 48 Creator.
1104 718 52 48 In
1180 715 87 51 this
1292 715 111 51 ideal
1425 714 90 52 life,
1551 715 74 51 the
1647 727 62 39 as¬

197 792 119 40 pects
339 786 44 46 of
400 786 231 46 daughter,
648 784 140 48 sister,
809 783 114 49 wife,
950 784 170 48 mother
1144 794 69 38 are
1244 781 254 51 incidental.
1535 782 45 50 It
1612 780 34 52 is
1689 793 22 39 a

197 852 213 45 personal,
438 850 243 47 individual
704 849 89 48 life,
829 848 228 49 involving
1092 847 231 50 unlimited
1362 859 128 38 scope
1535 846 66 51 for
1637 859 72 38 ex¬

197 917 182 46 pansion
404 916 83 47 and
510 915 319 48 development.

278 981 94 38 The
395 993 169 27 woman
601 981 96 39 who
720 980 133 46 today
895 986 142 40 enters
1059 992 24 34 a
1105 978 242 48 profession
1390 990 182 36 appears
1594 983 43 43 to
1660 977 51 49 be

194 1048 135 46 doing
346 1061 23 33 a
391 1048 159 46 casual,
570 1046 206 48 ordinary
796 1046 144 48 thing.
995 1046 142 48 When
1154 1046 75 48 the
1250 1045 103 49 then
1376 1044 107 50 Miss
1505 1044 43 50 S-
1572 1044 138 50 Maria

194 1113 141 39 Smith
372 1112 244 40 undertook
632 1113 77 39 her
730 1111 183 41 medical
950 1110 350 47 apprenticeship
1342 1110 108 47 such
1474 1123 23 34 a
1518 1109 190 48 decision

197 1191 88 26 was
307 1184 288 33 momentous.
657 1175 96 42 The
795 1177 89 40 fear
907 1176 45 41 of
987 1189 168 28 woman
1199 1175 222 46 unsexing
1442 1175 161 46 herself
1622 1188 88 33 was

195 1246 74 36 the
284 1244 192 46 bugbear
518 1243 44 47 of
582 1244 96 46 that
720 1242 163 48 period.
946 1242 117 48 Only
1085 1242 313 48 level-headed,
1420 1241 284 49 determined,

197 1310 259 37 self-reliant
477 1321 167 26 women
668 1308 103 39 then
795 1308 210 39 ventured
1023 1313 44 34 to
1097 1307 101 40 take
1216 1320 22 27 a
1260 1313 93 39 step
1369 1306 135 47 likely
1527 1312 44 41 to
1594 1307 117 46 elicit

196 1375 254 46 unfriendly
491 1373 206 48 criticism
719 1387 7 34 ;
766 1373 135 48 likely
921 1378 44 43 to
989 1373 158 48 induce
1188 1372 351 49 disparagement
1579 1372 34 49 if
1636 1378 73 43 not

197 1445 336 41 estrangement.

278 1504 65 39 To
365 1506 74 37 the
461 1505 137 38 credit
619 1504 45 39 of
686 1516 78 27 our
786 1517 166 26 women
977 1503 33 40 it
1031 1516 100 34 may
1154 1503 51 47 be
1225 1503 92 47 said
1340 1504 94 46 that
1451 1517 115 33 none
1601 1505 109 45 have

196 1584 97 26 ever
315 1571 108 39 been
447 1583 116 27 more
586 1570 120 44 alert,
733 1582 118 32 more
868 1567 285 48 progressive,
1174 1581 119 34 more
1314 1569 263 47 aggressive,
1594 1582 117 34 more

195 1637 131 46 ready
347 1641 43 42 to
408 1636 146 47 follow
576 1636 127 47 paths
724 1635 44 48 of
791 1635 178 48 upward
1005 1635 142 48 trend.
1208 1636 245 47 Whenever
1468 1636 84 47 and
1574 1636 134 47 wher¬

200 1715 97 26 ever
319 1702 106 46 they
447 1702 109 46 have
578 1701 175 47 entered
776 1701 74 47 the
871 1713 152 35 arenas
1046 1700 45 48 of
1112 1700 300 48 competition,
1438 1701 132 47 while
1609 1702 102 46 they

199 1769 109 37 have
324 1772 88 34 met
428 1767 162 46 equals,
617 1767 104 46 they
742 1767 111 46 have
874 1778 131 35 never
1040 1766 107 47 been
1171 1766 146 47 forced
1348 1771 45 42 to
1415 1766 129 47 retire
1564 1767 147 46 before

198 1833 232 46 superiors.
494 1834 40 45 It
566 1832 35 47 is
637 1833 136 46 hence
804 1844 119 35 more
958 1831 244 48 gratifying
1242 1832 106 47 than
1390 1832 245 47 surprising
1666 1838 43 41 to

197 1903 111 32 state
330 1899 94 36 that
449 1897 106 38 Miss
573 1897 141 39 Smith
727 1909 87 28 was
826 1909 56 28 no
895 1897 247 46 exception.
1178 1898 86 45 She
1278 1910 88 33 was
1387 1898 170 45 trained
1575 1899 44 44 in
1637 1899 72 44 the

199 1965 108 37 New
327 1964 123 38 York
473 1963 186 39 Medical
677 1963 175 46 College
875 1963 83 46 and
982 1962 204 47 Hospital
1210 1962 67 47 for
1294 1964 199 46 Women,
1516 1977 54 33 an
1588 1964 121 46 insti¬

197 2029 142 37 tution
363 2028 192 38 founded
579 2028 57 45 by
657 2029 74 44 the
761 2028 240 45 illustrious
1025 2029 159 44 Doctor
1208 2028 229 45 Clem»ence
1458 2030 44 43 S.
1541 2030 164 43 L,ozier.

194 2094 85 39 She
315 2093 241 47 completed
579 2094 74 46 the
690 2094 245 46 prescribed
959 2105 152 35 course
1133 2094 106 46 with
1262 2096 75 44 the
1358 2096 126 44 usual
1521 2108 185 35 success,

195 2160 85 37 and
303 2159 107 39 with
443 2158 239 40 additional
703 2159 272 39 distinction.
1036 2157 96 41 The
1153 2161 272 45 recognition
1448 2163 58 45 by
1528 2163 75 45 the
1625 2164 84 44 fac¬

193 2226 96 46 ulty
311 2225 44 47 of
379 2225 106 47 Miss
507 2224 184 48 Smith's
713 2224 141 48 merit,
875 2237 88 35 was
985 2237 53 35 an
1063 2230 68 42 act
1154 2237 45 35 as
1221 2227 195 45 graceful
1439 2240 45 32 as
1502 2230 205 42 unusual.

193 2291 85 38 She
294 2303 87 26 was
403 2290 160 39 chosen
586 2290 311 39 valedictorian
921 2290 45 39 of
987 2291 76 38 her
1085 2291 193 38 class—a
1300 2292 110 37 class
1432 2295 211 44 regarded
1666 2308 46 31 as

191 2369 83 25 one
295 2356 45 38 of
360 2355 75 39 the
456 2360 218 40 strongest
695 2355 95 45 that
812 2355 84 45 had
921 2368 98 32 ever
1041 2356 107 44 been
1171 2361 96 39 sent
1289 2362 91 38 out.

274 2419 95 40 The
391 2420 206 46 youthful
619 2421 211 45 graduate
853 2421 123 45 hung
997 2428 77 38 out
1096 2422 77 44 her
1195 2421 174 46 shingle
1391 2422 44 45 in
1467 2424 77 43 her
1566 2427 147 40 native

191 2488 103 46 city,
316 2486 237 48 Brooklyn.
582 2486 56 48 N.
664 2487 55 47 Y.
781 2485 87 49 She
890 2486 104 48 took
1017 2500 24 34 a
1064 2488 329 46 post-graduate
1410 2492 213 42 course.in
1638 2494 74 40 the
