1900 2799
660 347 564 50 INTRODUCTION

264 498 111 38 New
398 498 121 38 York
538 499 79 37 has
638 509 100 27 ever
760 496 85 40 had
887 507 152 29 reason
1063 500 45 36 to
1128 494 54 42 be
1202 492 139 48 proud
1365 491 46 49 of
1432 490 56 50 its
1510 500 184 40 women.

184 564 135 46 Many
340 564 46 46 of
408 564 122 46 these
552 564 57 46 by
631 563 137 47 direct
790 563 176 47 descent
988 573 47 37 or
1064 560 58 50 by
1144 558 204 52 adoption
1371 558 110 52 have
1496 554 204 56 worthily

180 629 186 39 carried-
391 631 75 37 the
499 630 140 38 honor
675 627 178 47 implied
877 627 46 47 in
945 628 74 46 the
1051 624 338 50 distinguished,
1430 621 271 53 affectionate

182 695 559 47 appellation—Daughter
762 694 46 48 of
830 695 109 47 New
960 692 137 50 York.

265 761 148 39 While
434 761 79 39 but
535 774 24 26 a
581 761 124 39 small
728 759 183 41 number
932 758 45 42 of
1000 755 361 45 Afro-Amercian
1396 752 184 48 families
1593 752 109 48 have

185 827 110 39 been
328 829 110 37 New
470 827 193 39 Yorkers
687 826 66 40 for
775 838 119 28 more
916 824 105 42 than
1046 836 23 30 a
1109 821 270 47 generation,
1402 831 159 37 among
1582 818 120 50 these

184 893 189 38 families
395 894 124 37 there
541 893 35 38 is
599 892 192 45 scarcely
807 903 25 34 a
854 890 153 47 family
1028 888 178 49 lacking
1226 892 43 45 at
1290 887 108 50 least
1419 896 83 41 one
1534 894 168 43 woman

187 959 193 40 member
403 958 45 41 of
489 963 171 41 greater
702 956 45 48 of
768 956 84 48 less
892 954 254 50 distinction
1171 966 6 38 ;
1212 964 118 40 some
1370 950 45 54 of
1436 950 117 54 them
1594 948 110 56 have

185 1038 110 25 even
320 1038 24 25 a
366 1025 138 38 better
527 1024 217 44 showing.
810 1021 175 47 Among
1015 1019 88 49 this
1120 1018 127 50 latter
1280 1028 140 40 group
1452 1015 75 53 the
1562 1012 140 56 Smith

188 1090 155 47 family
363 1090 47 47 of
432 1091 129 46 Long
582 1088 149 49 Island
754 1087 150 50 stands
927 1085 303 52 pre-eminent.
1292 1084 53 53 In
1367 1080 113 57 their
1513 1078 190 59 uniform

189 1168 173 26 success
379 1157 76 37 the
471 1155 238 45 daughters
724 1153 44 47 of
782 1152 217 48 Sylvanus
1015 1150 142 50 Smith
1175 1149 84 51 and
1274 1148 129 52 Anna
1419 1142 281 58 Springsteel,

191 1219 70 40 his
283 1221 116 46 wife,
419 1221 114 46 form
556 1234 24 33 a
608 1217 271 50 remarkable
900 1215 174 52 coterie.

274 1286 96 39 The
392 1286 139 39 eldest
552 1285 47 40 of
619 1285 123 40 these
763 1295 88 30 was
872 1283 76 42 the
968 1281 85 44 late
1076 1281 105 44 Mrs.
1205 1278 42 47 S.
1264 1279 39 46 J.
1328 1277 45 48 S.
1390 1276 180 49 Garnet.
1623 1273 84 52 For

193 1366 133 33 many
350 1364 124 35 years
497 1351 77 48 she
597 1349 116 50 filled
738 1351 74 48 the
843 1345 275 54 exceptional
1150 1343 187 56 position
1360 1341 45 58 of
1427 1339 213 60 principal
1662 1337 44 62 in

193 1432 84 25 one
298 1418 46 39 of
367 1418 74 39 the
464 1415 149 48 public
636 1414 172 49 schools
830 1413 45 50 of
895 1411 180 52 Greater
1099 1410 108 53 New
1228 1407 137 56 York.
1401 1404 93 59 The
1515 1415 193 48 memory

190 1485 48 38 of
260 1485 78 38 her
361 1483 141 40 worth
525 1481 87 42 and
635 1481 77 42 her
748 1478 248 45 usefulness
1013 1476 36 47 is
1070 1475 91 48 still
1183 1474 113 49 alive
1316 1472 85 51 and
1424 1471 211 52 fragrant.

280 1551 106 37 Mrs.
412 1547 157 42 Emma
588 1545 144 44 Smith
753 1542 205 47 Thomas,
984 1542 90 47 also
1093 1538 222 51 deceased,
1333 1549 86 40 was
1440 1540 76 49 not
1531 1534 104 55 only
1655 1544 54 45 an

197 1613 324 47 accomplished
544 1611 189 49 teacher,
750 1609 78 51 but
850 1620 87 40 was
978 1605 131 55 noted
1132 1605 67 55 for
1220 1604 77 56 her
1331 1600 216 60 excellent
1581 1598 129 62 judg¬

197 1686 122 34 ment
341 1680 45 40 in
408 1678 201 42 business
626 1680 193 40 matters.
880 1673 86 47 She
988 1683 87 37 was
1095 1668 239 52 successful
1357 1667 44 53 in
1423 1666 75 54 the
1531 1662 182 58 acquisi¬

194 1747 94 38 tion
312 1745 87 40 and
435 1744 265 41 investment
722 1741 45 44 of
797 1751 157 34 money
977 1736 84 49 and
1091 1746 88 39 was
1202 1746 24 39 a
1260 1736 246 49 competent
1547 1729 168 56 adviser

200 1813 45 38 in
270 1810 206 41 financial
500 1807 159 44 affairs.

283 1875 97 40 The
422 1878 219 44 youngest
674 1870 233 52 daughter,
949 1870 102 52 Mrs.
1094 1864 127 58 Clara
1241 1863 53 59 T.
1320 1863 44 59 S.
1390 1863 171 59 Brown,
1587 1859 129 63 chose

201 1943 141 39 music
366 1954 45 28 as
434 1942 77 40 her
534 1937 260 49 profession,
822 1946 88 40 was
931 1947 23 39 a
968 1930 238 56 successful
1228 1928 172 58 teacher
1415 1926 45 60 of
1473 1925 72 61 the
1568 1924 144 62 piano,

203 2011 85 37 and
313 2009 66 39 for
402 2005 164 43 several
598 2015 124 36 years
745 1999 195 52 organist
962 1997 44 54 of
1027 1998 74 53 the
1121 1993 198 58 Concord
1342 1991 168 60 Baptist
1525 1988 190 63 Church,

203 2074 239 46 Brooklyn,
469 2072 57 48 N.
553 2072 74 48 Y.,
654 2068 46 52 of
721 2066 143 54 which
888 2066 159 54 Doctor
1067 2062 70 58 W.
1163 2057 52 63 T.
1242 2058 144 62 Dixon
1408 2067 88 53 was
1530 2059 159 61 pastor.

291 2140 109 38 Miss
424 2139 127 44 Mary
591 2134 143 49 Smith
757 2132 85 51 and
866 2132 159 51 Doctor
1060 2126 44 57 S.
1132 2127 62 56 M.
1238 2123 142 60 Smith
1416 2120 208 63 Steward,
1650 2119 73 64 the

205 2220 83 26 one
311 2206 44 40 in
378 2203 216 44 business,
621 2201 75 46 the
718 2199 124 48 other
864 2196 44 51 in
930 2196 73 51 the
1039 2190 242 57 profession
1304 2188 43 59 of
1368 2186 215 61 medicine
1616 2185 110 62 have

208 2271 203 48 acquired
457 2268 209 51 affluence
689 2265 83 54 and
795 2260 264 59 reputation.
1121 2256 126 63 They
1287 2266 71 53 are
1379 2264 98 55 now
1517 2249 211 70 enjoying

206 2339 75 38 the
318 2336 130 41 fruits
485 2334 45 43 of
563 2329 239 48 continued
846 2324 262 53 application
1161 2321 82 56 and
1291 2316 248 61 systematic
1580 2314 140 63 effort.

954 2415 38 38 .3
