1900 2800
189 292 41 31 22

684 281 196 36 WOMAN
902 279 55 38 IN
977 272 258 45 MEDICINE

190 407 73 37 the
278 410 162 41 twenty
463 416 119 35 army
604 412 124 39 corps
750 399 45 52 of
830 393 178 58 France,
1033 394 103 57 thus
1179 389 202 62 insuring
1419 381 281 70 harmonious

191 471 141 38 action
353 471 192 38 between
568 468 75 41 the
662 465 192 45 military
870 462 84 48 and
967 459 101 51 civil
1080 455 273 55 authorities.
1418 450 96 60 The
1535 449 164 61 society

191 538 76 36 has
284 549 23 25 a
320 533 285 44 membership
628 531 44 46 of
693 542 100 35 over
818 529 189 48 110,000,
1026 525 81 52 and
1133 525 81 52 400
1231 519 284 58 committees,
1544 515 83 62 and
1647 513 55 64 its

192 600 321 39 humanitarian
537 598 119 41 work
674 607 101 35 goes
798 607 54 35 on
871 594 44 48 in
939 592 125 50 times
1087 590 44 52 of
1154 599 129 43 peace
1306 598 46 44 as
1374 583 95 59 well
1495 594 45 48 as
1554 580 140 62 war."

274 666 193 37 Another
489 661 294 48 organization
806 657 299 52 contributing
1126 660 43 49 to
1187 654 72 55 the
1282 651 119 58 work
1424 649 44 60 of
1510 648 74 61 the
1606 646 92 63 Red

194 733 125 37 Cross
336 731 33 39 is
393 731 72 39 the
487 729 166 41 Societe
666 725 229 47 Franfaise
916 724 52 48 de
990 722 184 50 Secours
1190 730 87 42 aux
1292 717 166 55 Blesses
1474 712 221 60 Militaire,

193 796 140 39 which
357 796 33 39 is
414 794 211 46 equipped
648 790 208 50 similarly
878 796 43 44 to
954 789 73 51 the
1068 787 121 53 three
1231 783 174 57 already
1447 777 252 63 mentioned

196 862 82 36 and
301 861 35 37 is
358 859 198 45 working
577 871 52 33 on
656 856 173 48 parallel
853 855 123 49 lines.

277 924 92 39 The
410 924 172 46 general
617 923 162 47 bureau
816 920 45 50 of
902 916 281 54 distribution
1227 915 65 55 for
1314 914 73 56 the
1411 910 226 60 hospitals,
1664 909 36 61 is

196 991 196 46 presided
415 1002 99 35 over
537 989 55 48 by
617 988 197 49 Madame
832 985 162 52 L,ejars.
1055 984 39 53 It
1117 982 35 55 is
1171 979 195 58 liberally
1391 976 177 61 stocked
1594 975 104 62 with

196 1055 178 38 medical
399 1056 81 37 and
504 1053 185 44 surgical
707 1050 205 47 supplies,
933 1062 43 35 as
1002 1047 92 50 well
1138 1059 44 38 as
1224 1044 188 53 hospital
1449 1041 252 56 equipment

195 1121 116 44 beds,
349 1120 198 45 blankets
584 1118 81 47 and
709 1116 299 49 clothing—so
1031 1113 93 52 that
1168 1123 53 42 an
1268 1103 325 62 "ambulance"
1620 1118 79 47 can

197 1186 50 37 be
260 1184 198 46 supplied
473 1184 65 46 for
550 1181 266 49 installation
833 1185 42 45 at
890 1180 74 50 the
978 1179 118 51 front
1109 1189 49 41 or
1173 1175 234 55 elsewhere
1420 1185 55 45 on
1493 1172 204 58 demand.

198 1250 118 37 Paris
338 1250 34 37 is
394 1247 281 40 enthusiastic
698 1258 100 29 over
815 1246 73 41 the
910 1244 133 43 work.

278 1313 242 44 Following
557 1325 55 32 on
630 1317 44 40 to
715 1311 86 46 this
841 1321 143 36 comes
1025 1308 74 49 the
1139 1309 352 48 announcement
1532 1303 46 54 of
1627 1303 75 54 the

198 1379 299 46 appointment
519 1377 44 48 of
586 1379 72 46 Dr.
679 1378 122 47 Mary
826 1373 222 52 Crawford
1073 1372 45 53 of
1135 1370 234 55 Brooklyn,
1388 1370 108 55 New
1514 1368 121 57 York
1657 1372 45 53 to

199 1446 74 35 the
313 1443 188 45 position
544 1442 46 46 of
628 1441 190 47 resident
840 1438 228 50 physician
1090 1437 46 51 of
1155 1437 74 51 the
1251 1435 231 53 American
1507 1433 197 55 Military

200 1508 199 45 Hospital
421 1507 43 46 in
489 1507 131 46 Paris.

282 1574 155 35 Doctor
459 1571 219 39 Crawford
702 1570 35 40 is
759 1582 23 28 a
813 1568 188 42 member
1021 1568 45 42 of
1087 1568 74 42 the
1203 1566 196 44 Duchess
1439 1565 44 45 of
1533 1562 170 48 Talley¬

198 1638 148 36 rand's
377 1637 91 37 Red
490 1636 127 38 Cross
653 1635 177 39 section.
916 1635 50 39 In
990 1633 87 41 this
1111 1631 196 45 Military
1349 1630 203 46 hospital,
1579 1641 58 35 up
1659 1633 45 43 to

202 1703 74 36 the
296 1702 98 37 date
415 1701 44 38 of
480 1702 73 37 the
570 1703 347 36 announcement
938 1698 45 41 of
1005 1698 73 41 the
1105 1696 321 47 appointment,
1467 1695 113 48 Nov.
1607 1694 92 49 3rd,

204 1769 76 36 500
323 1767 168 38 French
535 1766 82 39 and
661 1764 161 41 British
857 1762 214 43 wounded
1094 1762 181 43 soldiers
1293 1761 84 44 had
1401 1761 175 44 already
1596 1760 107 45 been

201 1831 163 38 treated
392 1831 82 38 and
497 1830 270 45 discharged.

286 1898 156 34 Doctor
460 1895 218 37 Crawford
693 1893 92 39 first
799 1893 156 46 gained
972 1893 76 46 her
1070 1892 113 47 fame
1197 1904 45 35 as
1256 1892 73 47 the
1345 1890 93 49 first
1452 1890 254 49 ambulance

204 1972 184 34 surgeon
412 1960 42 46 in
473 1959 233 47 Brooklyn.
770 1958 86 48 She
878 1970 98 36 now
998 1970 180 36 appears
1199 1962 45 44 to
1267 1958 109 48 have
1399 1956 237 50 succeeded
1661 1955 43 51 in

205 2026 74 36 her
302 2024 205 38 ambition
524 2029 44 33 to
589 2024 51 38 be
661 2024 73 38 the
755 2023 93 39 first
869 2022 190 46 military
1081 2033 202 35 surgeon.
1368 2021 86 47 She
1468 2021 239 47 graduated

207 2090 106 37 from
336 2089 172 38 Cornell
531 2089 43 38 in
597 2091 117 42 1904,
741 2088 83 45 and
862 2087 132 46 sailed
1017 2088 66 45 for
1123 2087 180 46 France,
1340 2087 97 46 Oct.
1475 2087 64 46 17,
1584 2088 120 45 1914.

285 2152 94 39 The
400 2154 125 37 latest
547 2155 83 36 and
670 2158 112 33 most
804 2152 209 39 scientific
1049 2152 298 39 achievement
1369 2151 45 40 in
1438 2163 182 34 surgery
1652 2151 58 46 by

206 2231 181 33 women,
433 2218 35 46 is
495 2219 196 45 reported
709 2219 45 45 of
777 2218 198 46 Madame
998 2217 143 47 Curie,
1187 2217 133 47 Paris,
1348 2219 114 45 Nov.
1491 2220 65 44 19,
1586 2219 120 45 1914.

210 2284 196 38 Madame
420 2284 129 38 Curie
560 2283 76 39 has
664 2283 202 45 sugested
882 2284 74 44 the
969 2295 75 33 use
1055 2283 46 45 of
1133 2282 286 46 automobiles
1454 2282 259 46 containing

208 2349 298 46 radiographic
542 2355 229 40 apparatus
806 2360 55 35 on
897 2348 74 47 the
1009 2348 136 47 battle
1185 2347 116 48 field,
1347 2348 84 47 and
1454 2347 160 48 herself
1636 2348 78 47 has

208 2414 229 46 organized
459 2414 74 46 the
547 2413 242 47 beginning
808 2413 46 47 of
870 2414 74 46 the
964 2413 178 47 service.
1211 2414 65 46 By
1308 2413 75 47 the
1423 2424 78 36 use
1539 2414 47 46 of
1625 2412 90 48 this

210 2479 98 39 field
350 2484 245 41 apparatus,
640 2479 158 46 bullets
829 2479 109 46 have
958 2478 107 47 been
1088 2478 135 47 found
1249 2479 84 46 and
1356 2479 224 46 extracted
1603 2478 111 47 from
