1900 2800
191 189 53 34 '•20

697 181 200 37 WOMAN
922 181 56 37 IN
1002 177 259 41 MEDICINE

197 316 54 38 be
285 321 44 33 to
370 316 74 38 her
485 326 45 28 as
547 326 24 28 a
591 312 240 42 mill-stone
871 308 172 47 hanged
1077 307 133 48 about
1232 306 76 49 her
1342 303 126 52 neck.
1534 303 86 52 But
1641 301 75 54 the

195 379 232 48 'medically
448 378 207 49 educated
678 389 169 38 women
880 388 70 39 are
990 372 224 55 generally
1235 369 114 58 good
1370 367 345 60 diagnosticians

197 447 45 37 in
264 447 86 37 this
371 444 211 40 direction
605 440 103 44 also.
767 440 126 48 They
914 453 70 35 are
997 438 170 50 trained
1190 437 44 51 in
1257 437 74 51 the
1353 440 65 48 art
1432 434 45 54 of
1511 433 202 55 differen¬

196 512 169 42 tiation,
392 511 83 43 and
497 511 150 43 hence,
672 508 46 46 in
738 509 70 45 the
827 506 183 48 delicate
1030 509 181 45 matters
1224 502 47 52 of
1290 502 75 52 the
1385 503 139 51 heart,
1550 512 72 42 are
1639 499 74 55 the

199 577 136 38 better
377 576 92 39 able
509 580 44 35 to
594 574 126 41 make
741 572 102 43 wise
864 571 254 45 selections;
1146 582 46 34 so
1214 570 95 46 that
1331 568 75 48 the
1433 565 183 51 medical
1639 566 71 50 ed¬

199 642 172 38 ucation
393 641 46 39 of
460 652 165 28 women
646 639 85 41 and
752 637 213 47 marriage
1003 636 110 48 need
1150 639 77 45 not
1258 633 176 51 become
1455 645 25 39 a
1510 630 201 54 question

199 708 44 37 of
263 706 241 39 discussion
527 706 105 39 with
654 705 73 40 the
742 716 168 29 women
934 703 98 42 who
1054 702 110 43 have
1185 700 160 45 chosen
1367 699 75 46 the
1467 696 242 49 profession

200 778 41 32 oi
264 771 210 39 medicine
497 784 44 26 as
563 770 112 40 their
697 769 232 41 life-work.
974 765 125 48 They
1120 767 109 46 have
1251 765 104 48 only
1376 769 45 44 to
1434 763 160 50 rejoice
1609 774 101 39 over

201 839 71 36 the
286 836 266 40 world-wide
565 834 317 48 opportunities
905 833 166 49 opened
1094 844 59 38 up
1174 836 44 46 to
1258 831 134 51 them,
1419 829 84 53 and
1527 829 73 53 the
1623 827 87 55 fact

200 903 93 37 that
310 914 46 26 so
377 914 130 34 many
529 909 166 39 women
719 912 69 36 are
829 912 98 36 now
976 897 184 51 availing
1201 895 261 53 themselves
1503 895 45 53 of
1588 894 121 54 these

202 968 275 45 advantages.

199 1043 123 47 July,
346 1045 104 45 1914
793 1041 154 49 Susan
963 1041 62 49 M.
1046 1038 142 52 Smith
1205 1037 253 53 McKinney
1479 1035 234 55 Steward
