1900 2800
668 264 203 35 WOMAN
890 265 55 34 IN
966 265 258 36 MEDICINE

1687 267 22 33 9

264 380 83 38 We
369 393 100 26 now
511 393 122 26 come
673 386 45 33 to
759 382 75 37 the
876 382 167 48 history
1085 383 45 47 of
1170 384 74 46 the
1285 383 235 47 medieval-
1538 395 168 35 women

177 445 268 48 physicians,
469 447 85 46 and
579 447 113 46 their
709 459 104 35 very
834 448 197 46 superior
1048 449 408 47 oppo"tunities:for
1477 450 74 46 the
1572 449 146 47 study,

179 511 46 38 of
248 512 216 38 medicine
487 512 43 38 in
555 513 75 38 the
672 519 121 41 great
834 513 184 47 medical
1059 515 148 45 school
1247 520 45 40 at
1331 515 194 45 Salerno,
1572 515 129 46 Italy;

183 578 145 38 where
351 591 168 26 women
544 592 112 25 were
679 579 210 39 admitted
912 590 55 28 oft
990 581 75 38 the
1104 593 116 26 same
1262 587 132 32 terms
1415 593 46 26 as
1482 593 114 33 men,
1623 580 86 46 and

182 643 132 47 given
338 644 75 46 the
435 656 118 34 same
574 645 225 47 thorough
822 646 265 47 advantages
1111 659 46 34 as
1191 647 215 46 students.
1468 648 40 45 It
1530 646 37 47 is
1585 646 93 47 said
1697 660 7 33 :

221 708 98 40 The
357 709 96 39 best
477 712 129 45 proof
643 711 46 46 of
711 712 98 45 how
831 712 219 47 thorough
1073 725 88 34 was
1182 713 74 46 the
1277 712 180 47 medical
1480 711 233 48 education

184 781 44 33 at
250 775 197 47 Salerno,
475 777 85 45 and
603 778 101 44 how
744 777 133 45 much
918 777 218 45 influence
1176 778 33 44 it
1244 778 176 44 exerted
1461 790 106 32 even
1609 789 102 33 over

185 842 149 47 public
358 842 198 47 opinion,
584 842 35 47 is
642 848 44 41 to
709 842 52 47 be
784 843 137 46 found
937 843 43 46 in
1003 844 74 45 the
1098 843 243 46 regulation
1365 843 44 46 of
1429 843 74 46 the
1525 842 186 47 practice

187 908 46 39 of
254 908 231 45 medicine,
508 908 145 45 which
677 921 105 32 soon
806 909 157 46 began,
991 909 82 46 and
1099 909 73 46 the
1195 908 232 47 insistence
1468 921 56 34 on
1548 920 157 35 proper

186 974 197 47 training
403 974 150 47 before
595 974 258 47 permission
895 981 45 40 to
982 974 187 47 practice
1185 986 87 35 was
1312 974 197 47 granted.
1571 971 140 50 Three

188 1052 125 36 years
336 1040 47 48 of
404 1040 285 48 preliminary
713 1039 244 49 university
979 1039 248 49 education,
1252 1039 146 49 before
1420 1040 73 48 the
1515 1039 130 49 study
1667 1038 46 50 of

188 1106 217 38 medicine
429 1106 142 47 might
593 1106 52 47 be
668 1106 130 47 taken
824 1117 58 36 up
901 1120 7 33 ;
936 1105 98 48 four
1076 1117 124 36 years
1239 1105 45 48 of
1323 1104 182 49 medical
1546 1103 165 50 studies

189 1185 172 34 proper,
388 1172 148 47 before
560 1185 23 34 a
605 1172 157 47 degree
790 1184 88 35 was
901 1171 145 48 given,
1074 1170 229 49 including
1324 1183 24 36 a
1369 1169 157 50 special
1560 1179 151 40 course

189 1239 44 38 in
257 1244 224 41 anatomy,
509 1237 33 48 if
564 1249 183 36 surgery
758 1249 114 36 were
884 1242 44 43 to
944 1236 51 49 be
1015 1235 214 50 practiced
1252 1249 8 36 ;
1286 1248 23 37 a
1331 1247 101 38 year
1458 1235 44 50 of
1524 1234 188 51 practice

188 1305 107 39 with
319 1317 24 27 a
378 1304 220 46 regularly
632 1303 189 47 licensed
846 1301 242 49 physician,
1115 1301 146 49 before
1298 1313 24 37 a
1342 1300 159 50 license
1523 1305 45 45 to
1590 1312 119 38 prac¬

187 1371 84 38 tice
293 1370 129 39 could
444 1369 53 40 be
518 1368 260 41 obtained."

240 1430 108 44 "All
372 1436 88 38 this
482 1438 245 43 represents
744 1446 55 35 an
821 1433 111 48 ideal
955 1445 62 36 we
1040 1444 70 37 are
1132 1444 96 37 now
1249 1430 186 51 striving
1455 1430 124 51 after.
1611 1429 101 52 And

185 1503 58 38 all
267 1502 88 39 this
379 1502 34 39 is
435 1513 48 28 so
507 1501 132 40 much
662 1512 119 29 more
804 1498 221 43 advanced
1043 1498 104 43 than
1171 1509 64 32 we
1246 1496 129 45 could
1390 1494 191 48 possibly
1603 1495 110 47 have

190 1567 238 48 imagined,
456 1566 105 49 only
584 1566 94 49 that
700 1565 74 50 the
797 1563 140 52 actual
980 1563 257 52 documents
1278 1573 70 42 are
1390 1560 43 55 in
1475 1560 232 55 existence,

192 1635 96 38 that
310 1639 115 34 most
450 1632 153 46 people
626 1630 145 48 refuse
795 1635 42 43 to
879 1629 64 49 let
974 1627 259 51 themselves
1273 1626 52 52 be
1366 1625 255 53 persuaded,
1668 1625 44 53 in

189 1700 114 47 spite
325 1700 46 47 of
393 1699 74 48 the
489 1697 96 50 law,
614 1698 94 49 that
732 1695 32 52 it
785 1694 128 53 could
936 1695 111 52 have
1068 1698 145 49 meant
1234 1704 102 43 very
1372 1691 146 56 much.
1581 1690 130 57 Espe¬

190 1765 130 46 cially
344 1777 45 34 as
412 1763 179 48 regards
613 1760 184 51 medical
838 1759 225 52 education
1118 1770 71 41 are
1229 1758 102 53 they
1373 1755 197 56 dubious-
1600 1767 45 44 as
1668 1761 45 50 to

191 1830 250 40 conditions
465 1835 43 35 at
530 1829 96 41 that
647 1827 121 43 time.
793 1823 65 47 To
879 1825 134 45 them,
1041 1823 33 47 it
1096 1834 138 36 seems
1256 1822 93 48 that
1373 1821 32 49 it
1428 1821 127 49 could
1586 1820 128 50 make

190 1909 107 35 very
320 1896 115 48 little
457 1893 235 51 difference
715 1893 101 51 how
837 1890 130 54 much
990 1889 104 55 time
1116 1900 86 44 was
1228 1886 196 58 required
1448 1886 65 58 for
1530 1885 183 59 medical

187 1963 136 47 study
344 1974 49 36 or
415 1961 68 49 for
503 1959 167 51 studies
692 1956 283 54 preliminary
995 1959 44 51 to
1061 1952 229 58 medicine,
1315 1951 117 59 since
1467 1952 121 58 there
1627 1962 88 48 was

191 2042 47 26 so
258 2028 114 40 little
395 2032 45 36 to
461 2026 54 42 be
534 2023 194 45 learned.
790 2020 96 48 The
908 2033 79 35 age
1009 2031 87 37 was
1119 2018 218 50 ignorant,
1364 2028 98 40 men
1486 2016 128 52 knew-
1635 2015 79 53 but

190 2095 129 44 little,
347 2093 86 46 and
456 2102 48 37 so
525 2101 106 38 very
654 2088 112 51 little
787 2087 130 52 could
952 2085 52 54 be
1045 2082 228 57 imparted,
1318 2094 56 45 no
1414 2087 156 52 matter
1614 2081 100 58 how

192 2161 133 38 much
347 2157 107 42 time
475 2169 89 30 was
586 2156 148 43 taken,
796 2151 110 48 This
926 2152 36 47 is
985 2163 23 36 a
1029 2160 198 39 common
1250 2147 272 52 impression,
1547 2146 78 53 but
1662 2158 53 41 an

192 2226 166 47 utterly
380 2224 109 49 false
511 2222 135 51 one".

280 2285 7 15 '
301 2285 110 45 'The
442 2287 298 50 preliminary
753 2282 213 55 training*
1011 2282 100 55 that
1155 2279 50 58 is,
1248 2279 78 58 the
1368 2277 349 60 undergraduate

191 2358 125 40 Work
340 2363 42 35 at
400 2357 80 41 the
503 2351 278 47 universities
803 2351 122 47 then,
952 2345 218 53 consisted
1203 2344 44 54 of
1288 2345 74 53 the
1402 2355 129 43 seven
1566 2342 153 56 liberal

192 2430 104 40 arts,
342 2423 75 47 the
466 2420 181 50 trivium
698 2417 85 53 and
826 2416 73 54 the
940 2410 294 60 quadrivium,
1279 2409 145 61 which
1491 2407 225 63 embraced

190 2493 236 46 grammar,
450 2485 205 54 rhetoric*
677 2482 131 57 logic,
834 2478 247 61 arithmetic
1089 2485 45 54 ,•••:
1149 2475 154 64 music,
1350 2479 223 60 geometry
1575 2490 21 49 9
1634 2473 84 66 and
