1915 2810
691 270 200 37 WOMAN
911 274 55 34 IN
987 275 255 38 MEDICINE

1682 285 42 32 17

199 377 76 39 the
298 390 152 30 names
472 383 46 37 of
540 385 125 40 those
690 389 18 36 I
732 388 111 39 have
865 391 175 47 already
1062 394 267 44 mentioned.
1391 394 141 44 These
1554 411 70 27 are
1644 399 79 39 fol¬

199 443 141 40 lowed
363 446 58 47 by
443 449 76 44 the
541 462 151 31 names
714 453 46 40 of
782 456 125 37 those
923 457 98 38 who
1044 457 109 40 have
1182 460 158 46 gained
1381 461 254 45 distinction
1677 464 46 42 in

199 510 76 39 the
296 511 207 45 different
516 515 301 47 departments
834 520 45 42 of
895 522 214 40 medicine
1130 538 7 24 :
1168 518 161 55 "Mary
1350 528 187 45 Putnam
1558 530 162 46 Jacobi,

197 576 143 40 Grace
371 580 221 41 Peckham
637 584 197 47 Murray,
882 586 227 45 Elizabeth
1153 592 204 45 Mosher,.
1389 592 44 45 in
1476 594 213 43 medicine
1709 609 8 32 ;

192 644 136 46 .Mary
352 645 53 45 D.
441 646 250 44 Rushmore
730 652 87 38 and
861 653 161 38 Bertha
1063 655 97 38 Van
1204 657 182 47 Holsen,
1425 657 44 47 in
1510 671 208 36 surgery;

199 708 126 40 Alice
349 711 126 38 Weld
498 710 193 48 Tallant,
718 715 45 43 in
797 716 228 42 obstetrics
1047 732 7 26 :
1099 720 132 38 Anna
1271 723 70 37 W.
1386 723 215 39 Williams
1637 726 84 38 and

202 776 175 38 Martha
400 778 248 48 Wallstein,
675 780 45 46 in
743 782 239 48 pathology
1005 798 6 32 ;
1037 784 124 46 Alice
1195 776 227 54 Hamilton
1465 790 84 40 and
1592 790 128 40 Caro¬

197 840 90 41 line
311 843 195 47 Hedger,
533 844 46 46 in
612 845 233 45 industrial
887 850 85 40 and
1015 851 131 39 social
1188 852 217 48 diseases;
1451 854 270 48 Evangeline

197 908 179 47 Young,
404 909 44 46 in
473 911 208 46 eugenics
702 926 8 32 ;
736 913 85 45 and
845 912 44 46 S.
915 916 236 46 Josephine
1192 918 154 46 Baker,
1392 919 44 45 in
1478 921 239 43 child-wel¬

197 972 145 41 fare."
406 975 71 39 He
498 976 232 40 continues
752 972 252 46 :—"These
1025 987 221 41 represent
1268 983 78 45 but
1376 997 23 31 a
1440 985 82 43 few
1562 986 45 42 of
1647 987 74 42 the

199 1051 167 27 women
390 1041 100 38 who
514 1041 111 40 have
645 1042 193 48 brought
860 1045 151 47 things
1033 1051 44 41 to
1100 1059 114 35 pass,
1240 1048 44 46 in
1302 1049 112 45 their
1436 1051 283 45 professional

196 1117 161 32 career,
383 1118 48 31 so
454 1119 46 30 as
522 1113 45 36 to
591 1108 177 41 achieve
789 1109 257 43 distinction
1070 1112 66 40 for
1158 1113 260 40 themselves
1448 1128 46 25 as
1534 1116 96 40 well
1671 1129 46 27 as

198 1171 75 38 the
297 1171 141 47 praise
460 1172 45 46 of
527 1173 113 45 their
684 1174 291 46 professional
1015 1176 205 44 brethern
1254 1180 84 40 and
1379 1181 75 39 the
1475 1182 241 38 communi¬

197 1236 82 39 ties
301 1236 44 39 in
367 1237 147 40 which
536 1239 106 46 they
665 1240 111 45 have
798 1239 231 46 worked."

279 1299 111 42 This
412 1303 73 39 list
508 1304 46 38 of
574 1310 172 33 earnest
768 1306 183 39 medical
993 1319 168 27 women
1184 1307 141 48 might
1347 1309 135 48 easily
1520 1311 53 46 be
1613 1323 103 36 aug¬

198 1369 192 46 mented,
417 1370 204 45 matched
644 1382 74 35 up,
745 1372 84 45 and
862 1371 129 47 given
1014 1374 106 44 color
1141 1377 101 42 tone,
1295 1374 57 47 by
1374 1376 74 45 the
1488 1386 148 35 names
1677 1378 44 43 of

195 1434 114 39 their
330 1434 151 40 sisters
502 1435 46 39 of
570 1448 24 26 a
614 1436 159 39 darker
795 1448 98 27 race
916 1437 43 38 in
982 1438 75 39 the
1078 1438 261 47 profession,
1366 1441 98 44 who
1493 1447 73 38 too
1608 1442 109 43 have

195 1500 131 39 taken
351 1501 247 47 advantage
619 1501 46 47 of
686 1502 207 46 stepping
914 1502 93 46 into
1028 1504 74 44 the
1124 1504 128 44 doors
1274 1505 45 43 of
1340 1505 181 43 medical
1562 1516 153 38 oppor¬

194 1564 164 49 tunity.
421 1564 144 49 These
587 1579 71 34 are
682 1568 183 45 Doctors
888 1568 196 45 Rebecca
1104 1570 36 45 J.
1168 1569 117 46 Gole,
1313 1570 139 45 Susan
1478 1572 60 43 M.
1573 1572 140 43 Smith

197 1627 306 53 (McKinney)
528 1631 212 49 Steward,
767 1633 166 48 Sophia
953 1635 145 46 Jones,
1126 1634 201 47 Caroline
1340 1635 99 46 Still
1460 1635 248 48 Anderson,

194 1697 123 47 Lucy
340 1696 52 48 K.
421 1699 168 45 Moten,
618 1700 127 45 Mary
768 1700 50 45 L-
853 1700 172 45 Brown,
1044 1699 162 46 Verina
1229 1700 173 45 Morton
1424 1701 143 46 Jones,
1594 1702 122 45 Alice

193 1762 201 48 Woodby
428 1764 219 46 McKane,
691 1764 147 46 Hallie
867 1762 176 48 Tanner
1085 1765 211 45 Johnson,
1342 1765 123 45 Alice
1506 1767 202 46 Bennett,

190 1827 220 41 Consuela
432 1828 135 40 Clark
587 1828 201 47 Stewart,
816 1829 190 46 Georgia
1028 1830 172 45 Patton,
1225 1828 248 48 Georgiana
1504 1832 202 47 Rumley^

193 1893 202 43 Lucinda
413 1895 126 46 Key,;
556 1895 135 47 Mary;
710 1894 197 48 Waring,
935 1896 126 47 Mary
1092 1893 251 50 Fitsbutler,
1372 1897 118 46 Lucv
1522 1897 189 47 Hughes

192 1960 172 46 Brown,
392 1960 79 46 Ida
493 1960 134 47 Gray,
648 1960 144 47 Laura
812 1959 160 48 Joiner,
1000 1960 134 47 Sarah
1152 1960 154 47 Grant,
1327 1960 148 47 Hulda
1497 1962 211 45 Proileau,

184 2024 121 47 Julia
336 2025 119 46 Hall,
503 2025 188 46 Mildred
725 2024 154 47 Gibbs,
922 2026 108 45 Jane
1047 2024 224 47 Whipper,
1318 2025 146 46 Carrie
1502 2024 204 49 Thomas,

190 2092 127 47 Mary
338 2092 160 47 Lucas,
535 2091 142 48 Grace
700 2092 69 47 Du
794 2090 130 49 Quid,
970 2091 188 48 Josepha
1189 2091 155 48 Jarrat,
1371 2090 149 49 Agnes
1555 2092 150 47 Berry,

184 2157 134 48 sMary
342 2156 198 49 iBritton,
589 2158 64 47 Mi;
694 2155 197 50 Evelyne
914 2154 252 51 Thompson
1210 2155 183 50 Coppin,
1441 2156 195 49 Matilda.
1642 2157 60 48 Ai

187 2220 165 49 Buans,
372 2221 171 48 Lucilla
574 2220 53 49 E.
667 2221 158 48 Miller,
867 2219 246 50 Theodosia
1148 2220 193 49 Shoults,
1383 2221 61 48 M.
1490 2220 52 49 E.
1581 2221 127 48 Grito

184 2289 156 44 hotter
359 2289 86 44 and
462 2289 164 44 others,
648 2288 151 45 whose;
806 2298 158 35 ^names
986 2288 20 45 I
1030 2287 110 46 have
1161 2292 76 41 not
1272 2285 108 48 been
1421 2285 94 48 able
1555 2292 43 41 to
1638 2287 72 46 ob¬

185 2354 115 41 tain:*
356 2353 145 42 These
524 2355 113 40 have
648 2353 141 45 made,
811 2352 85 46 and
920 2364 71 34 are
1019 2351 194 47 making,
1253 2351 174 47 records
1468 2351 66 47 lor
1573 2352 136 51 thenar

187 2420 256 41 s'ehresfrthat
465 2419 89 42 will
576 2419 53 42 be
651 2418 173 43 handed
846 2417 130 44 down
999 2417 45 44 in
1065 2416 169 48 history
1255 2422 55 42 tol
1321 2417 75 47 the
1417 2416 292 48 .distinguishr

180 2486 221 41 jedicisediit
420 2486 269 47 QfctourLown
711 2496 112 37 race.
884 2481 142 52 These
1047 2494 168 39 women
1238 2482 126 51 havei
1383 2482 224 51 measured
1649 2495 59 38 up
