1900 2799
534 328 304 48 WOMAN
874 328 79 48 IN
978 325 372 51 MEDICINE

564 424 70 34 BY
661 421 38 38 S.
729 422 172 37 MARIA
928 420 263 42 STEWARD,
1221 420 51 42 M.
1296 419 45 43 D.

264 520 180 39 Instead
465 519 48 40 of
532 518 185 47 reading
736 523 46 42 to
801 529 91 36 you
913 530 25 35 a
958 529 131 36 paper
1131 528 58 37 on
1233 508 343 57 "Tuberculosis
1618 510 87 55 and

185 586 203 39 Kindred
411 584 255 47 Diseases",
694 597 46 34 as
762 584 161 47 alloted
944 589 44 42 to
1010 595 69 36 me
1100 595 55 36 on
1179 582 74 49 the
1274 591 201 40 program
1517 578 66 53 for
1623 575 89 56 this

183 653 116 45 date,
327 654 20 44 I
370 652 113 46 have
502 651 133 47 taken
658 650 75 48 the
754 649 159 49 liberty
935 649 45 49 of
1001 648 223 50 changing
1245 659 73 39 my
1359 644 168 54 subject
1547 648 43 50 to
1612 642 95 56 that

180 719 48 39 of
253 712 224 46 "Woman
501 717 46 41 in
571 715 274 46 Medicine",
872 715 85 46 and
981 716 21 45 I
1019 713 112 48 shall
1152 712 100 49 give
1272 717 45 44 to
1340 722 101 39 you,
1468 722 45 39 as
1553 705 154 56 briefly

183 798 47 25 as
252 786 22 37 I
296 797 99 34 can,
421 785 77 46 the
518 783 172 48 history
709 781 48 50 of
776 793 171 38 woman
970 780 43 51 in
1048 781 75 50 the
1156 779 134 52 study
1323 776 82 55 and
1444 773 187 58 practice
1664 762 48 69 of

184 850 232 46 medicine,
444 849 111 47 from
578 849 75 47 the
669 847 126 49 .early
816 845 218 51 centuries
1056 844 112 52 until
1190 844 74 52 the
1284 846 173 50 present
1477 839 119 57 time.

270 915 117 43 That
400 927 169 31 women
585 915 111 43 have
712 913 126 45 made
852 925 24 33 a
887 911 150 47 record
1052 910 64 48 for
1135 907 259 51 themselves
1430 906 45 52 in
1498 903 213 55 medicine

186 982 38 39 is
246 996 25 25 a
286 982 117 46 fact;
424 982 85 46 and
531 979 97 49 that
648 977 334 51 broad-minded
998 988 115 40 men,
1135 986 45 42 as
1190 973 250 55 historians,
1457 972 110 56 have
1583 969 128 59 given

186 1049 124 38 them
332 1061 26 26 a
378 1047 125 47 place
525 1045 46 49 in
594 1046 74 48 the
689 1044 172 50 history
879 1042 47 52 of
944 1040 232 54 medicine,
1202 1039 133 55 along
1354 1036 107 58 with
1482 1034 114 60 their
1615 1034 97 60 bro¬

189 1115 123 39 thers
332 1113 46 41 in
400 1113 76 44 the
497 1110 272 49 profession,,
785 1108 37 51 is
843 1108 182 51 another
1048 1106 103 53 fact;
1176 1102 230 57 otherwise
1420 1103 27 56 .I
1468 1099 146 60 would
1636 1102 78 57 not

190 1180 55 39 be
267 1179 96 40 able
384 1184 46 35 to
453 1190 134 35 prove
607 1189 74 36 my
715 1174 95 51 first
832 1177 246 48 statement,
1106 1171 93 54 that
1238 1170 104 55 they
1381 1168 110 57 have
1531 1164 124 61 made
1691 1175 24 50 a

191 1245 169 44 record,
387 1243 100 46 well
511 1242 173 47 worthy
706 1241 46 48 of
772 1239 132 50 being
925 1237 173 52 handed
1120 1236 128 53 down
1270 1234 45 55 in
1337 1232 182 57 history.

273 1309 98 40 The
392 1308 174 41 earliest
586 1306 151 43 record
759 1304 47 45 of
826 1316 167 33 women
1015 1302 47 47 in
1084 1302 75 47 the
1176 1298 186 51 practice
1382 1298 47 51 of
1448 1295 215 54 medicine
1678 1293 38 56 is

192 1377 141 39 found
354 1376 47 40 in
421 1373 152 43 sacred
594 1372 186 46 history.
843 1371 21 47 I
886 1368 113 50 refer
1020 1373 46 45 to
1086 1365 114 53 their
1220 1364 121 54 work
1363 1375 47 43 as
1429 1361 131 57 given
1579 1361 47 57 in
1641 1359 77 59 the

196 1442 140 47 Bible,
362 1440 185 49 Exodus
569 1442 68 47 1st
658 1437 194 52 chapter.
907 1435 117 54 Here
1044 1444 65 45 we
1130 1430 91 59 find
1243 1430 96 59 that
1357 1433 45 56 to
1422 1437 184 52 women,
1633 1424 84 65 and

194 1514 46 34 to
262 1519 172 29 women
471 1505 141 45 alone,
635 1501 216 49 belonged
891 1499 97 51 that
1027 1496 179 54 branch,
1253 1506 48 44 or
1340 1493 287 57 department,
1672 1488 46 62 of

195 1572 220 41 medicine
434 1567 318 46 denominated.
783 1559 329 54 "Obstetrics",
1137 1560 145 53 which
1302 1558 119 55 deals
1442 1556 107 57 with
1570 1559 147 54 partu¬

194 1638 154 46 rition,
372 1638 76 46 the
468 1639 233 45 treatment
714 1632 48 52 of
776 1641 169 43 women
967 1628 86 56 and
1068 1626 195 58 children
1277 1629 44 55 at
1334 1624 75 60 the
1427 1626 113 58 most
1551 1619 163 65 sacred,

197 1705 88 39 and
305 1704 77 40 the
403 1706 115 38 most
539 1700 238 47 important
790 1728 9 19 ,
822 1699 196 48 moment
1038 1692 47 55 of
1105 1691 113 56 their
1239 1689 122 58 lives.

283 1771 42 40 It
347 1769 37 42 is
403 1766 209 45 recorded
634 1764 46 47 of
701 1764 123 47 these
837 1771 185 40 women,
1039 1758 96 53 that
1150 1757 105 54 they
1270 1753 145 58 feared
1431 1752 114 59 God.
1578 1748 143 63 There

199 1848 128 34 were,
355 1832 236 50 according
612 1835 46 47 to
682 1830 76 52 Dr.
784 1826 146 56 Clark,
956 1825 75 57 the
1063 1824 327 58 commentator,
1416 1818 83 64 five
1519 1813 201 69 hundred

202 1915 49 27 or
282 1913 120 29 more
437 1898 191 44 Hebrew
662 1905 172 37 women
855 1888 304 54 obstetricians
1180 1886 45 56 in
1246 1885 150 57 Egypt
1417 1887 44 55 at
1481 1883 96 59 that
1597 1879 119 63 time,

200 1966 219 47 although
439 1964 77 49 the
529 1972 150 41 names
699 1959 58 54 of.
766 1959 107 54 only
892 1962 87 51 two
999 1955 112 58 have
1122 1952 108 61 been
1252 1948 172 65 handed
1440 1948 129 65 down
1588 1951 47 62 to
1652 1955 67 58 us,

199 2032 241 49 Shiphrah,
468 2028 85 53 and
577 2027 141 54 Puah.
741 2062 5 19 .
779 2021 143 60 These
935 2031 169 50 women
1125 2017 58 64 all
1205 2016 144 65 feared
1366 2013 126 68 Godv
1507 2011 85 70 and
1614 2009 103 72 held

202 2097 264 42 themselves
488 2091 270 50 responsible
779 2095 45 46 to
847 2087 106 54 Him
990 2085 45 56 in
1076 2084 75 57 the
1191 2079 179 62 faithful
1410 2078 228 63 discharge
1678 2073 46 68 of

203 2164 115 41 their
339 2164 113 45 duty
468 2166 46 43 to
535 2158 115 51 their
674 2155 205 54 patients.
938 2149 145 60 These
1099 2159 170 50 women
1291 2145 144 64 feared
1456 2141 102 68 God
1565 2140 162 69 /rather

201 2231 109 39 than
332 2240 118 33 man,
476 2223 217 50 although
715 2221 96 52 that
846 2230 100 43 man
969 2227 89 46 was
1077 2228 25 45 a
1122 2212 125 61 king.
1308 2209 74 64 All
1392 2209 125 64 those
1536 2206 100 67 who
1651 2217 77 56 are

200 2294 191 42 familiar
413 2292 109 44 with
543 2289 90 47 this
654 2285 174 51 portion
850 2283 47 53 of
930 2283 75 53 the
1019 2278 265 58 Scriptures,
1309 2276 132 60 know
1462 2274 75 62 the
1566 2271 160 65 results

202 2362 48 40 of
270 2362 76 40 the
366 2358 124 44 work
511 2355 47 47 of
577 2356 124 46 these
730 2347 293 55 God-fearing
1043 2356 186 46 women.

963 2436 22 40 7
