1900 2800
716 269 202 37 WOMAN
942 271 57 35 IN
1019 272 257 39 MEDICINE

1684 274 42 34 15

199 386 48 34 to
268 381 54 40 be
344 382 140 40 found
507 384 47 38 in
575 385 76 39 the
671 385 107 48 city.
841 385 85 48 For
946 387 174 46 clinical
1143 390 279 49 advantages,
1447 391 84 48 and
1567 390 160 49 special

200 447 191 40 lectures
413 449 46 39 in
481 450 77 39 the
579 451 194 48 subjects
795 453 45 46 of
870 464 199 37 surgery,
1114 455 190 46 diseases
1345 456 46 45 of
1429 468 169 33 women
1640 456 84 45 and

202 514 217 44 children,
446 516 87 42 and
564 517 76 41 the
680 517 226 48 diagnosis
942 519 124 47 class,
1113 521 139 45 under
1292 522 74 44 the
1405 521 323 47 distinguished

204 579 340 49 diagnostician,
586 584 77 44 Dr.
687 581 208 50 Thomas,
933 586 75 45 the
1029 586 128 45 doors
1192 587 46 44 of
1258 587 74 44 the
1367 593 121 41 great
1526 587 205 47 Bellevue

205 646 180 48 College
406 648 86 46 and
537 648 207 48 Hospital
766 662 113 34 were
899 663 113 35 open
1053 657 45 41 to
1119 652 135 46 them,
1300 653 85 45 and
1418 665 56 33 on
1514 666 55 32 an
1602 653 125 47 equal

201 712 179 52 footing
401 713 109 51 with
546 726 100 38 men
669 715 75 49 the
786 716 201 48 students
1009 717 46 47 of
1069 717 89 47 this
1198 717 164 48 college
1384 718 183 47 enjoyed
1603 719 121 46 these

208 778 286 48 advantages.
558 778 97 48 The
676 781 239 47 opthalmic
937 782 85 46 and
1045 783 119 45 aural
1181 783 189 47 hospital
1391 783 166 47 clinics,
1584 784 143 46 where

206 844 108 48 they
336 857 89 35 saw
447 846 85 46 and
556 846 173 46 studied
754 847 73 45 the
850 847 159 47 special
1031 848 188 46 diseases
1241 849 46 45 of
1315 849 74 45 the
1419 861 76 35 eye
1531 850 84 46 and
1637 861 86 35 ear,

205 922 113 29 were
342 911 91 40 also
456 912 209 40 attended
687 912 59 47 by
768 912 122 47 these
912 913 159 46 classes
1093 913 45 46 of
1159 926 167 33 women
1349 928 7 32 ;
1383 914 83 46 and
1489 914 104 47 they
1616 927 112 34 were

205 976 235 48 permitted
463 983 45 41 to
531 978 151 46 attend
705 978 155 46 clinics
882 984 43 40 at
947 990 132 36 many
1100 979 45 47 of
1176 980 74 46 the
1284 979 90 47 city
1415 979 307 47 dispensaries.

206 1040 98 42 The
346 1043 270 46 advantages
660 1042 193 47 afforded
876 1049 44 40 to
937 1044 74 45 the
1047 1045 201 44 students
1269 1057 111 32 were
1421 1045 74 44 the
1515 1045 93 44 best
1631 1045 96 44 that

204 1109 106 38 then
332 1109 131 38 could
485 1108 54 39 be
574 1108 221 47 obtained,
821 1109 84 46 and
939 1109 220 46 fortunate
1187 1122 112 33 were
1340 1110 74 45 the
1435 1122 166 33 women
1625 1110 99 45 who

207 1173 159 48 gained
390 1174 240 47 admission
652 1179 45 42 to
720 1174 89 47 this
849 1174 179 47 college.

253 1275 3 5 ,
291 1237 97 43 The
408 1241 99 39 love
529 1240 85 40 and
638 1240 261 43 admiration
922 1252 56 31 on
1001 1240 74 43 the
1097 1245 95 42 part
1228 1240 45 47 of
1308 1240 72 47 the
1421 1240 198 47 students
1661 1239 67 48 for

208 1305 90 40 this
318 1306 115 39 their
457 1306 129 39 noble
609 1306 85 39 and
735 1305 221 47 energetic
997 1305 126 47 dean,
1171 1307 74 45 Dr.
1290 1305 228 47 Clemence
1557 1305 166 47 L,ozier,

208 1384 113 28 were
342 1377 115 35 most
478 1370 289 42 remarkable.
830 1371 87 41 She
938 1383 89 29 was
1048 1376 44 36 to
1114 1371 118 41 them
1255 1370 74 42 the
1345 1369 175 47 highest
1559 1375 103 41 type
1682 1369 46 47 of

210 1437 291 41 womanhood
523 1451 7 27 :
557 1443 155 40 strong
734 1436 44 47 in
801 1436 219 47 intellect;
1061 1435 111 48 firm,
1217 1435 79 48 but
1333 1434 118 49 just;
1496 1446 227 37 generous,

208 1502 81 40 but
306 1503 250 48 judicious;
583 1501 308 50 kind-hearted
934 1501 85 50 and
1060 1505 110 46 true.
1231 1498 95 53 The
1361 1499 168 52 closing
1567 1499 46 52 of
1652 1500 76 51 her

208 1568 77 40 life
308 1581 86 27 was
416 1569 46 39 in
484 1567 193 48 keeping
697 1566 108 49 with
827 1567 76 48 her
944 1570 169 45 nature.
1174 1565 86 50 She
1301 1564 84 51 had
1426 1564 176 51 organic
1642 1564 85 51 dis¬

211 1646 97 28 ease
329 1634 46 40 of
391 1635 76 39 the
488 1635 138 45 heart,
653 1633 47 47 of
722 1631 144 49 which
887 1632 78 48 she
995 1643 86 37 was
1123 1643 152 37 aware.
1337 1630 86 50 She
1463 1641 87 39 was
1590 1629 134 51 found

210 1712 84 27 one
315 1699 209 47 morning
538 1699 110 47 dead
673 1698 46 48 in
740 1699 77 47 her
839 1709 135 37 room,
1001 1695 208 51 kneeling
1228 1694 146 52 beside
1396 1695 76 51 her
1493 1694 96 52 bed,
1622 1694 107 52 with

213 1766 141 40 hands
376 1764 176 48 clasped
577 1777 45 35 as
644 1763 173 49 though
839 1762 45 50 in
907 1774 153 38 prayer
1080 1761 126 51 when
1246 1760 78 52 her
1364 1759 125 53 spirit
1528 1759 104 53 took
1674 1758 55 54 its

209 1830 131 49 flight
361 1837 45 42 to
428 1831 76 48 the
525 1835 123 44 great
669 1828 190 51 beyond.

294 1899 41 39 It
352 1908 88 30 was
463 1908 73 35 my
558 1894 213 49 privilege
786 1904 45 39 to
853 1892 149 51 attend
1043 1892 74 51 the
1138 1890 169 53 funeral
1339 1889 46 54 of
1404 1889 88 54 this
1511 1894 113 49 most
1644 1889 85 54 dis¬

209 1962 258 48 tinguished
484 1973 189 37 woman.
695 1960 88 50 She
797 1959 84 51 had
898 1958 108 52 been
1021 1969 74 41 my
1109 1961 224 49 preceptor
1355 1955 83 55 and
1461 1967 73 43 my
1556 1953 139 57 friend
1718 1968 8 42 ;

211 2028 138 40 hence
367 2029 21 39 I
410 2027 127 41 loved
560 2026 93 42 her.
689 2027 20 41 I
731 2023 239 45 remember
992 2034 82 34 one
1095 2020 212 48 beautiful
1329 2024 202 44 sentence
1562 2019 164 49 spoken

211 2106 57 27 on
286 2094 97 39 that
405 2091 201 42 occasion
628 2090 59 48 by
705 2092 75 46 Dr.
801 2091 38 47 J.
866 2090 47 48 P.
940 2089 211 49 Newman
1173 2086 77 52 her
1261 2090 147 48 pastor
1430 2085 85 53 and
1531 2083 203 55 life-long

208 2159 160 46 friend,
396 2158 99 47 who
516 2156 221 49 delivered
759 2156 74 49 the
860 2153 175 52 eulogy.
1097 2152 63 53 As
1181 2151 76 54 she
1278 2151 71 54 lay
1379 2150 44 55 in
1465 2150 76 55 her
1582 2149 149 56 casket

211 2225 47 40 in
299 2225 120 40 front
458 2223 46 42 of
544 2224 76 41 the
672 2220 168 49 pulpit:
903 2231 44 38 as
1006 2217 170 52 though
1234 2216 46 53 in
1342 2214 194 55 peaceful
1596 2214 130 55 sleep,

210 2290 185 48 looking
414 2290 131 48 down
567 2300 57 38 on
647 2288 78 50 her
746 2284 189 54 remains
956 2283 130 55 while
1107 2281 213 57 speaking
1340 2280 45 58 of
1419 2280 75 58 her
1536 2279 115 59 force
1685 2279 47 59 of

209 2357 225 39 character
450 2354 87 42 and
559 2354 78 42 her
658 2352 335 44 achievements,
1020 2349 55 47 he
1095 2339 327 57 said,—"Here
1470 2344 77 52 lies
1586 2344 147 52 before

210 2435 70 27 me
320 2421 181 48 Energy
522 2419 47 50 in
590 2417 205 52 repose."
857 2413 66 56 To
966 2414 112 55 fully
1118 2411 267 58 understand
1422 2410 85 59 and
1543 2409 189 60 appreci¬

211 2494 70 35 ate
310 2488 90 41 this
421 2491 221 40 sentence,
681 2495 89 36 was
791 2488 45 43 to
857 2481 54 50 be
933 2493 23 38 a
976 2480 179 51 listener
1176 2483 45 48 to
1242 2478 75 53 the
1340 2476 139 55 whole
1500 2476 174 55 eulogy.
