1917 2811
202 271 43 34 14

705 272 202 37 WOMAN
926 272 56 37 IN
1001 271 259 38 MEDICINE

262 378 334 57 "immediately
617 388 110 47 after
744 390 75 45 Dr.
839 389 275 46 Blackwell's
1128 387 262 49 graduation
1406 400 24 36 a
1447 385 83 51 few
1550 398 169 38 women

201 464 111 28 were
346 453 209 39 admitted
577 453 93 40 into
710 454 123 39 other
872 454 182 40 medical
1093 454 205 47 colleges.
1360 455 101 46 But,
1502 466 48 35 so
1586 453 133 48 much

200 518 247 47 opposition
487 531 87 34 was
614 519 190 47 brought
839 526 43 40 to
924 520 99 46 bear
1055 520 58 47 by
1154 521 74 46 the
1272 519 185 48 medical
1517 518 200 49 societies

200 583 170 46 against
389 585 75 44 the
484 584 187 48 colleges
692 585 234 47 admitting
945 598 186 34 woman,
1157 585 96 47 that
1272 586 78 46 the
1369 585 129 47 doors
1520 584 47 48 of
1595 585 123 47 these

199 648 232 46 particular
453 650 185 45 colleges
658 663 112 32 were
790 662 106 33 soon
917 651 145 44 closed
1104 651 85 44 and
1230 651 123 44 these
1393 650 324 48 opportunities

198 725 112 27 were
329 720 74 33 cut
432 714 74 39 off.
568 713 94 40 The
683 716 227 38 exclusion
932 716 46 39 of
999 728 169 27 women
1193 716 111 39 from
1327 716 57 39 all
1419 716 185 39 medical
1650 716 63 39 in¬

196 779 226 39 stitutions
443 779 44 39 in
518 781 74 38 the
620 787 187 42 country
847 794 99 35 now
993 782 174 47 became
1217 782 75 47 the
1332 782 155 47 settled
1537 782 172 48 policy;

196 844 137 38 hence
353 845 74 38 the
448 845 216 47 necessity
677 846 45 46 of
743 846 192 48 opening
957 859 57 35 up
1032 847 184 47 medical
1237 847 176 47 schools
1434 848 68 46 for
1523 860 186 34 women.

196 908 51 39 In
268 910 88 39 this
376 912 161 37 Boston
578 911 104 38 took
723 912 74 38 the
837 913 95 37 lead
977 913 45 37 in
1067 915 119 37 1850.
1250 914 52 38 In
1339 914 77 38 the
1449 924 119 29 same
1611 927 101 36 year

196 975 304 47 Philadelphia
521 976 215 46 followed.
799 978 52 44 In
870 980 104 42 1854
991 979 75 43 the
1083 978 233 44 Blackwell
1337 978 150 44 sisters
1508 979 203 43 obtained

195 1052 25 25 a
242 1040 231 40 certificate
494 1041 44 39 of
561 1041 321 47 incorporation
905 1043 66 45 for
988 1045 74 43 the
1085 1044 108 44 New
1214 1044 124 44 York
1369 1044 233 48 Infirmary
1644 1045 66 47 for

194 1106 184 38 Women
401 1106 84 38 and
517 1107 222 46 Children,
794 1109 83 44 and
915 1108 44 45 in
1004 1112 103 41 1868
1148 1109 74 44 the
1252 1110 230 43 Woman's
1522 1111 187 42 Medical

193 1170 178 47 College
392 1171 45 46 of
458 1171 74 46 the
562 1173 108 44 New
690 1174 123 43 York
843 1173 233 48 Infirmary
1093 1187 93 34 was
1207 1176 320 45 established."

278 1237 52 36 In
354 1238 118 44 1863,
500 1238 74 44 Dr.
596 1236 228 46 Clemence
840 1238 43 44 S.
925 1240 165 45 Lozier,
1132 1240 97 45 who
1265 1241 86 44 had
1392 1242 197 43 received
1632 1243 77 42 her

191 1300 184 39 medical
391 1302 229 39 education
635 1302 45 39 in
702 1303 225 47 Syracuse,
956 1306 108 44 New
1085 1306 137 46 York,
1247 1306 134 47 being
1409 1308 74 45 the
1498 1307 95 46 first
1623 1309 84 44 and

191 1366 104 48 only
316 1379 169 35 woman
506 1373 44 41 to
581 1369 209 45 graduate
825 1369 111 45 from
976 1370 96 44 that
1111 1371 178 48 college,
1327 1372 83 47 and
1444 1373 265 48 graduating

190 1431 108 39 with
318 1432 74 38 the
413 1432 175 46 highest
609 1433 140 45 honor
769 1434 46 44 of
843 1435 75 43 the
933 1436 126 45 class,
1086 1436 194 45 founded
1302 1438 85 43 and
1402 1439 210 42 endowed
1633 1440 75 41 the

193 1497 109 38 New
341 1497 122 38 York
514 1498 185 38 Medical
736 1499 176 47 College
955 1501 85 45 and
1077 1501 204 47 Hospital
1303 1502 66 46 for
1400 1504 184 44 Women
1620 1505 85 43 and

191 1561 221 39 Children.
476 1564 74 37 Dr.
577 1563 151 44 I,ozier
748 1576 89 31 was
853 1578 24 29 a
897 1565 324 48 distinguished
1243 1568 243 47 physician,
1514 1570 84 45 and
1631 1572 74 43 the

189 1625 94 39 first
306 1639 165 26 woman
495 1633 44 33 to
561 1628 188 46 perform
772 1641 23 33 a
810 1630 188 47 surgical
1015 1632 224 46 operation
1261 1632 44 46 in
1329 1633 75 45 the
1419 1634 89 48 city
1529 1635 47 47 of
1597 1636 108 46 New

189 1691 138 38 York.
387 1692 87 39 She
495 1705 86 26 was
604 1705 23 27 a
647 1705 189 36 surgeon
859 1695 56 47 by
937 1696 259 48 knowledge
1218 1698 87 46 and
1316 1698 59 48 by
1409 1706 168 40 nature.
1639 1699 65 47 To

181 1755 134 41 know
330 1757 87 39 this
438 1758 200 39 cultured
660 1759 222 39 Christian
908 1761 116 47 lady,
1051 1775 87 33 was
1176 1768 45 40 to
1237 1763 99 45 love
1356 1764 93 44 her.
1496 1764 66 44 To
1582 1766 54 42 be
1657 1780 46 28 as

186 1821 191 38 sociated
393 1821 120 48 with,
541 1823 85 46 and
649 1825 137 44 under
808 1826 76 43 her
924 1825 231 49 influence,
1202 1840 87 34 was
1330 1841 55 33 an
1425 1830 277 48 inspiration.

190 1886 138 46 Being
350 1900 23 32 a
393 1899 168 33 woman
593 1888 44 44 of
666 1890 157 42 wealth
865 1891 85 41 and
985 1898 120 40 great
1137 1893 230 49 influence,
1408 1897 78 45 she
1527 1897 77 45 left
1645 1910 57 32 no

185 1956 126 33 stone
329 1953 217 38 unturned
568 1959 45 33 to
636 1954 125 39 make
801 1955 87 39 this
921 1955 328 49 college—(her
1280 1959 164 45 heart's
1485 1959 212 53 delight),

185 2016 58 38 all
266 2016 95 39 that
382 2017 34 38 it
437 2018 156 38 should
616 2018 53 39 be
691 2019 43 38 in
758 2020 75 39 the
861 2034 98 35 way
999 2022 46 47 of
1085 2024 268 48 equipment,
1398 2039 51 33 so
1492 2029 96 43 that
1628 2030 76 42 the

184 2080 202 40 students
409 2082 184 47 enjoyed
612 2085 75 44 the
707 2084 94 45 best
823 2085 187 47 possible
1031 2090 336 48 opportunities,
1393 2091 107 47 both
1514 2094 188 44 theoret¬

184 2146 86 39 ical
311 2147 84 38 and
437 2148 186 39 clinical.
685 2148 95 41 The
819 2152 207 39 lecturers
1068 2153 44 39 in
1154 2155 115 39 their
1309 2158 162 46 special
1511 2159 193 49 subjects

182 2223 116 28 were
320 2212 53 39 all
399 2212 93 39 able
514 2226 115 27 men.
693 2217 51 36 In
767 2216 75 39 the
863 2216 191 49 subjects
1074 2218 45 47 of
1160 2221 287 50 mineralogy,
1495 2226 202 48 geology,

183 2277 89 38 and
293 2277 249 48 chemistry,
564 2279 227 48 inorganic
813 2282 85 45 and
919 2284 193 46 organic,
1152 2285 77 45 she
1271 2286 206 44 obtained
1520 2291 68 39 for
1628 2293 74 38 the

184 2341 201 39 students
407 2344 255 45 permission
684 2350 45 39 to
751 2347 150 42 attend
917 2347 186 42 lectures
1119 2351 140 40 under
1275 2353 225 40 Professor
1523 2356 181 41 Charles

184 2407 148 44 Stone,
358 2420 83 31 one
462 2408 45 43 of
527 2409 75 42 the
622 2409 94 42 best
737 2411 212 41 scientific
972 2413 207 41 lecturers
1202 2415 44 39 in
1269 2417 171 49 Cooper
1471 2422 227 50 Institute,

184 2472 225 48 presiding
428 2484 102 36 over
550 2486 83 34 one
654 2475 46 45 of
719 2476 75 44 the
822 2476 333 51 best-equipped
1176 2482 212 45 chemical
1418 2485 285 44 laboratories
