1900 2800
193 190 22 34 6

672 188 202 36 WOMAN
891 188 58 36 IN
968 186 257 38 MEDICINE

193 306 91 39 also
306 320 24 25 a
345 307 229 45 musician,
595 306 166 47 having
780 305 174 48 studied
976 305 74 48 the
1063 315 136 38 organ
1212 301 216 52 carefully
1448 299 143 54 under
1600 299 116 54 John

189 373 168 38 Zundel
390 372 45 39 of
470 372 236 48 Plymouth
722 371 177 49 Church
949 370 84 50 and
1075 369 108 51 later
1225 365 140 55 under
1399 368 156 52 Henry
1597 364 116 56 Eyre

197 439 183 39 Browne
421 438 46 40 of
487 439 75 39 the
583 437 223 48 Brooklyn
847 434 281 51 Tabernacle,
1155 436 85 49 and
1278 434 152 51 served
1453 446 45 39 as
1541 431 177 54 Church

192 503 212 48 organist,
420 504 159 47 Bridge
591 503 65 48 St.
679 503 57 48 A.
763 504 63 47 M.
845 501 53 50 E.
919 501 178 50 Church
1119 504 50 47 23
1186 512 141 39 years,
1347 499 202 52 Bethany
1585 499 130 52 Bapt¬

194 569 57 39 ist
272 570 193 46 Church,
490 579 86 37 two
592 581 140 36 years.

280 637 159 37 Doctor
460 636 195 39 Steward
679 635 35 40 is
737 640 43 35 at
801 639 176 42 present
998 632 193 49 resident
1208 631 230 50 physician
1462 636 43 45 at
1527 629 185 52 Wilber-

197 700 117 40 force
354 700 256 48 University
644 701 107 47 with
792 700 162 48 which,
973 700 77 48 her
1091 698 202 50 husband
1336 697 215 51 Chaplain
1573 694 53 54 T.
1652 695 58 53 G.

196 766 210 46 Steward,
434 779 54 33 an
512 766 157 46 author
691 766 45 46 of
758 764 345 48 reputation—is
1123 764 258 48 connected.
1434 761 97 51 The
1552 764 161 48 Doctor

195 831 76 38 has
312 832 210 38 travelled
572 831 276 47 extensively
894 843 103 35 over
1030 831 77 47 her
1145 842 99 36 own
1280 834 189 44 country
1512 828 85 50 and
1632 828 81 50 has

193 897 186 47 enjoyed
400 896 231 48 European
653 903 122 41 tours
795 897 45 47 in
862 908 216 36 company
1098 896 107 48 with
1227 897 77 47 her
1324 894 217 50 husband.

276 965 126 44 Now,
420 963 285 47 delightfully
739 963 168 47 located
930 962 44 48 in
998 975 23 35 a
1037 961 88 49 fine
1140 961 235 49 luxurious
1408 962 142 48 home,
1577 960 77 50 she
1675 959 37 51 is

197 1028 169 47 resting
386 1029 79 46 but
486 1034 78 41 not
599 1029 234 47 apathetic.
895 1028 87 48 She
1018 1027 36 49 is
1076 1027 161 49 always
1269 1027 127 49 busy,
1424 1027 84 49 and
1532 1038 46 38 as
1599 1024 114 52 alive

198 1105 46 27 as
265 1106 99 27 ever
383 1099 45 34 to
450 1096 73 37 the
544 1094 105 39 vital
672 1094 138 39 issues
832 1093 46 40 of
897 1094 147 47 today.

279 1157 96 41 The
394 1165 120 42 story
548 1159 46 48 of
615 1160 77 47 her
711 1159 76 48 life
821 1159 85 48 and
929 1159 46 48 of
1009 1159 77 48 her
1106 1158 122 49 work
1250 1158 36 49 is
1320 1158 202 49 valuable
1557 1157 67 50 for
1646 1156 65 51 in¬

196 1225 225 47 spiration,
443 1226 67 46 for
531 1225 252 47 emulation,
805 1225 67 47 for
892 1225 234 47 imitation.
1187 1224 119 48 Such
1326 1224 108 48 lives
1456 1236 72 36 are
1548 1223 163 49 beacon

198 1290 135 47 lights
383 1290 302 47 illuminating
718 1292 74 45 the
823 1296 154 41 wastes
1013 1290 45 47 of
1091 1289 260 48 indecision.
1431 1287 127 50 They
1592 1299 119 38 warn

198 1355 171 47 against
384 1357 75 45 the
481 1356 104 46 fatal
607 1356 222 47 frittering
856 1369 122 34 away
999 1368 48 35 or
1081 1355 163 48 misuse
1257 1355 46 48 of
1315 1367 159 36 power,
1495 1353 215 50 faculties,

200 1421 279 47 advantages,
497 1421 233 48 privileges
748 1435 8 34 ;
773 1422 104 47 they
898 1421 137 48 direct
1050 1422 76 47 the
1141 1433 154 36 course
1310 1421 46 48 of
1368 1421 76 48 the
1460 1419 250 50 ambitious,

199 1487 169 47 though
391 1486 175 48 untried
599 1487 188 47 towards
809 1488 74 46 the
905 1486 158 48 harbor
1085 1486 46 48 of
1164 1485 267 49 systematic,
1467 1485 241 49 sustained,

196 1553 306 38 concentrated
536 1553 229 38 endeavor.
829 1554 51 37 In
902 1553 122 38 these
1056 1553 165 38 havens
1242 1564 73 27 are
1333 1557 46 34 to
1398 1551 53 40 be
1488 1551 137 40 found
1647 1563 65 28 re¬

198 1618 141 39 wards
360 1630 47 27 so
444 1618 155 48 ample,
626 1630 48 36 so
695 1618 108 48 rich,
821 1630 47 36 so
901 1617 221 49 enduring
1138 1629 46 37 as
1205 1623 45 43 to
1283 1617 114 49 fully
1431 1621 282 45 compensate

199 1683 66 38 for
287 1683 57 38 all
360 1684 96 38 that
485 1688 118 34 must
631 1683 54 39 be
705 1683 128 47 done,
853 1688 118 42 must
985 1683 54 47 be
1070 1683 212 47 endured,
1313 1682 45 48 in
1381 1682 205 48 securing
1600 1681 115 49 their

199 1748 270 39 attainment.

1040 1841 265 34 MARITCHA
1336 1841 53 34 R.
1423 1841 173 41 l,YONS,

1143 1902 275 46 Brooklyn,
1449 1902 58 46 N.
1540 1902 59 46 Y.
