2600 3800
409 154 82 49 viii

999 156 142 49 THE
1188 157 300 51 LONDON
1536 160 342 49 MERCURY

409 255 248 41 REVIEWS
688 256 158 52 (contd.)
867 271 8 37 :

410 310 347 50 Nationalisation,
810 312 90 48 The
953 312 203 52 Triumph
1209 313 54 51 of,

460 366 147 51 Money
725 398 529 19 .....
1318 380 74 39 570

409 419 245 40 Naturalism
678 422 40 37 in
742 421 164 52 English
929 422 155 51 Poetry,
1113 421 150 52 Brooke
1321 434 70 39 117

409 474 219 39 Naturalist
654 488 52 25 on
735 475 106 38 Lake
867 476 188 39 Victoria.
1083 476 48 47 A,
1161 477 98 46 Car-

454 529 151 49 pentier
725 561 7 17 .
855 561 7 17 .
984 561 8 17 .
1114 561 7 17 .
1244 531 145 50 .456

408 582 171 39 Newton
618 592 40 29 to
696 583 194 49 Einstein,
932 584 135 48 From,
1093 583 167 49 Harrow
1319 585 70 47 126

408 637 301 51 Nomography,
730 637 102 51 First
852 637 152 51 Course
1022 638 55 50 in,
1096 637 161 51 Brodet-

455 690 69 51 sky
595 722 655 19 ......
1312 693 75 49 460

405 744 240 52 Norwegian
673 745 88 51 Life
788 745 76 51 and
893 745 235 51 Literature,
1156 745 100 51 Bur-

456 798 92 38 char
549 799 42 38 dt
722 830 7 7 .
851 830 8 7 .
981 830 7 7 .
1111 829 8 8 .
1241 799 145 38 .118

405 852 195 38 Nouveau
632 852 116 47 Poor,
779 852 105 47 The,
917 852 104 47 Coke
1048 853 79 46 and
1145 852 111 47 Nash
1312 852 74 51 560

410 936 408 61 OCCULTISTS
842 938 76 59 and
943 938 169 59 Mystics
1129 937 44 60 of
1193 937 62 60 All

500 991 118 52 Ages,
650 991 153 52 Shirley
853 1023 7 20 .
982 1022 7 21 .
1112 1021 7 22 .
1241 1002 144 41 -352

405 1043 89 40 Ode
523 1053 40 30 to
596 1045 111 47 1660,
736 1045 90 47 The
855 1044 178 52 English,
1063 1043 141 53 Shafer
1240 1075 7 21 .
1310 1056 70 40 341

403 1097 80 40 Old
511 1098 78 39 and
618 1098 113 46 New,
761 1098 221 50 Grandgent
1109 1128 7 20 .
1238 1127 8 21 .
1309 1097 72 51 565

403 1150 87 39 Our
522 1152 151 50 Family
704 1151 159 51 Affairs,
893 1151 149 51 Benson
1108 1181 7 21 .
1237 1162 145 40 .120

403 1204 164 39 Outline
590 1205 46 38 of
656 1205 177 50 History,
858 1205 77 50 An,
965 1204 112 51 Wells
1107 1234 8 21 .
1236 1233 9 22 .
1332 1215 48 40 43

409 1288 154 83 PAN,
598 1290 174 81 Hamsun
849 1320 8 51 .
978 1319 8 52 .
1160 1317 8 54 .
1238 1318 7 53 .
1308 1299 75 72 224

471 1344 251 45 Parliament,
778 1342 89 47 The
929 1341 212 48 Evolution
1197 1340 55 49 of,

453 1397 160 38 Pollard
720 1426 8 9 .
849 1426 8 9 .
978 1424 9 11 .
1108 1424 9 11 .
1237 1393 141 42 .681

401 1451 162 37 Passion
583 1450 45 38 of
645 1449 174 46 Labour,
839 1447 103 48 The,
962 1447 113 50 Lynd
1108 1477 8 20 .
1237 1477 8 20 .
1308 1447 74 50 226

404 1503 103 46 Peel,
534 1503 153 46 Private
715 1502 154 47 Letters
895 1501 44 48 of
964 1500 62 49 Sir
1053 1500 149 49 Robert
1237 1531 7 18 .
1308 1512 72 38 342

404 1555 290 50 Philosophical
739 1554 111 51 View
894 1553 45 52 of
981 1552 177 53 Reform,
1203 1553 48 52 A,

455 1608 152 50 Shelley
1312 1605 71 53 116

404 1662 174 51 Physics,
601 1660 198 53 Campbell
848 1689 395 24 ....
1307 1658 72 55 685

402 1714 280 50 Piano-Player
727 1712 77 52 and
852 1713 55 51 Its
953 1712 148 52 Music,
1148 1711 103 53 The,

454 1769 184 37 Newman
717 1794 525 12 .....
1305 1764 74 50 670

401 1820 211 51 Piccadilly
636 1820 39 51 in
700 1819 132 52 Three
857 1818 224 53 Centuries,
1106 1818 144 53 Dasent
1305 1829 74 42 232

401 1873 241 46 Pier-Glass,
667 1871 103 48 The,
797 1872 145 47 Graves
974 1901 9 18 .
1103 1899 9 20 .
1232 1870 141 50 .671

401 1927 161 51 Pilgrim
582 1926 44 52 of
643 1939 20 39 a
685 1924 135 54 Smile,
841 1924 103 54 The,
966 1924 136 54 Davey
1234 1953 7 25 .
1303 1935 76 43 442

401 1980 160 51 Pilgrim
582 1979 157 52 Papers,
761 1977 144 54 Keable
975 2006 7 25 .
1104 2006 8 25 .
1234 2006 7 25 .
1305 1987 74 44 574

399 2032 221 52 Playgoer's
642 2030 231 54 Memories,
893 2029 48 55 A,
962 2029 159 55 Hibbert
1234 2059 8 25 .
1304 2041 71 43 451

398 2087 154 45 Poems,
578 2096 234 39 1914-1919,
832 2083 146 52 Baring
1105 2112 8 23 .
1235 2082 140 53 .671

397 2141 155 44 Poems,
572 2138 171 47 Davison
846 2164 396 21 ....
1305 2146 74 39 222

396 2194 155 44 Poems,
577 2188 233 52 1901-1918,
831 2189 59 51 De
910 2188 37 52 la
967 2188 115 52 Mare
1234 2217 8 23 .
1305 2199 69 41 521

397 2246 155 45 Poems,
574 2243 117 48 Owen
715 2270 526 21 .....
1303 2252 74 39 334

398 2295 371 53 Psycho-Analysis,
794 2295 140 53 Tridon
973 2324 7 24 .
1102 2324 8 24 .
1232 2323 8 25 .
1301 2293 75 55 460

397 2348 371 53 Psycho-Analysis,
799 2346 200 55 Elements
1029 2345 44 56 of
1099 2346 146 55 Practi

448 2403 71 46 cal,
538 2401 195 50 Bousfield
844 2429 395 22 ....
1301 2398 75 53 460

396 2455 245 52 Psychology
669 2454 77 53 and
775 2452 187 55 Mystical
990 2452 254 55 Experience,

447 2508 161 49 Howley
711 2534 525 23 .....
1300 2515 74 42 574

394 2562 139 39 Public
566 2560 145 41 School
742 2560 135 45 Verse,
915 2570 220 38 1919-1920
1227 2587 7 21 .
1302 2569 68 39 113

400 2636 393 86 RABBINICAL
868 2634 76 88 and
1030 2632 212 90 Mediaeval

487 2690 193 49 Judaism,
745 2687 90 52 The
900 2687 221 52 Literature
1186 2686 54 53 of,

448 2743 193 49 Oesterley
661 2742 80 50 and
761 2741 86 51 Box
968 2769 8 23 .
1098 2769 7 23 .
1227 2750 145 42 -574

395 2797 223 50 Relativity,
649 2795 90 52 The
785 2793 161 54 Theory
986 2792 55 55 of,
1073 2792 168 55 Einstein
1300 2803 68 44 125

394 2849 318 41 Reminiscences
733 2846 78 44 and
831 2845 304 51 Anticipations,
1149 2844 94 52 Joly
1296 2844 75 52 460

394 2903 319 39 Reminiscences
730 2900 44 42 of
788 2913 22 29 a
828 2899 231 49 Stowaway,
1077 2897 162 51 Goulds-

442 2957 93 48 bury
1295 2950 76 55 456

392 3008 252 46 Revolution,
675 3005 203 50 Beresford
966 3035 8 20 .
1096 3034 8 21 .
1225 3034 8 21 .
1294 3016 75 39 442

391 3060 238 41 Revolution
659 3059 104 42 from
797 3057 234 51 1789-1906,
1060 3057 178 51 Postgate
1294 3057 71 51 683

391 3114 252 46 Revolution,
672 3112 90 48 The
792 3111 185 50 Coming,
1008 3110 129 51 Gould
1223 3141 8 20 .
1294 3122 74 39 570

389 3169 121 51 Right
535 3166 137 54 Royal,
699 3164 205 56 Masefield
963 3195 7 25 .
1093 3194 7 26 .
1222 3194 7 26 .
1293 3175 74 45 220

389 3221 315 46 Rochechouart,
729 3218 195 49 Memoirs
948 3217 43 50 of
1011 3217 66 50 the
1103 3216 133 51 Count

440 3276 62 47 de,
525 3274 168 52 Jackson
832 3303 9 23 .
962 3302 8 24 .
1091 3301 9 25 .
1221 3282 145 44 .232

388 3330 140 40 Russia
553 3329 40 41 in
618 3327 67 43 the
711 3325 205 48 Shadows,
948 3324 110 49 Wells
1090 3354 9 19 .
1220 3354 10 19 .
1292 3335 74 40 570

1466 260 248 40 REVIEWS
1742 259 159 53 {contd.)
1923 272 9 40 :

1468 315 244 83 SACRED
1740 314 143 84 Wood,
1911 312 104 86 The,
2045 310 103 88 Eliot
2174 341 7 57 .
2306 317 148 81 .447

1526 370 132 39 Saints
1684 369 77 40 and
1790 369 127 46 Seers,
1945 366 192 49 Modern,
2164 363 116 52 Finot
2305 393 7 22 .
2377 372 76 43 352

1462 423 200 53 Sangreal,
1691 424 90 52 The
1811 422 132 54 Noble
1972 420 100 56 Tale
2101 418 45 58 of
2172 417 67 59 the
2303 447 8 29 .
2376 416 73 60 675

1461 477 202 40 Scientific
1692 478 158 50 Papers,
1881 476 227 52 Hopkinson
2171 504 7 24 .
2305 502 6 26 .
2376 469 74 59 685

1460 531 201 40 Scientific
1694 532 158 50 Papers,
1885 528 190 54 Rayleigh
2169 558 7 24 .
2374 523 72 59 685

1460 585 203 49 Scotland,
1693 587 34 47 A
1757 586 163 49 History
1948 583 55 52 of,
2038 582 120 53 Terry
2300 611 6 24 .
2373 577 69 58 681

1458 639 201 39 Seaborne
1692 640 146 46 Trade,
1871 637 121 51 Fayle
2034 668 7 20 .
2165 666 7 22 .
2298 631 140 57 .681

1457 692 148 49 Secret,
1634 693 104 48 The,
1766 693 151 50 Binyon
2034 722 6 21 .
2165 720 7 23 .
2368 698 76 45 44

1457 746 204 40 Secretum
1687 747 251 39 Secretorum
1970 744 149 42 Fratris
2149 742 159 51 Rogeri,

1505 801 125 39 Steele
1772 826 531 14 .....
2367 794 77 50 460

1455 854 122 39 Seeds
1600 855 44 38 of
1664 854 306 46 Enchantment,
1995 852 105 48 The,
2124 849 184 51 Frankau
2363 860 76 40 442

1455 908 172 51 Seventy
1656 908 122 51 Years
1821 920 143 39 among
2000 905 185 54 Savages,
2218 902 91 57 Salt
2365 901 75 58 567

1454 962 317 50 Shakespearean
1799 960 255 52 Playhouses,
2082 958 148 54 Adams
2293 987 7 25 .
2370 967 70 45 104

1451 1015 320 46 Shaw-Stewart,
1803 1013 166 48 Patrick,
2000 1013 119 48 Knox
2156 1042 8 19 .
2288 1040 7 21 .
2360 1021 75 40 344

1452 1068 258 38 Shibboleths
1759 1067 44 39 of
1849 1065 301 46 Tuberculosis,
2202 1063 103 48 The,

1501 1122 184 38 Paterson
1766 1147 530 13 .....
2360 1116 77 50 460

1452 1174 111 50 Sixty
1587 1173 210 51 Squadron
1823 1173 163 51 R.A.F.,
2011 1172 109 52 Scott
2151 1202 7 22 .
2238 1182 92 42 451,
2360 1169 76 55 567

1450 1227 129 38 Social
1605 1227 307 50 Development,
1938 1225 90 52 The
2056 1225 165 52 History
2248 1223 54 54 of,

1500 1280 266 50 Miiller-Lyer
1897 1310 7 20 .
2026 1309 8 21 .
2157 1309 7 21 .
2289 1288 144 42 .123

1451 1334 109 50 Song
1581 1334 109 50 Book
1707 1333 44 51 of
1771 1333 147 51 Quong
1936 1332 94 52 Lee,
2048 1331 105 53 The,
2173 1330 131 54 Burke
2360 1341 76 43 222

1450 1387 109 50 Song
1582 1386 45 51 of
1648 1386 102 51 Life,
1775 1386 49 51 A,
1849 1386 144 51 Davies
2024 1416 7 21 .
2156 1415 7 22 .
2287 1395 142 42 .111

1448 1440 222 50 Spurgeon,
1692 1439 46 51 C.
1761 1439 67 51 H.,
1848 1438 195 52 Fullerton
2152 1468 7 22 .
2283 1467 7 23 .
2355 1447 71 43 351

1450 1493 234 46 Stevenson,
1712 1492 89 47 The
1832 1491 87 48 Life
1947 1491 45 48 of
2018 1491 102 48 Mrs.
2152 1490 150 49 Robert

1502 1546 135 46 Louis,
1664 1545 177 47 Sanchez
1892 1574 400 18 ....
2356 1555 76 38 344

1449 1599 291 50 Stray-Aways,
1772 1598 222 51 Somerville
2022 1597 80 52 and
2128 1596 94 53 Ross
2285 1626 8 23 .
2356 1608 74 41 445

1448 1652 149 50 Supers
1626 1652 77 50 and
1735 1651 236 51 Supermen,
2002 1649 190 53 Guedalla
2283 1680 7 22 .
2353 1661 72 41 451

1448 1705 171 50 Surgery
1649 1705 39 50 in
1718 1704 123 51 Great
1870 1704 162 51 Britain,
2062 1702 91 53 The
2182 1702 116 53 Early

1499 1759 162 49 History
1689 1758 54 50 of,
1771 1757 124 51 Black
2018 1787 8 21 .
2149 1786 8 22 .
2281 1786 7 22 .
2351 1756 76 52 460

1447 1812 151 49 Survey
1616 1811 45 50 of
1676 1810 164 51 English
1859 1810 236 51 Literature,
2114 1809 49 52 A,
2183 1808 114 53 Elton
2354 1809 75 52 562

1446 1864 319 45 Swallow-Dive,
1792 1862 104 47 The,
1924 1863 114 49 Lynd
2149 1893 8 19 .
2281 1893 8 19 .
2352 1874 76 38 442

1445 1918 157 50 System
1650 1917 45 51 of
1739 1916 185 52 Animate
1974 1916 167 52 Nature,
2191 1914 105 54 The,

1501 1969 185 39 Thomson
1757 1998 533 10 .....
2352 1969 77 49 460

1448 2029 199 83 TALE
1674 2030 44 82 of
1744 2044 20 68 a
1793 2029 108 83 Tub,
1932 2029 47 83 A,
2011 2028 116 84 Swijt
2151 2059 8 53 .
2282 2059 8 53 .
2354 2029 76 83 562

1540 2084 118 37 Tales
1679 2083 43 38 of
1739 2083 149 51 /Egean
1913 2082 191 52 Intrigue,
2126 2082 161 52 Lazvson
2351 2083 77 51 456

1445 2136 160 46 Teresa,
1636 2136 153 46 Letters
1818 2136 44 46 of
1889 2135 40 47 S.
2019 2166 7 16 .
2149 2166 7 16 .
2353 2148 70 38 351

1445 2188 166 39 Theism
1642 2189 141 38 Found
1813 2189 201 49 Wanting,
2047 2187 171 51 Godfrey
2281 2219 7 19 .
2353 2201 75 37 574

1445 2241 115 52 They
1582 2243 132 50 Went,
1737 2241 168 52 Douglas
2019 2272 8 21 .
2150 2271 7 22 .
2281 2255 147 38 .114

1444 2295 133 38 Three
1606 2296 141 37 Poems
1776 2294 44 39 of
1846 2294 66 39 the
1941 2294 107 46 War,
2081 2294 165 46 Claudel
2281 2325 7 15 .
2353 2307 75 33 222

1444 2347 168 47 Tolstoi,
1639 2348 320 46 Reminiscences
1983 2347 44 47 of
2049 2346 83 48 Leo
2158 2347 138 47 Nicol-

1494 2401 192 50 ayevitch,
1717 2400 133 51 Gorky
1886 2430 8 21 .
2017 2430 7 21 .
2148 2431 8 20 .
2280 2414 143 37 .121

1442 2453 126 47 Tour,
1598 2453 103 47 The,
1734 2454 193 49 Couperus
2018 2483 7 20 .
2150 2484 7 19 .
2281 2485 7 18 .
2353 2455 72 50 673

1442 2506 143 51 Tragic
1611 2506 197 51 Mothers,
1836 2505 139 52 Sturge
2001 2506 155 51 Moore.
2280 2537 8 20 .
2353 2508 71 49 671

1439 2560 196 38 Tristram
1655 2559 77 39 and
1755 2559 145 39 Isoude
2018 2589 8 9 .
2149 2590 8 8 .
2281 2591 8 7 .
2353 2561 73 51 675

1439 2612 155 47 Twain,
1625 2612 155 47 Letters
1808 2612 45 47 of
1880 2612 131 47 Mark,
2041 2613 122 46 Paine
2282 2644 7 15 .
2354 2627 74 38 230

1446 2673 452 85 UNCONSCIOUS
1918 2681 39 77 to
1983 2672 67 86 the
2068 2673 239 85 Conscious,

1532 2727 120 38 From
1681 2727 81 46 the,
1794 2726 119 48 Geley
2017 2757 7 17 .
2148 2757 8 17 .
2280 2759 8 15 .
2351 2730 76 50 460

1439 2778 101 40 Uses
1568 2780 45 38 of
1638 2779 217 51 Diversity,
1884 2779 103 51 The,
2018 2780 225 50 Chesterton
2280 2812 7 18 .
2352 2795 73 40 225

1441 2839 259 79 "^TISION
1721 2839 77 79 and
1821 2840 166 78 Design,
2009 2840 79 78 Fry
2149 2871 8 47 .
2281 2873 7 45 .
2354 2856 75 62 554

1444 2946 255 61 W/"ALL,
1731 2946 104 61 The,
1869 2947 171 60 Cournos
2145 2978 9 29 .
2278 2980 8 27 .
2352 2952 73 55 673

1472 3007 16 17 *
1516 3000 22 25 *
1575 2998 148 39 Walter
1749 2999 49 38 de
1823 3000 182 46 Wenlok,
2031 3001 142 45 Pearce
2278 3034 7 12 .
2350 3017 78 39 454

1435 3051 106 47 War,
1569 3053 34 45 A
1631 3053 165 50 History
1823 3053 45 50 of
1891 3053 81 50 the,
2002 3054 163 49 O'Neill
2278 3087 7 16 .
2352 3059 73 50 683

1433 3104 144 48 Wilde,
1610 3106 138 47 Oscar,
1780 3107 140 46 Harris
2012 3138 7 15 .
2143 3139 9 14 .
2277 3141 7 12 .
2350 3113 74 49 562

1433 3158 138 38 World
1598 3159 107 47 War,
1734 3159 90 47 The
1853 3160 117 48 First,
1998 3161 216 52 Repington
2277 3195 7 18 .
2354 3178 71 39 119

1431 3211 147 51 Wynn,
1614 3213 357 50 Correspondence
2005 3214 45 49 of
2083 3215 208 48 Charlotte

1484 3265 218 48 Grenville,
1730 3266 113 52 Lady
1867 3267 211 51 Williams,
2104 3269 187 51 Leighton
2349 3286 75 39 342

1441 3327 89 82 "y
1539 3327 167 82 OUNG
1741 3328 123 81 Girl's
1899 3330 138 79 Diary,
2071 3331 49 78 A,
2146 3332 103 77 Paul
2271 3364 9 45 .
2345 3335 77 74 687
