1513 2508
235 275 22 34 8
323 287 101 29 LIFE
453 287 96 31 AND
582 289 275 32 PROPHECIES
889 291 55 30 OF
974 283 287 38 ZECHARIAH.

237 397 157 51 readily
420 411 68 37 see
513 399 92 49 that
630 398 266 50 Zechariah's
924 395 153 53 double
1103 392 186 56 position

234 457 48 41 of
304 459 179 51 prophet
507 461 83 49 and
614 461 131 52 priest
768 473 111 40 gave
903 458 87 55 him
1015 462 124 51 great
1164 454 125 59 influ¬

233 531 99 29 ence
349 534 157 39 among
525 521 124 52 them.
699 523 131 50 From
847 520 73 53 the
938 519 106 54 little
1060 517 144 56 which
1221 529 65 44 we

231 582 125 41 know
374 582 49 41 of
441 583 64 40 his
524 584 196 50 personal
739 583 175 51 history,
933 594 65 40 we
1018 593 72 41 are
1107 580 180 54 assured

231 642 90 41 that
343 643 54 40 he
421 647 103 38 used
550 644 80 41 this
657 644 206 41 influence
890 643 68 42 for
982 643 71 42 the
1078 642 207 43 advance¬

228 710 115 34 ment
361 705 46 39 of
426 704 127 42 God's
572 717 125 29 cause
715 706 54 50 by
788 705 203 51 cheering
1007 705 84 51 and
1109 704 176 52 helping

229 766 67 39 his
331 767 147 50 people
514 767 42 50 in
593 765 83 52 this
715 765 158 52 critical
909 766 150 52 period
1094 767 45 51 in
1174 766 111 52 their

230 828 172 51 history.
456 828 81 51 We
560 829 87 50 find
670 828 88 51 him
781 842 157 39 among
961 828 73 53 the
1055 829 93 52 first
1170 828 115 53 band

229 889 46 39 of
302 890 127 39 exiles
457 904 56 26 on
541 890 110 40 their
680 897 146 34 return
855 897 45 35 to
928 891 225 41 Palestine.
1212 890 72 42 No

229 964 151 27 sooner
412 965 85 27 was
529 952 253 51 permission
813 960 45 43 to
890 960 146 43 return
1068 953 128 53 given
1226 954 57 52 by

229 1012 134 51 Cyrus
390 1013 100 50 than
517 1014 80 49 this
622 1027 146 39 young
791 1015 104 51 hero
918 1015 200 51 bounded
1142 1022 46 44 to
1210 1016 72 50 the

227 1072 116 41 front
373 1075 96 48 and,
502 1075 55 51 by
586 1075 67 51 his
685 1077 195 51 superior
909 1078 256 53 knowledge
1196 1079 84 52 and

227 1135 172 52 insight,
431 1138 179 49 assisted
639 1138 45 49 in
714 1139 152 54 giving
897 1140 206 53 direction
1132 1147 47 46 to
1209 1142 72 51 the

226 1198 256 51 expedition.

694 1307 143 40 When
868 1306 93 42 that
992 1308 143 41 heroic
1166 1309 113 40 band

228 1366 99 40 The
359 1368 175 39 Return
696 1368 170 41 arrived
932 1370 44 39 in
1053 1370 225 48 Palestine,

223 1428 155 41 Under
404 1429 158 53 Cyrus.
695 1431 114 51 what
843 1444 25 38 a
902 1431 116 53 sight
1050 1439 87 45 met
1171 1433 109 51 their

224 1494 278 42 Desolation.
691 1494 127 50 gaze!
871 1494 93 50 The
987 1500 181 49 country
1190 1507 87 42 was

690 1556 114 50 truly
823 1558 197 48 desolate.
1069 1556 208 54 "Strang¬

224 1612 91 39 ers''
339 1613 214 42 inhabited
573 1615 108 41 their
704 1618 131 43 cities.
887 1619 94 42 The
1001 1619 277 52 magnificent

222 1672 203 53 kingdom
449 1676 137 49 which
612 1679 141 46 David
778 1679 84 46 had
886 1681 167 44 handed
1079 1682 127 43 down
1232 1689 44 36 to

223 1735 213 50 Solomon,
460 1741 82 44 and
563 1740 151 49 which,
737 1742 103 47 with
860 1743 185 54 varying
1066 1744 208 53 fortunes,

222 1797 82 39 had
337 1798 103 40 been
474 1800 179 52 enjoyed
688 1803 53 51 by
776 1804 101 50 each
912 1807 256 52 succeeding
1200 1806 74 53 ad¬

219 1858 278 41 ministration
523 1862 124 40 down
669 1869 44 34 to
735 1865 70 39 the
826 1866 103 39 time
948 1867 50 40 of
1019 1867 73 42 the
1114 1869 160 52 captiv¬

221 1920 71 51 ity,
317 1920 83 51 had
426 1924 246 51 apparently
696 1929 152 46 passed
871 1934 77 41 out
970 1929 50 46 of
1045 1931 226 44 existence.

221 1982 91 39 The
343 1983 97 39 land
469 1983 49 39 of
549 1985 154 49 golden
733 1986 208 50 harvests,
973 1991 151 50 purple
1154 1992 117 49 vine¬

220 2044 124 49 yards
397 2045 83 48 and
533 2045 248 48 fruit-laden
832 2054 110 39 trees
994 2050 84 43 had
1131 2052 141 54 disap¬

217 2106 165 49 peared.
437 2104 111 51 That
574 2106 278 49 God-blessed
876 2111 100 44 land
1000 2111 139 44 which
1164 2128 106 28 once

214 2165 177 52 literally
416 2165 177 52 "flowed
617 2168 104 49 with
742 2169 104 48 milk
868 2172 84 45 and
974 2170 182 55 honey,"
1180 2177 85 48 and
