1500 2500
229 280 102 31 LIFE
363 280 98 31 AND
494 277 279 34 PROPHECIES
804 277 56 34 OF
891 275 285 36 ZECHARIAH.
1212 276 49 35 31

206 392 109 43 their
343 390 161 45 fathers
532 388 85 47 had
642 388 105 47 been
773 384 218 54 protected
1019 382 122 56 when
1169 383 100 55 they

208 456 152 53 passed
385 451 190 58 through
600 450 72 59 the
698 451 94 58 Red
820 448 83 61 Sea
929 447 112 62 from
1067 445 109 64 their
1203 443 64 66 af¬

211 518 157 42 fliction
400 517 43 43 in
475 515 160 52 Egypt,
668 512 83 55 and
783 509 189 58 through
1003 508 71 59 the
1104 506 162 61 Jordan

212 583 88 40 into
322 580 70 43 the
416 576 224 47 Promised
661 573 136 50 Land.

267 644 72 40 All
373 643 72 41 the
479 652 146 41 power
660 637 48 56 of
740 636 113 57 their
886 646 204 47 opposers
1127 628 142 65 would

214 708 50 40 be
301 704 226 52 destroyed
564 715 47 41 as
650 713 113 43 were
802 698 198 58 Pharoah
1038 696 86 60 and
1164 694 104 62 Sen¬

214 767 211 44 nacherib.

268 831 119 40 Thus
418 828 130 53 being
577 826 217 55 protected
825 823 84 58 and
940 816 330 65 "strengthened

216 895 54 51 by
304 894 70 52 the
411 890 157 56 Lord,"
604 889 100 57 they
740 886 142 60 would
920 883 137 63 "walk
1093 895 59 51 up
1186 880 84 66 and

219 958 123 40 down
370 956 42 42 in
437 954 68 44 his
533 952 163 46 name."

275 1019 96 42 One
410 1023 121 48 great
569 1016 84 55 and
693 1010 290 61 encouraging
1021 1008 165 63 feature
1224 1004 48 67 of

218 1082 84 41 this
339 1079 263 44 remarkable
635 1075 215 55 prophecy
883 1087 101 43 was,
1021 1072 98 58 "the
1152 1070 121 60 pride

221 1145 47 52 of
291 1143 183 54 Assyria
497 1141 111 56 shall
635 1142 51 55 be
712 1140 187 57 brought
925 1139 139 58 down,
1091 1137 87 60 and
1204 1134 69 63 the

221 1213 163 47 sceptre
406 1205 47 55 of
472 1206 146 54 Egypt
636 1202 108 58 shall
765 1202 150 58 depart
935 1199 159 61 (may."

276 1268 83 41 We
377 1268 108 41 have
502 1266 92 43 said
611 1264 94 45 that
721 1264 33 45 it
771 1263 141 46 would
931 1262 107 47 have
1056 1259 104 50 been
1179 1256 93 53 well

224 1331 68 41 for
317 1332 116 40 these
458 1329 147 53 people
630 1327 34 55 if
687 1327 72 55 the
784 1324 178 58 prophet
987 1322 84 60 had
1096 1319 178 63 stopped

225 1394 110 41 here.

726 1494 86 40 But
849 1491 119 43 there
1008 1501 112 33 were
1156 1486 123 48 other

229 1562 221 42 Breakers
488 1559 171 45 Ahead,
723 1556 146 52 things
906 1553 140 55 which
1086 1552 53 56 he
1178 1563 100 45 saw,

725 1619 85 41 and
840 1616 151 48 which,
1022 1627 45 37 as
1098 1628 25 36 a
1151 1611 129 53 faith¬

229 1688 65 41 ful
328 1691 171 38 servant
533 1685 47 44 of
615 1682 109 50 God,
760 1681 54 51 he
847 1692 88 40 was
970 1674 233 58 compelled
1238 1679 45 53 to

230 1749 123 43 make
380 1749 158 43 known
565 1753 49 39 to
639 1745 76 47 the
741 1741 161 54 people.
960 1739 73 56 He
1060 1751 88 44 saw
1179 1734 103 61 that,

231 1808 382 52 notwithstanding
667 1806 75 54 the
798 1808 122 52 great
978 1799 208 61 incentive
1241 1802 45 58 to

234 1874 315 53 righteousness
599 1867 138 60 which
785 1866 67 61 his
899 1862 246 65 prophecies
1194 1859 92 68 fur¬

235 1936 148 41 nished
398 1950 8 34 ;
438 1936 45 48 in
515 1934 110 51 spite
656 1930 44 55 of
731 1929 72 56 the
836 1927 88 58 fact
953 1925 91 60 that
1073 1923 74 62 the
1174 1925 113 60 most

234 1998 190 54 glorious
454 2010 71 42 era
552 1996 45 56 in
622 1992 110 60 their
759 1991 164 61 history
951 1985 180 67 awaited
1159 1983 130 69 them,

236 2061 89 41 viz:
345 2061 74 41 the
440 2058 173 50 coming
634 2054 48 54 of
704 2053 99 55 "the
824 2048 221 60 Branch";
1067 2046 85 62 still
1174 2043 118 65 these

236 2123 150 53 people
431 2119 144 57 would
622 2115 103 61 "fall
773 2113 115 63 from
931 2108 168 68 grace."
1160 2102 132 74 Their

237 2190 229 38 treatment
495 2180 50 48 of
576 2178 74 50 the
680 2173 214 55 promised
928 2168 193 60 Messiah
1152 2161 142 67 would
