1500 2500
633 399 247 38 PREFACE.

273 584 93 37 This
391 584 93 37 little
507 584 99 37 book
630 583 31 38 is
685 583 146 38 written
857 583 60 38 for
941 584 62 37 the
1026 583 145 44 specific
1192 595 87 33 pur¬

228 644 89 31 pose
344 632 41 43 of
411 632 136 43 setting
572 632 128 43 before
724 632 95 43 busy
843 643 94 32 men,
964 631 38 44 in
1027 632 62 43 the
1115 631 165 45 simplest

228 682 72 34 and
323 681 161 35 shortest
503 692 91 30 way,
617 680 62 42 the
700 680 198 42 character,
921 679 135 43 works,
1077 678 107 44 times
1205 680 74 42 and

229 728 154 36 mission
420 728 41 36 of
494 728 63 36 the
593 727 126 37 Minor
755 727 162 43 Prophet
951 727 126 43 whose
1108 739 110 31 name
1251 727 29 43 it

229 776 115 35 bears.
401 776 35 35 It
468 775 31 36 is
531 780 65 31 not
629 774 217 37 exhaustive
877 786 70 25 nor
979 774 203 43 excursive,
1214 774 66 43 but

229 835 124 31 essays
384 829 39 37 to
454 823 84 43 give
568 822 38 44 in
637 822 139 44 outline
805 823 72 43 and
907 833 147 33 essence
1084 822 99 44 what
1211 822 67 44 has

228 871 91 34 been
344 870 79 36 said
447 870 37 36 in
509 882 109 30 many
642 871 109 43 large,
766 871 176 43 volumes.
992 869 94 45 Still,
1108 881 72 33 one
1202 869 77 45 will

228 917 43 36 be
293 918 142 42 greatly
456 917 182 43 mistaken
659 918 84 42 who
765 917 101 43 takes
889 917 28 43 it
939 917 60 43 for
1018 929 21 31 a
1058 929 101 31 mere
1180 929 98 31 com¬

228 965 164 43 pilation.
444 965 35 43 It
507 965 30 43 is
566 976 46 32 an
640 964 245 44 independent
912 966 72 42 and
1012 964 156 44 original
1197 976 80 32 pre¬

230 1012 182 36 sentation
448 1013 41 35 of
524 1012 62 36 the
619 1013 163 35 author's
816 1012 115 36 views
966 1012 72 36 and
1072 1012 205 36 reflections

228 1061 111 34 based
364 1071 97 31 upon
486 1060 175 42 standard
685 1059 142 43 history
850 1072 39 30 as
913 1059 108 43 given
1043 1059 49 43 by
1113 1060 63 42 the
1198 1060 81 42 best

228 1107 226 36 authorities.

274 1155 34 34 It
331 1154 30 35 is
386 1154 156 42 written,
566 1154 80 42 first
667 1154 41 42 of
729 1155 60 41 all,
814 1154 59 42 for
897 1153 167 43 studious
1087 1166 84 30 men
1194 1154 84 42 who

228 1214 62 23 are
315 1202 131 35 denied
471 1203 61 34 the
556 1203 223 42 advantages
805 1202 41 43 of
871 1202 124 43 school
1019 1201 164 44 training
1206 1203 72 42 and

228 1250 84 34 who
335 1261 63 23 are
421 1249 131 36 unable
575 1255 38 30 to
635 1250 180 42 purchase
837 1249 63 43 the
923 1249 101 43 large
1047 1250 72 42 and
1142 1261 136 32 expen¬

229 1299 78 33 sive
343 1297 116 35 books
496 1297 161 42 treating
693 1308 98 31 upon
827 1297 103 42 these
966 1296 171 43 subjects.
1197 1297 81 42 The

227 1355 125 32 young
375 1344 169 43 minister
567 1344 37 43 in
629 1356 20 31 a
675 1345 106 42 small
805 1345 133 42 charge
961 1355 44 32 or
1028 1350 156 38 country
1208 1344 69 44 cir¬

228 1391 84 42 cuit,
340 1403 92 30 even
460 1390 31 43 if
517 1391 56 42 his
603 1391 193 42 education
822 1392 44 41 be
893 1391 151 43 limited,
1072 1403 67 31 can
1164 1392 114 43 easily

230 1440 86 35 read
349 1440 71 35 and
455 1439 237 42 understand,
724 1440 71 41 and
829 1439 70 42 feel
931 1439 81 42 that
1042 1440 46 41 he
1117 1440 67 41 has
1214 1440 63 41 the

228 1486 170 36 essential
423 1487 123 42 things
572 1487 102 42 often
698 1498 40 31 so
762 1487 110 42 much
893 1498 104 31 more
1020 1487 162 43 stiltedly
1204 1488 73 42 and

226 1534 219 42 technically
479 1540 55 36 set
570 1535 109 41 down
714 1534 37 42 in
785 1535 167 41 volumes
987 1534 42 42 of
1061 1539 215 38 portentous

226 1582 83 35 size.
348 1583 61 34 He
436 1594 78 30 can,
539 1582 156 42 because
722 1581 41 43 of
787 1581 46 43 its
859 1581 218 43 convenient
1104 1582 74 42 size
1203 1582 72 42 and

228 1630 104 34 small
367 1629 145 43 weight,
545 1641 106 31 carry
682 1629 73 43 this
785 1629 99 43 book
916 1629 37 43 in
985 1629 58 43 his
1075 1630 132 43 pocket
1236 1635 40 38 to

227 1689 65 23 use
313 1679 37 33 in
370 1677 118 42 filling
509 1682 65 37 out
595 1689 21 30 a
637 1677 88 42 long
745 1676 86 43 wait
853 1676 59 43 for
930 1676 199 43 breakfast,
1151 1689 43 30 or
1213 1678 63 41 the

225 1724 89 35 time
336 1724 110 35 taken
470 1736 48 23 on
542 1736 22 23 a
589 1729 112 30 street
724 1735 62 24 car
810 1723 98 42 ride;
933 1724 72 41 and
1029 1724 138 44 having
1188 1725 88 43 read

227 1771 37 42 it,
297 1771 45 42 he
373 1783 85 30 may
488 1777 72 36 test
590 1771 56 42 his
678 1777 160 37 mastery
868 1772 42 42 of
938 1772 63 42 the
1031 1776 166 38 contents
1227 1773 48 42 by

225 1818 172 45 quizzing
423 1818 151 45 himself
603 1819 97 44 from
726 1819 61 44 the
813 1818 188 45 questions
1028 1819 38 44 in
1093 1820 63 43 the
1181 1820 94 43 back

225 1867 41 35 of
287 1867 62 36 the
370 1866 108 43 book,
501 1866 120 43 which
642 1867 92 42 have
755 1867 92 42 been
870 1867 178 43 carefully
1070 1867 143 43 framed
1235 1873 39 37 to

225 1926 109 24 cover
351 1914 62 36 the
430 1914 118 36 whole
568 1914 152 43 subject.

268 1961 92 37 This
396 1962 148 36 volume
580 1961 31 37 is
647 1973 70 25 one
751 1962 43 36 of
828 1974 21 24 a
886 1962 113 37 series
1035 1962 167 37 uniform
1236 1962 38 37 in

223 2013 206 39 treatment,
452 2009 73 43 and
547 2021 72 31 any
639 2021 134 33 person
795 2010 85 44 who
901 2010 150 44 finishes
1074 2010 64 44 the
1160 2009 113 45 series

229 2055 59 44 (to
310 2056 44 43 be
378 2056 125 43 issued
526 2057 48 43 by
595 2057 265 45 installments)
889 2057 76 45 will
986 2058 45 44 be
1055 2057 218 47 excellently
