1500 2500
230 281 53 36 44
319 283 100 34 LITE
450 278 95 39 AND
577 280 272 37 PROPHECIES
881 282 55 35 OF
966 277 277 40 ZECHARIAJt.

234 391 214 52 visionary
480 391 254 52 predictions
765 390 119 53 there
915 391 35 52 is
982 403 25 40 a
1038 390 118 53 unity
1187 390 82 53 and

235 453 261 51 consistency
529 451 139 53 which
701 452 309 52 unmistakably
1043 452 152 52 belong
1226 459 44 45 to

237 513 240 45 Zechariah.

289 576 92 41 The
401 576 190 52 imagery
611 576 120 52 bears
752 589 101 39 very
875 576 209 52 distinctly
1105 576 69 52 the
1196 576 72 52 im¬

236 651 116 37 press
377 637 48 51 of
449 637 120 51 those
590 646 87 42 two
699 638 313 51 master-spirits
1035 638 47 51 of
1103 639 73 50 the
1199 653 70 36 ex¬

240 700 64 48 ile,
333 700 169 48 Ezekiel
531 701 82 47 and
641 700 163 48 Daniel.
886 701 83 47 We
994 700 106 48 have
1125 701 77 47 but
1228 706 42 42 to

238 774 195 38 compare
465 761 70 51 the
568 762 119 50 work
718 762 50 50 of
801 762 116 50 these
964 768 86 44 two
1096 762 172 50 Greater

238 823 205 52 Prophets
466 824 104 51 with
592 830 114 46 parts
727 824 48 52 of
797 823 227 53 Zechariah
1045 830 45 46 to
1111 837 68 39 see
1201 826 66 50 the

238 885 219 51 similarity
480 886 46 50 of
548 885 101 51 both
672 886 104 51 style
798 887 82 50 and
902 892 161 45 matter.

291 947 50 39 In
363 960 115 27 some
499 947 46 40 of
564 947 71 40 the
655 948 120 40 latter
797 948 254 51 prophecies,
1072 947 70 52 the
1163 948 104 51 style

238 1009 33 39 is
297 1009 192 51 changed
518 1011 83 49 and
629 1009 189 51 becomes
848 1009 144 51 softer,
1022 1009 137 51 richer
1186 1009 80 51 and

236 1083 117 27 more
374 1070 187 52 poetical.
614 1070 127 52 From
763 1070 82 52 this
870 1070 97 52 fact,
990 1084 125 38 many
1137 1083 131 39 argue

236 1133 89 39 that
343 1131 71 41 the
432 1131 134 41 hands
585 1131 48 41 of
651 1132 168 40 Ezekiel
837 1132 83 41 and
940 1132 149 41 Daniel
1109 1132 71 41 did
1197 1132 70 41 the

238 1193 117 41 work
378 1194 225 40 attributed
626 1199 45 35 to
693 1193 238 41 Zechariah.
984 1194 42 40 If
1047 1207 64 28 we
1132 1207 70 28 are
1224 1199 43 36 to

237 1255 131 52 judge
390 1255 110 52 from
521 1255 72 52 the
613 1256 105 51 style
738 1255 130 52 alone,
889 1269 64 38 we
974 1261 149 46 cannot
1144 1254 123 53 avoid

239 1317 69 41 the
339 1318 239 40 conclusion
610 1317 90 43 that
732 1330 116 30 some
878 1317 117 43 other
1026 1317 111 43 hand
1166 1316 101 44 than

237 1378 262 41 Zechariah's
533 1379 236 42 chronicled
799 1380 70 41 the
899 1384 141 37 events
1070 1377 197 44 recorded

238 1441 41 39 in
306 1441 70 40 the
404 1442 121 39 latter
552 1441 241 51 prophecies
820 1440 47 52 of
891 1440 91 52 that
1008 1439 120 53 book.
1186 1439 81 53 But

725 1502 83 40 this
854 1502 35 40 is
933 1500 247 42 immaterial
1224 1508 43 34 to

240 1569 43 42 A
317 1569 257 52 Composite
722 1564 72 57 the
820 1564 169 57 general
1015 1575 180 46 purpose
1222 1561 45 60 of

237 1631 278 52 Authorship
727 1625 70 58 the
817 1624 210 59 prophet's
1048 1624 118 59 work
1188 1623 81 60 and

237 1692 286 40 Immaterial.
724 1686 152 52 object.
925 1686 69 52 He
1018 1699 115 39 came
1155 1697 112 41 upon

727 1749 71 40 the
845 1754 118 46 stage
1010 1753 42 47 at
1099 1760 25 40 a
1168 1747 100 53 time

238 1814 119 39 when
391 1812 128 42 God's
552 1811 146 52 people
726 1810 158 53 needed
914 1809 72 54 the
1015 1808 177 55 services
1221 1806 48 57 of

235 1874 87 51 just
350 1874 102 51 such
479 1887 25 38 a
530 1886 110 39 man'.
696 1872 50 53 In
774 1872 71 53 the
871 1871 160 54 chaotic
1058 1869 208 56 condition

237 1937 41 38 in
310 1935 137 41 which
480 1936 97 49 they
611 1934 133 51 found
775 1933 109 52 their
915 1933 72 52 old
1016 1932 136 53 home,
1187 1929 81 56 and

236 1997 164 52 against
437 1996 70 53 the
544 2004 119 45 great
697 1995 261 54 oppositions
995 1993 104 56 with
1133 1992 135 57 which

232 2059 96 50 they
343 2071 110 38 were
468 2057 251 52 confronted
736 2057 44 52 in
794 2056 72 53 the
882 2055 237 54 rebuilding
1134 2054 133 55 there¬

234 2121 59 48 of,
316 2119 98 52 they
436 2118 158 53 needed
617 2117 89 54 just
726 2118 103 53 such
853 2122 349 49 encouragement
1223 2128 45 43 as

234 2182 106 49 God,
380 2179 185 53 through
603 2179 242 53 Zechariah,
884 2178 220 54 furnished
1139 2177 127 55 them.
