1500 2500
227 360 18 23 2
255 361 18 23 2
313 359 101 29 LIFE
444 360 95 28 AND
573 356 273 32 PROPHECIES
878 355 55 33 OF
965 348 283 40 ZECHARIAH.

230 465 34 39 is
289 465 197 39 intended
511 471 44 33 to
581 476 150 28 arouse
754 462 72 42 the
850 459 261 45 enthusiasm
1138 458 46 46 of
1207 458 71 46 the

227 528 146 49 people
403 526 83 51 and
515 531 44 46 to
587 523 245 54 strengthen
862 521 108 56 their
1000 520 107 57 faith
1135 520 42 57 in
1206 521 69 56 the

232 588 197 50 cheering
468 586 204 52 promises
714 583 94 55 God
847 584 36 54 is
936 583 178 55 making
1163 582 114 56 them

226 648 185 50 through
439 648 80 50 His
546 652 181 46 servant.

286 702 203 51 Chapters
527 704 54 49 vi,
617 703 58 50 vii
711 702 83 51 and
829 701 71 52 viii
935 701 113 52 close
1081 700 73 53 the
1186 701 89 52 first

230 763 179 39 division
442 764 47 39 of
523 763 265 40 Zechariah's
825 763 261 40 remarkable
1118 763 155 41 visions

230 836 46 27 or
302 825 257 50 prophecies.

287 885 49 39 In
374 886 113 39 them
523 886 53 40 he
613 887 139 39 shows
788 887 71 39 the
895 893 121 45 great
1048 894 145 44 extent
1229 888 45 50 of

231 947 69 39 the
326 947 205 52 kingdom
558 948 45 51 of
629 948 72 51 the
727 948 221 51 "Branch"
977 951 83 48 and
1085 952 70 47 the
1179 950 96 49 final

232 1010 249 39 restoration
531 1010 49 39 of
613 1010 247 51 Jerusalem.
925 1011 121 50 With
1094 1012 73 49 the
1213 1026 61 35 re¬

231 1071 193 52 building
458 1072 48 51 of
542 1072 70 51 the
649 1072 116 51 Holy
802 1073 96 54 City
934 1074 84 53 will
1054 1087 119 40 come
1204 1075 69 52 the

229 1133 251 51 completion
504 1134 49 50 of
579 1135 70 49 the
674 1134 187 52 Temple,
888 1136 83 50 and
997 1136 185 53 Haggai,
1207 1137 64 52 his

228 1196 216 47 associate,
467 1209 165 34 assures
653 1197 69 46 the
740 1197 148 51 people
908 1197 88 51 that
1017 1198 119 50 "The
1151 1200 121 52 glory

231 1257 46 50 of
301 1258 83 49 this
408 1258 123 49 latter
554 1259 132 48 house
708 1260 108 47 shall
840 1261 48 46 be
912 1267 170 45 greater
1104 1262 101 50 them
1229 1262 44 52 of

231 1320 67 38 the
323 1319 173 52 former,
521 1320 112 51 saith
657 1323 68 48 the
748 1322 117 49 Lord
890 1324 46 50 of
961 1323 138 51 hosts;
1125 1326 82 48 and
1229 1325 42 49 in

230 1381 83 39 this
337 1381 115 52 place
479 1382 91 51 will
590 1384 24 49 I
638 1383 97 51 give
760 1390 138 45 peace,
925 1385 112 50 saith
1063 1385 69 50 the
1157 1386 114 49 Lord

233 1444 46 50 of
307 1443 143 51 hosts"
488 1443 199 53 (Haggai
716 1444 123 52 ii:9).

288 1505 50 39 In
379 1505 81 40 this
501 1506 91 39 first
632 1506 180 41 division
851 1520 70 27 are
962 1522 116 28 some
1117 1509 47 41 of
1200 1510 72 40 the

227 1573 110 34 most
369 1569 260 40 remarkable
661 1569 82 40 and
777 1568 289 54 far-reaching
1093 1570 178 52 prophe¬

226 1630 81 38 cies
336 1635 44 34 to
406 1630 51 39 be
484 1630 134 40 found
644 1631 42 39 in
714 1631 69 40 the
809 1631 138 41 whole
973 1632 130 41 Bible.
1159 1632 111 41 That

228 1692 99 50 they
363 1694 148 48 served
546 1693 109 49 their
691 1706 183 38 purpose
909 1696 83 48 and
1028 1695 128 51 really
1191 1695 81 51 and

227 1753 180 52 actually
432 1753 83 52 had
541 1768 24 37 a
590 1756 113 50 good
731 1754 124 52 effect
880 1769 110 38 upon
1016 1757 73 50 the
1114 1757 158 50 nation,

224 1815 254 52 subsequent
500 1822 142 45 events
665 1816 106 53 fully
792 1831 142 39 prove.
