1500 2500
322 278 103 34 life
454 281 96 31 and
582 280 274 32 prophecies
886 280 57 32 of
973 277 280 35 zechariah.

237 404 127 38 many
388 403 121 40 years
522 391 16 52 ?
593 390 41 53 It
657 390 137 53 began
816 394 47 49 to
887 388 110 55 flow,
1021 387 124 56 when
1169 388 110 55 from

240 452 90 40 "his
354 453 168 51 pierced
547 451 89 53 side
659 464 118 40 came
802 450 115 54 forth
941 451 125 53 blood
1091 451 83 53 and
1197 464 82 40 wa¬

239 515 89 39 ter"
364 514 86 53 (St.
477 514 112 53 John
614 513 79 54 xix
706 512 182 55 131-37).

296 576 41 40 It
367 578 75 38 has
472 576 106 40 been
607 576 175 51 flowing
812 588 98 39 ever
939 575 112 52 since
1081 575 85 52 and
1195 574 83 53 will

240 638 196 40 continue
458 643 46 35 to
525 638 98 40 flow
644 638 107 40 until
773 637 71 42 the
866 638 79 41 last
967 638 133 52 guilty
1123 640 155 50 wretch

241 699 104 40 shall
367 700 157 51 plunge
547 700 42 51 in
611 700 84 51 and
715 700 119 51 wash
855 713 119 38 away
994 699 65 52 his
1083 699 141 52 stains.

294 761 85 40 But
397 761 146 41 before
561 761 90 41 that
670 761 369 53 long-prayed-for
1056 762 100 52 time
1175 761 103 53 shall

240 823 150 50 arrive,
415 822 115 51 what
553 824 267 49 tremendous
847 824 182 52 changes
1055 823 105 53 shall
1183 824 95 52 take

241 886 116 50 place
382 892 43 44 at
447 885 255 53 Jerusalem!

295 947 50 40 In
372 947 71 40 the
468 947 166 53 closing
659 947 172 53 chapter
857 948 46 52 of
927 948 66 52 his
1020 947 256 53 prophecies,

241 1009 70 40 the
337 1009 177 51 prophet
542 1010 182 50 declares
752 1009 90 51 that
868 1010 98 50 "the
990 1011 82 53 city
1096 1011 107 53 shall
1231 1012 47 52 be

242 1071 136 49 taken,
399 1072 81 48 and
503 1072 69 48 the
591 1072 154 48 houses
764 1071 137 53 rifled,
923 1072 83 52 and
1028 1074 70 50 the
1115 1086 163 38 women

242 1145 113 28 rams
358 1134 49 39 he
411 1133 50 49 d;
483 1135 83 47 and
587 1133 91 53 half
699 1135 47 51 of
766 1136 69 50 the
857 1133 83 54 city
959 1135 107 52 shall
1083 1148 57 39 go
1160 1135 118 52 forth

240 1194 87 40 into
353 1194 213 53 captivity,
588 1195 84 52 and
695 1196 69 51 the
785 1195 164 52 residue
974 1196 46 53 of
1043 1196 69 53 the
1131 1196 145 53 people

241 1256 107 40 shall
372 1263 73 34 not
468 1257 48 40 be
540 1263 70 34 cut
634 1257 62 42 off
717 1257 114 51 from
856 1257 67 51 the
948 1257 120 53 city."
1108 1256 101 54 Part
1232 1255 45 55 of

240 1317 82 40 this
358 1318 212 51 prophecy
606 1318 75 51 has
716 1318 171 51 already
935 1319 104 50 been
1090 1317 182 52 fulfilled.

241 1379 139 41 When
415 1379 73 41 the
524 1381 187 39 Romans
748 1379 199 41 marched
984 1380 106 40 their
1127 1379 148 41 armies

241 1441 165 51 against
441 1442 233 50 Jerusalem
710 1455 87 37 was
837 1441 96 51 "the
983 1443 80 50 day
1110 1441 49 52 of
1206 1440 70 53 the

239 1503 142 40 Lord"
408 1517 55 26 on
489 1503 139 41 which
656 1504 70 40 He
750 1517 118 27 came
893 1511 46 34 to
964 1504 168 51 destroy
1157 1503 118 52 those

239 1564 95 40 who
358 1565 140 41 would
521 1571 74 35 not
619 1565 156 41 submit
794 1571 46 35 to
862 1565 82 41 His
968 1565 102 41 rule.

730 1626 111 41 That
896 1626 71 41 the
1022 1627 153 40 Mount
1230 1626 46 41 of

242 1690 98 38 The
374 1690 164 39 Mount
569 1689 48 40 of
731 1688 144 41 Olives
938 1689 34 40 is
1035 1688 240 41 mentioned

237 1753 156 40 Olives
421 1753 131 41 Cleft.
732 1750 110 48 here,
916 1750 35 48 is
1026 1749 246 53 significant.

725 1812 137 51 Jesus,
952 1811 122 52 when
1163 1824 112 39 upon

235 1874 129 49 earth,
400 1873 115 50 often
549 1874 122 49 stood
703 1887 113 37 upon
849 1873 90 51 that
970 1873 239 51 mountain;
1242 1873 31 51 it

234 1947 85 27 was
342 1933 111 41 from
471 1934 118 41 there
606 1935 92 40 that
717 1935 70 40 He
804 1935 207 41 ascended
1030 1941 45 35 to
1092 1934 180 49 heaven;

232 1996 82 39 and
334 1995 42 40 in
396 2008 283 39 consequence
698 1996 47 51 of
764 1996 83 51 His
866 1997 217 50 ascension
1103 1997 84 50 and
1206 1998 67 49 the

231 2056 268 40 commission
528 2056 125 52 given
684 2057 81 51 His
795 2057 206 52 disciples,
1030 2058 71 51 the
1127 2058 145 53 gospel

228 2131 86 27 was
338 2124 91 34 sent
451 2123 46 35 to
517 2117 72 41 the
613 2118 198 42 different
833 2126 115 45 parts
974 2120 48 51 of
1044 2120 71 51 the
1139 2120 128 51 earth.

225 2179 92 41 The
345 2179 191 52 cleaving
565 2180 44 51 in
638 2185 87 46 two
753 2179 49 52 of
828 2180 73 51 the
928 2182 221 49 mountain
1178 2195 86 36 was
