1500 2500
240 264 102 34 LIFE
373 268 99 31 AND
505 269 279 33 PROPHECIES
816 268 56 35 OP
902 273 285 33 ZECHARIAH.
1227 271 49 41 41

222 378 245 53 symbolical
502 379 49 52 of
586 379 73 52 the
694 380 170 53 tearing
896 383 85 50 and
1017 383 183 52 rending
1234 384 48 51 of

220 442 70 40 the
310 441 147 42 nation
478 442 57 52 by
556 442 73 52 the
650 442 170 52 Roman
840 456 148 40 power
1009 445 123 51 when
1155 444 124 52 thou¬

223 505 126 41 sands
388 504 84 43 fled
511 505 114 42 from
662 505 240 53 Jerusalem
937 514 49 44 to
1019 519 152 40 escape
1211 507 69 52 i.he

222 573 120 47 great
364 568 193 52 disaster.
609 567 41 53 It
670 567 35 53 is
728 574 46 46 to
793 568 53 52 be
864 568 208 52 observed
1093 569 95 51 that
1208 570 72 50 the

222 630 202 49 Romans,
455 630 115 49 after
601 631 187 53 spoiling
821 631 145 53 Israel,
999 644 130 40 never
1159 643 120 41 pros¬

221 694 127 52 pered
371 706 46 40 as
441 692 100 54 they
561 693 88 53 had
675 693 109 53 done
806 693 160 53 before.
1049 693 229 53 Evidently

223 756 70 42 the
328 756 116 42 Lord
478 755 158 54 fought
671 757 169 52 against
873 756 117 53 them
1026 756 107 53 until
1166 756 111 53 their

224 818 268 53 magnificent
527 819 160 52 empire
721 832 88 39 was
844 825 96 46 torn
973 819 187 52 asunder
1193 818 84 53 ani

222 881 253 52 partitioned
501 881 65 52 off
590 882 57 52 by
671 881 263 53 contending
961 881 153 53 forces.

279 943 94 42 God
397 944 125 41 made
544 945 116 40 them
685 943 72 42 the
781 944 189 41 medium
993 943 50 42 of
1068 944 82 41 His
1177 956 99 29 ven¬

224 1019 157 39 geance
416 1019 115 39 upon
566 1006 83 52 His
699 1007 146 53 erring
891 1008 162 52 people,
1088 1007 77 53 but
1213 1019 63 41 re¬

225 1069 164 53 venged
415 1069 189 53 Himself
630 1069 83 53 and
739 1069 82 53 His
848 1069 151 53 people
1022 1082 116 40 upon
1162 1070 113 52 thorn

221 1130 241 46 afterward.

715 1193 249 43 Afterward
1007 1194 106 42 shall
1155 1206 120 30 come

227 1258 96 40 The
344 1257 131 42 Time
497 1257 189 42 Neither
722 1257 72 42 the
821 1258 82 51 day
930 1256 119 53 "that
1076 1258 69 51 the
1171 1257 108 54 light

232 1319 129 42 Clear
407 1321 97 41 Nor
551 1320 137 42 Dark,
722 1320 110 43 shall
864 1327 75 36 not
973 1321 50 42 be
1057 1320 111 43 clear
1199 1333 79 30 nor

719 1382 146 42 dark"
925 1382 105 42 This
1063 1381 213 52 evidently

225 1444 130 41 refers
375 1450 45 36 to
438 1445 90 43 that
546 1445 99 43 time
665 1445 42 43 in
725 1445 72 43 the
816 1444 215 44 Christian
1050 1457 72 31 era
1138 1443 137 49 when,

224 1506 68 41 for
325 1521 24 26 a
380 1508 104 51 long
515 1507 159 52 period,
708 1506 71 53 the
810 1507 147 52 gospel
990 1520 88 39 was
1111 1506 164 53 greatly

224 1569 205 41 obscured
457 1569 55 52 by
539 1569 243 53 ignorance,
809 1568 165 54 heresy,
1003 1568 274 54 superstition

222 1631 82 41 and
328 1631 194 53 idolatry.
577 1632 85 52 But
687 1645 107 39 even
817 1633 42 51 in
882 1631 122 53 those
1027 1631 107 53 dark
1158 1630 117 54 days,

222 1693 115 41 there
363 1707 87 28 was
475 1708 118 27 some
615 1693 187 42 holiness
827 1693 77 42 left
926 1693 43 42 in
994 1692 72 43 the
1090 1690 184 45 Church.

275 1755 104 41 This
409 1756 149 52 period
586 1755 125 53 could
739 1763 76 45 not
842 1755 53 53 be
919 1754 133 54 called
1081 1767 25 41 a
1131 1753 145 55 bright

223 1818 93 51 day,
345 1817 166 52 neither
538 1818 126 51 could
694 1818 31 51 it
754 1818 53 51 be
834 1816 131 53 called
994 1829 25 40 a
1048 1815 106 54 dark
1182 1814 93 55 day.

275 1879 39 41 It
335 1880 224 41 contained
581 1894 24 27 a
625 1880 189 41 mixture
831 1878 49 43 of
902 1877 116 44 truth
1039 1877 83 44 and
1146 1888 129 35 error,

221 1941 48 41 of
285 1942 184 41 holiness
489 1942 83 41 and
593 1942 78 48 sin,
693 1940 49 50 of
758 1941 227 51 happiness
1006 1939 83 53 and
1106 1938 170 54 misery.

276 2004 183 52 History
484 2004 170 52 records
680 2003 74 53 the
777 2002 88 54 fact
888 2001 92 55 that
1004 2006 43 50 at
1071 2013 83 43 one
1174 1999 103 57 time

221 2080 24 27 a
262 2066 173 53 bigoted
460 2066 84 53 and
568 2063 180 56 worldly
773 2062 173 57 Church
966 2063 101 56 kept
1089 2061 71 58 the
1184 2065 95 54 true

220 2128 109 52 light
354 2128 114 52 from
493 2126 72 54 the
587 2125 164 55 people.

275 2188 124 44 With
422 2190 55 42 its
500 2186 272 51 multiplicity
794 2184 47 53 of
864 2185 101 52 rites
988 2183 83 54 and
1095 2192 184 45 ceremo-
