1500 2500
222 281 51 46 38
306 291 100 36 LIFE
437 287 96 40 AND
566 282 273 45 PROPHECIES
870 281 55 46 OF
957 273 280 54 ZECHARIAH.

223 399 85 50 risy
335 397 82 52 and
443 394 272 55 wickedness,
743 388 83 61 and
853 387 110 62 they,
989 385 43 64 in
1059 390 110 59 turn,
1196 381 69 68 ab¬

223 461 153 39 horred
404 457 82 43 His
510 456 102 52 holy
638 453 216 55 character
879 450 83 58 and
989 445 198 63 doctrine.

280 521 119 49 They
435 531 110 39 were
582 513 232 57 ultimately
852 509 222 61 destroyed
1109 508 53 62 by
1196 506 71 64 the

227 584 199 39 Romans.

283 645 38 38 It
352 644 33 39 is
416 642 97 50 only
542 652 220 40 necessary
792 644 45 48 to
866 635 98 57 read
995 632 198 60 carefully
1223 637 44 55 to

225 708 71 37 the
325 706 80 39 end
434 703 45 42 of
507 702 81 43 this
620 701 189 44 eleventh
837 698 169 50 chapter
1034 702 41 46 to
1103 708 68 40 see
1196 693 70 55 the

225 766 154 40 fearful
413 763 254 43 destruction
699 760 136 46 which
867 760 30 46 it
929 757 197 49 foretells.
1184 755 83 51 We

230 824 107 40 have
368 822 97 50 only
497 827 44 45 to
573 819 98 53 read
702 818 162 54 history
895 821 45 51 to
971 828 66 44 see
1069 812 199 60 complete

230 884 272 41 verification!.

286 948 95 42 One
402 945 140 45 writer
564 957 114 33 sums
701 955 55 37 up
777 941 70 51 the
867 939 136 53 whole
1023 938 54 54 by
1100 936 168 56 saying:

234 1008 118 39 "The
389 1006 204 52 principal
632 1004 227 54 calamities
899 1001 48 57 of
984 1001 72 57 the
1093 1011 95 47 race
1225 996 46 62 of

233 1070 131 50 Jacob
398 1069 136 51 began
571 1066 121 54 when
727 1065 99 55 they
863 1063 168 57 divided
1066 1061 89 59 into
1185 1065 86 55 two

233 1131 246 51 kingdoms:
517 1143 53 39 on
604 1128 108 54 their
749 1133 142 49 return
927 1125 111 57 from
1072 1121 199 61 captivity

232 1195 98 49 they
359 1195 52 49 all
440 1192 164 52 formed
629 1203 80 41 one
736 1188 166 56 people;
928 1187 74 57 but
1030 1185 109 59 after
1164 1183 107 61 their

236 1254 199 51 rejection
472 1253 47 52 of
559 1252 153 53 Christ,
752 1249 177 56 internal
967 1246 200 59 discords,
1205 1245 66 60 far

235 1330 116 26 more
385 1317 122 39 fierce
540 1315 82 41 and
657 1326 115 30 more
806 1311 183 51 speedily
1023 1306 249 56 destructive

235 1379 101 39 than
371 1378 70 40 the
476 1390 108 28 wars
619 1376 186 42 between
840 1372 137 53 Judah
1012 1372 82 53 and
1130 1368 140 57 Israel,

238 1440 201 40 hastened
476 1438 70 42 the
580 1437 103 43 fatal
721 1434 262 50 catastrophe
1018 1432 46 52 of
1098 1432 70 52 the
1201 1443 72 41 na¬

236 1501 127 40 tion."

291 1563 90 39 The
407 1561 183 41 "bands''
616 1573 109 29 were
748 1558 157 44 broken
930 1557 82 45 and
1035 1555 130 47 Israel
1189 1566 84 36 was

236 1625 120 40 made
375 1624 71 41 the
467 1623 142 42 victim
630 1622 45 43 of
698 1622 143 46 rulers,
863 1621 149 50 priests
1033 1618 81 53 and
1135 1616 138 55 others

238 1686 96 41 who
348 1685 241 51 oppressed,
610 1683 195 53 deceived
823 1681 81 55 and
923 1680 211 56 devoured
1149 1678 125 58 them.

289 1748 40 39 A
348 1747 224 51 judgment
590 1759 86 39 was
693 1745 271 53 pronounced
982 1741 162 57 against
1162 1741 113 57 these

240 1810 77 38 evil
343 1808 241 50 shepherds,
609 1808 72 50 but
706 1806 31 52 it
760 1806 40 52 in
825 1819 55 39 no
903 1818 92 40 way
1018 1803 169 55 averted
1208 1801 70 57 the

237 1883 120 26 curse
379 1882 112 37 upon
515 1868 71 51 the
607 1869 155 50 nation.
800 1869 61 50 As
883 1867 72 52 the
976 1865 175 54 prophet
1175 1862 101 57 said,

240 1944 46 26 so
308 1931 31 39 it
358 1930 233 50 happened.

293 1992 49 39 In
363 1991 171 50 chapter
553 1990 74 51 xii,
648 1990 70 51 the
738 1989 154 52 direful
913 1989 215 52 character
1146 1988 47 53 of
1211 1987 69 54 the

239 2052 242 52 prophecies
515 2053 34 51 is
582 2051 170 53 slightly
785 2052 202 52 changed.
1048 2050 232 54 Jerusalem

239 2115 33 39 is
290 2114 82 40 still
391 2113 68 41 the
477 2112 176 51 subject,
673 2113 76 50 but
764 2112 76 51 her
858 2113 213 50 condition
1088 2113 35 50 is
1142 2117 138 47 great¬

239 2177 40 50 ly
304 2173 228 54 improved.
587 2174 85 53 She
693 2173 34 54 is
751 2186 95 41 now
868 2180 45 47 to
935 2174 172 53 become
1129 2174 53 53 "a
1203 2181 77 46 cup
