1515 2509
236 281 49 36 28
327 291 100 29 LIFE
457 291 96 29 AND
586 287 273 33 PROPHECIES
891 286 56 34 OF
978 282 283 38 ZECHARIAH.

235 411 135 36 name,
393 399 111 48 saith
528 399 67 48 the
618 396 142 51 Lord"
794 394 176 53 (Verse?
1001 405 62 42 10,
1091 404 62 43 II,
1182 390 104 57 12.).

292 464 81 40 We
405 476 69 28 see
504 464 43 40 in
578 461 118 43 these
725 461 141 43 words
896 473 25 31 a
953 459 170 45 distinct
1155 458 129 46 refer¬

237 537 98 26 ence
358 531 44 34 to
424 524 71 41 the
519 523 250 42 restoration
793 522 46 43 of
865 521 166 44 Israel's
1056 520 122 53 glory
1201 520 82 53 and

237 585 70 40 the
336 586 257 40 destruction
623 584 46 42 of
696 589 88 37 two
808 583 49 43 of
885 582 73 44 the
985 587 184 48 greatest
1199 597 83 38 em¬

234 646 111 50 pires
367 646 70 50 the
457 645 133 51 world
611 646 74 50 has
707 658 98 38 ever
824 658 110 38 seen.
983 645 86 51 But
1088 644 54 53 by
1164 645 117 52 read¬

237 707 73 51 ing
337 707 71 51 the
434 707 91 51 first
552 720 141 38 verses
721 705 46 53 of
795 706 71 52 the
890 705 187 54 chapter,
1104 721 65 38 we
1195 706 86 53 find

234 768 91 38 that
348 768 116 40 these
486 773 120 46 great
627 768 207 51 blessings
858 781 72 38 are
949 768 215 52 promised
1185 782 96 38 con¬

732 829 229 53 ditionally.
1016 831 131 51 Israel
1169 837 112 45 must

235 890 98 40 The
359 890 266 43 Conditions
735 893 97 40 seek
856 892 108 41 after
990 892 94 42 God
1107 893 82 41 and
1212 899 72 36 not

237 945 222 53 Imposed.
734 953 110 45 after
906 954 122 44 idols.
1109 955 81 49 He,
1240 955 42 49 in

731 1015 121 40 times
882 1022 106 46 past,
1017 1016 85 52 had
1130 1017 150 51 visited

237 1075 270 51 punishment
531 1089 112 39 upon
669 1077 113 51 them
805 1078 177 50 because
1002 1079 50 49 of
1074 1079 77 49 sin.
1189 1079 91 49 The

237 1144 120 42 great
390 1135 214 54 Captivity
635 1138 113 51 from
777 1139 138 50 which
946 1140 98 52 they
1074 1155 112 37 were
1215 1155 62 37 re¬

238 1198 175 52 turning
446 1212 88 38 was
568 1212 80 38 one
681 1200 103 50 such
817 1201 226 50 visitation,
1078 1204 84 47 and
1195 1204 82 47 this

239 1272 101 38 very
373 1265 144 45 return
549 1275 87 35 was
669 1262 197 48 evidence
895 1264 48 46 of
971 1264 73 46 the
1074 1264 87 46 fact
1189 1265 89 45 that

239 1319 94 44 God
355 1323 140 40 would
518 1336 100 29 save
640 1325 82 40 and
746 1331 159 35 restore
926 1326 125 41 them.
1076 1326 84 42 But
1183 1328 95 52 they

238 1388 112 34 must
372 1384 96 40 seek
491 1384 109 41 after
624 1386 118 41 Him.

291 1465 92 42 The
417 1466 182 53 idolatry
633 1468 48 51 of
712 1468 73 51 the
817 1469 209 50 countries
1060 1470 44 49 in
1138 1470 136 49 which

237 1526 98 52 they
370 1528 82 50 had
486 1528 103 50 been
623 1530 134 53 living
790 1537 113 46 must
936 1532 43 51 in
1011 1546 58 37 no
1101 1547 93 37 way
1226 1533 50 51 be

235 1587 246 44 introduced
512 1590 90 41 into
630 1591 71 40 the
730 1592 117 52 Holy
877 1594 121 50 Land
1027 1595 56 51 by
1111 1595 71 51 the
1212 1608 62 38 re¬

234 1650 175 52 turning
433 1651 125 53 Jews.

290 1742 39 39 It
363 1756 85 27 was
483 1758 23 26 a
540 1746 74 39 sad
648 1748 115 40 truth
798 1747 89 41 that
918 1761 127 40 many
1078 1749 47 52 of
1155 1753 119 48 those

231 1804 97 40 who
347 1804 83 41 had
453 1807 211 40 remained
686 1814 42 34 at
747 1808 124 41 home
891 1810 158 53 during
1067 1810 69 53 the
1156 1818 118 46 great

231 1866 230 50 scattering
489 1866 83 50 had
601 1868 144 50 joined
774 1870 102 48 with
907 1873 71 45 the
1006 1873 196 45 invaders
1231 1873 42 45 in

227 1936 126 38 many
372 1925 155 52 things.
579 1926 127 51 Some
724 1943 110 34 were
851 1932 169 53 mixing
1038 1934 102 51 with
1159 1936 113 49 them

226 1984 40 38 in
288 1984 71 39 the
377 1991 153 34 matter
548 1988 48 39 of
614 1990 121 39 trade
752 1992 83 39 and
852 2005 258 40 commerce;
1130 1998 140 47 others

224 2044 82 42 had
354 2045 124 41 taken
526 2054 104 34 unto
676 2049 252 44 themselves
977 2056 129 41 wives
1158 2059 111 42 from

225 2117 156 40 among
412 2106 71 51 the
515 2107 193 50 heathen,
743 2112 83 45 and
862 2113 81 44 still
992 2118 143 42 others
1185 2121 84 41 had

219 2165 141 53 boldly
385 2166 196 52 forsaken
605 2169 71 49 the
701 2170 176 53 religion
900 2176 51 47 of
969 2176 113 47 their
1105 2180 160 44 fathers
