<?xml version="1.0" encoding="utf-8"?>
<alto xmlns:xlink="http://www.w3.org/1999/xlink" xmlns:xsi="http://www.w3.org/2001/XMLSchema-instance" xsi:schemaLocation="http://www.loc.gov/standards/alto/ns-v2# http://www.loc.gov/standards/alto/alto-v2.0.xsd" xmlns="http://www.loc.gov/standards/alto/ns-v2#">
  <Description>
    <MeasurementUnit>pixel</MeasurementUnit>
    <sourceImageInformation>
      <fileName>0000010.tif</fileName>
    </sourceImageInformation>
    <OCRProcessing ID="Processing">
      <ocrProcessingStep>
        <processingStepSettings>Image Resolution:400</processingStepSettings>
        <processingSoftware>
          <softwareCreator>I2S Kirtas</softwareCreator>
          <softwareName>Limb</softwareName>
          <softwareVersion>1.0</softwareVersion>
          <applicationDescription>Abbyy10 OCR Engine</applicationDescription>
        </processingSoftware>
      </ocrProcessingStep>
    </OCRProcessing>
  </Description>
  <Styles>
    <TextStyle ID="StyleId-0" FONTSIZE="7" FONTFAMILY="Times New Roman" />
    <TextStyle ID="StyleId-1" FONTSIZE="10" FONTFAMILY="Times New Roman" />
  </Styles>
  <Layout>
    <Page ID="P10" PHYSICAL_IMG_NR="10" HEIGHT="2500" WIDTH="1500" ACCURACY="0.7387776" QUALITY_DETAIL="175 words, 809 chars, 587 with recognition greater than 50% (72.56%)">
      <TopMargin ID="P10_TM00001" HPOS="0" VPOS="0" WIDTH="1500" HEIGHT="278" />
      <LeftMargin ID="P10_LM00001" HPOS="0" VPOS="278" WIDTH="208" HEIGHT="1945" />
      <RightMargin ID="P10_RM00001" HPOS="1298" VPOS="278" WIDTH="202" HEIGHT="1945" />
      <BottomMargin ID="P10_BM00001" HPOS="0" VPOS="2223" WIDTH="1500" HEIGHT="277" />
      <PrintSpace ID="P10_PS00001" HPOS="208" VPOS="278" WIDTH="1090" HEIGHT="1945">
        <TextBlock ID="P10_TB00001" HPOS="215" VPOS="278" WIDTH="1033" HEIGHT="53">
          <TextLine ID="P10_TL00001" HPOS="223" VPOS="286" WIDTH="1017" HEIGHT="38">
            <String ID="P10_S00001" HPOS="223" VPOS="286" WIDTH="22" HEIGHT="37" STYLEREFS="StyleId-0" CONTENT="6" WC="0.27" CC="7" />
            <SP ID="P10_SP00001" WIDTH="0" HPOS="0" VPOS="0" />
            <String ID="P10_S00002" HPOS="304" VPOS="300" WIDTH="100" HEIGHT="28" STYLEREFS="StyleId-0" CONTENT="LIFE" WC="0.93" CC="0020" />
            <SP ID="P10_SP00002" WIDTH="0" HPOS="0" VPOS="0" />
            <String ID="P10_S00003" HPOS="435" VPOS="299" WIDTH="95" HEIGHT="29" STYLEREFS="StyleId-0" CONTENT="AND" WC="0.7633333" CC="330" />
            <SP ID="P10_SP00003" WIDTH="0" HPOS="0" VPOS="0" />
            <String ID="P10_S00004" HPOS="563" VPOS="296" WIDTH="274" HEIGHT="32" STYLEREFS="StyleId-0" CONTENT="PROPHECIES" WC="0.792" CC="7007500000" />
            <SP ID="P10_SP00004" WIDTH="0" HPOS="0" VPOS="0" />
            <String ID="P10_S00005" HPOS="869" VPOS="296" WIDTH="55" HEIGHT="32" STYLEREFS="StyleId-0" CONTENT="OF" WC="0.485" CC="63" />
            <SP ID="P10_SP00005" WIDTH="0" HPOS="0" VPOS="0" />
            <String ID="P10_S00006" HPOS="956" VPOS="285" WIDTH="284" HEIGHT="43" STYLEREFS="StyleId-0" CONTENT="ZECHARIAH." WC="0.797" CC="0006100370" />
          </TextLine>
        </TextBlock>
        <TextBlock ID="P10_TB00002" HPOS="208" VPOS="391" WIDTH="1090" HEIGHT="1832">
          <TextLine ID="P10_TL00002" HPOS="224" VPOS="399" WIDTH="1053" HEIGHT="54">
            <String ID="P10_S00007" HPOS="225" VPOS="407" WIDTH="151" HEIGHT="52" STYLEREFS="StyleId-1" CONTENT="special" WC="0.681428552" CC="01000506" />
            <SP ID="P10_SP00006" WIDTH="0" HPOS="0" VPOS="0" />
            <String ID="P10_S00008" HPOS="404" VPOS="406" WIDTH="118" HEIGHT="53" STYLEREFS="StyleId-1" CONTENT="work" WC="0.7275" CC="2350" />
            <SP ID="P10_SP00007" WIDTH="0" HPOS="0" VPOS="0" />
            <String ID="P10_S00009" HPOS="550" VPOS="403" WIDTH="137" HEIGHT="56" STYLEREFS="StyleId-1" CONTENT="which" WC="0.736" CC="01406" />
            <SP ID="P10_SP00008" WIDTH="0" HPOS="0" VPOS="0" />
            <String ID="P10_S00010" HPOS="716" VPOS="400" WIDTH="303" HEIGHT="59" STYLEREFS="StyleId-1" CONTENT="distinguishes" WC="0.7476923" CC="2705027700000" />
            <SP ID="P10_SP00009" WIDTH="0" HPOS="0" VPOS="0" />
            <String ID="P10_S00011" HPOS="1046" VPOS="397" WIDTH="89" HEIGHT="62" STYLEREFS="StyleId-1" CONTENT="him" WC="0.423333347" CC="772" />
            <SP ID="P10_SP00010" WIDTH="0" HPOS="0" VPOS="0" />
            <String ID="P10_S00012" HPOS="1163" VPOS="393" WIDTH="114" HEIGHT="66" STYLEREFS="StyleId-1" CONTENT="from" WC="0.575" CC="1077" />
          </TextLine>
          <TextLine ID="P10_TL00003" HPOS="224" VPOS="468" WIDTH="532" HEIGHT="38">
            <String ID="P10_S00013" HPOS="224" VPOS="470" WIDTH="70" HEIGHT="39" STYLEREFS="StyleId-1" CONTENT="the" WC="0.64" CC="460" />
            <SP ID="P10_SP00011" WIDTH="0" HPOS="0" VPOS="0" />
            <String ID="P10_S00014" HPOS="314" VPOS="469" WIDTH="142" HEIGHT="40" STYLEREFS="StyleId-1" CONTENT="others" WC="0.695" CC="747000" />
            <SP ID="P10_SP00012" WIDTH="0" HPOS="0" VPOS="0" />
            <String ID="P10_S00015" HPOS="481" VPOS="467" WIDTH="45" HEIGHT="42" STYLEREFS="StyleId-1" CONTENT="of" WC="0.64" CC="70" />
            <SP ID="P10_SP00013" WIDTH="0" HPOS="0" VPOS="0" />
            <String ID="P10_S00016" HPOS="545" VPOS="467" WIDTH="67" HEIGHT="42" STYLEREFS="StyleId-1" CONTENT="his" WC="0.553333342" CC="750" />
            <SP ID="P10_SP00014" WIDTH="0" HPOS="0" VPOS="0" />
            <String ID="P10_S00017" HPOS="636" VPOS="465" WIDTH="120" HEIGHT="44" STYLEREFS="StyleId-1" CONTENT="class." WC="0.935" CC="000003" />
          </TextLine>
          <TextLine ID="P10_TL00004" HPOS="692" VPOS="537" WIDTH="588" HEIGHT="55">
            <String ID="P10_S00018" HPOS="692" VPOS="545" WIDTH="93" HEIGHT="40" STYLEREFS="StyleId-1" CONTENT="The" WC="0.9433333" CC="010" />
            <SP ID="P10_SP00015" WIDTH="0" HPOS="0" VPOS="0" />
            <String ID="P10_S00019" HPOS="810" VPOS="542" WIDTH="202" HEIGHT="53" STYLEREFS="StyleId-1" CONTENT="prophets" WC="0.5875" CC="441066000" />
            <SP ID="P10_SP00016" WIDTH="0" HPOS="0" VPOS="0" />
            <String ID="P10_S00020" HPOS="1042" VPOS="551" WIDTH="72" HEIGHT="44" STYLEREFS="StyleId-1" CONTENT="are" WC="0.936666667" CC="010" />
            <SP ID="P10_SP00017" WIDTH="0" HPOS="0" VPOS="0" />
            <String ID="P10_S00021" HPOS="1142" VPOS="534" WIDTH="137" HEIGHT="61" STYLEREFS="StyleId-1" CONTENT="divid-" WC="0.9433333" CC="000003" />
          </TextLine>
          <TextLine ID="P10_TL00005" HPOS="226" VPOS="603" WIDTH="1055" HEIGHT="48">
            <String ID="P10_S00022" HPOS="226" VPOS="616" WIDTH="96" HEIGHT="39" STYLEREFS="StyleId-1" CONTENT="The" WC="1" CC="000" />
            <SP ID="P10_SP00018" WIDTH="0" HPOS="0" VPOS="0" />
            <String ID="P10_S00023" HPOS="353" VPOS="617" WIDTH="112" HEIGHT="38" STYLEREFS="StyleId-1" CONTENT="Two" WC="0.9033333" CC="020" />
            <SP ID="P10_SP00019" WIDTH="0" HPOS="0" VPOS="0" />
            <String ID="P10_S00024" HPOS="692" VPOS="607" WIDTH="50" HEIGHT="48" STYLEREFS="StyleId-1" CONTENT="ed" WC="0.685" CC="60" />
            <SP ID="P10_SP00020" WIDTH="0" HPOS="0" VPOS="0" />
            <String ID="P10_S00025" HPOS="760" VPOS="606" WIDTH="86" HEIGHT="49" STYLEREFS="StyleId-1" CONTENT="into" WC="0.7175" CC="5006" />
            <SP ID="P10_SP00021" WIDTH="0" HPOS="0" VPOS="0" />
            <String ID="P10_S00026" HPOS="863" VPOS="610" WIDTH="85" HEIGHT="45" STYLEREFS="StyleId-1" CONTENT="two" WC="0.803333342" CC="005" />
            <SP ID="P10_SP00022" WIDTH="0" HPOS="0" VPOS="0" />
            <String ID="P10_S00027" HPOS="965" VPOS="601" WIDTH="172" HEIGHT="54" STYLEREFS="StyleId-1" CONTENT="general" WC="0.70714283" CC="7000444" />
            <SP ID="P10_SP00023" WIDTH="0" HPOS="0" VPOS="0" />
            <String ID="P10_S00028" HPOS="1153" VPOS="597" WIDTH="128" HEIGHT="58" STYLEREFS="StyleId-1" CONTENT="class-" WC="0.9216667" CC="040000" />
          </TextLine>
          <TextLine ID="P10_TL00006" HPOS="226" VPOS="665" WIDTH="1054" HEIGHT="44">
            <String ID="P10_S00029" HPOS="226" VPOS="675" WIDTH="177" HEIGHT="40" STYLEREFS="StyleId-1" CONTENT="Classes" WC="0.938571453" CC="0000030" />
            <SP ID="P10_SP00024" WIDTH="0" HPOS="0" VPOS="0" />
            <String ID="P10_S00030" HPOS="425" VPOS="674" WIDTH="47" HEIGHT="41" STYLEREFS="StyleId-1" CONTENT="of" WC="0.65" CC="15" />
            <SP ID="P10_SP00025" WIDTH="0" HPOS="0" VPOS="0" />
            <String ID="P10_S00031" HPOS="694" VPOS="680" WIDTH="42" HEIGHT="35" STYLEREFS="StyleId-1" CONTENT="es" WC="0.665" CC="60" />
            <SP ID="P10_SP00026" WIDTH="0" HPOS="0" VPOS="0" />
            <String ID="P10_S00032" HPOS="786" VPOS="664" WIDTH="134" HEIGHT="51" STYLEREFS="StyleId-1" CONTENT="called" WC="0.686666667" CC="054207" />
            <SP ID="P10_SP00027" WIDTH="0" HPOS="0" VPOS="0" />
            <String ID="P10_S00033" HPOS="970" VPOS="663" WIDTH="177" HEIGHT="52" STYLEREFS="StyleId-1" CONTENT="Greater" WC="0.774285734" CC="2201260" />
            <SP ID="P10_SP00028" WIDTH="0" HPOS="0" VPOS="0" />
            <String ID="P10_S00034" HPOS="1196" VPOS="658" WIDTH="84" HEIGHT="57" STYLEREFS="StyleId-1" CONTENT="and" WC="0.7266667" CC="080" />
          </TextLine>
          <TextLine ID="P10_TL00007" HPOS="221" VPOS="727" WIDTH="1059" HEIGHT="52">
            <String ID="P10_S00035" HPOS="221" VPOS="734" WIDTH="236" HEIGHT="51" STYLEREFS="StyleId-1" CONTENT="Prophets." WC="0.6077778" CC="552540506" />
            <SP ID="P10_SP00029" WIDTH="0" HPOS="0" VPOS="0" />
            <String ID="P10_S00036" HPOS="694" VPOS="728" WIDTH="165" HEIGHT="57" STYLEREFS="StyleId-1" CONTENT="Lesser," WC="0.83" CC="2100017" />
            <SP ID="P10_SP00030" WIDTH="0" HPOS="0" VPOS="0" />
            <String ID="P10_S00037" HPOS="906" VPOS="738" WIDTH="49" HEIGHT="47" STYLEREFS="StyleId-1" CONTENT="or" WC="0.915" CC="10" />
            <SP ID="P10_SP00031" WIDTH="0" HPOS="0" VPOS="0" />
            <String ID="P10_S00038" HPOS="1001" VPOS="723" WIDTH="151" HEIGHT="62" STYLEREFS="StyleId-1" CONTENT="Major" WC="0.518" CC="010382" />
            <SP ID="P10_SP00032" WIDTH="0" HPOS="0" VPOS="0" />
            <String ID="P10_S00039" HPOS="1195" VPOS="720" WIDTH="85" HEIGHT="65" STYLEREFS="StyleId-1" CONTENT="and" WC="0.416666657" CC="088" />
          </TextLine>
          <TextLine ID="P10_TL00008" HPOS="687" VPOS="790" WIDTH="159" HEIGHT="38">
            <String ID="P10_S00040" HPOS="687" VPOS="790" WIDTH="159" HEIGHT="39" STYLEREFS="StyleId-1" CONTENT="Minor." WC="0.7816667" CC="0310000" />
          </TextLine>
          <TextLine ID="P10_TL00009" HPOS="281" VPOS="851" WIDTH="997" HEIGHT="47">
            <String ID="P10_S00041" HPOS="281" VPOS="852" WIDTH="229" HEIGHT="41" STYLEREFS="StyleId-1" CONTENT="Zechariah" WC="0.8011111" CC="000074330" />
            <SP ID="P10_SP00033" WIDTH="0" HPOS="0" VPOS="0" />
            <String ID="P10_S00042" HPOS="551" VPOS="852" WIDTH="33" HEIGHT="41" STYLEREFS="StyleId-1" CONTENT="is" WC="0.735" CC="50" />
            <SP ID="P10_SP00034" WIDTH="0" HPOS="0" VPOS="0" />
            <String ID="P10_S00043" HPOS="625" VPOS="852" WIDTH="160" HEIGHT="41" STYLEREFS="StyleId-1" CONTENT="classed" WC="0.7785714" CC="0490010" />
            <SP ID="P10_SP00035" WIDTH="0" HPOS="0" VPOS="0" />
            <String ID="P10_S00044" HPOS="825" VPOS="862" WIDTH="158" HEIGHT="38" STYLEREFS="StyleId-1" CONTENT="among" WC="0.8" CC="000010" />
            <SP ID="P10_SP00036" WIDTH="0" HPOS="0" VPOS="0" />
            <String ID="P10_S00045" HPOS="1020" VPOS="848" WIDTH="71" HEIGHT="52" STYLEREFS="StyleId-1" CONTENT="the" WC="0.853333354" CC="400" />
            <SP ID="P10_SP00037" WIDTH="0" HPOS="0" VPOS="0" />
            <String ID="P10_S00046" HPOS="1132" VPOS="846" WIDTH="146" HEIGHT="54" STYLEREFS="StyleId-1" CONTENT="Minor" WC="0.778" CC="02044" />
          </TextLine>
          <TextLine ID="P10_TL00010" HPOS="226" VPOS="915" WIDTH="220" HEIGHT="49">
            <String ID="P10_S00047" HPOS="226" VPOS="915" WIDTH="220" HEIGHT="50" STYLEREFS="StyleId-1" CONTENT="Prophets." WC="0.7588889" CC="760070001" />
          </TextLine>
          <TextLine ID="P10_TL00011" HPOS="280" VPOS="974" WIDTH="996" HEIGHT="45">
            <String ID="P10_S00048" HPOS="280" VPOS="977" WIDTH="49" HEIGHT="38" STYLEREFS="StyleId-1" CONTENT="In" WC="0.795" CC="40" />
            <SP ID="P10_SP00038" WIDTH="0" HPOS="0" VPOS="0" />
            <String ID="P10_S00049" HPOS="355" VPOS="976" WIDTH="71" HEIGHT="39" STYLEREFS="StyleId-1" CONTENT="the" WC="1" CC="000" />
            <SP ID="P10_SP00039" WIDTH="0" HPOS="0" VPOS="0" />
            <String ID="P10_S00050" HPOS="452" VPOS="976" WIDTH="111" HEIGHT="39" STYLEREFS="StyleId-1" CONTENT="book" WC="0.875" CC="5000" />
            <SP ID="P10_SP00040" WIDTH="0" HPOS="0" VPOS="0" />
            <String ID="P10_S00051" HPOS="590" VPOS="975" WIDTH="139" HEIGHT="40" STYLEREFS="StyleId-1" CONTENT="which" WC="1" CC="00000" />
            <SP ID="P10_SP00041" WIDTH="0" HPOS="0" VPOS="0" />
            <String ID="P10_S00052" HPOS="757" VPOS="974" WIDTH="121" HEIGHT="41" STYLEREFS="StyleId-1" CONTENT="bears" WC="0.8" CC="06030" />
            <SP ID="P10_SP00042" WIDTH="0" HPOS="0" VPOS="0" />
            <String ID="P10_S00053" HPOS="905" VPOS="973" WIDTH="65" HEIGHT="42" STYLEREFS="StyleId-1" CONTENT="his" WC="0.6933333" CC="710" />
            <SP ID="P10_SP00043" WIDTH="0" HPOS="0" VPOS="0" />
            <String ID="P10_S00054" HPOS="998" VPOS="985" WIDTH="137" HEIGHT="35" STYLEREFS="StyleId-1" CONTENT="name," WC="0.712" CC="00067" />
            <SP ID="P10_SP00044" WIDTH="0" HPOS="0" VPOS="0" />
            <String ID="P10_S00055" HPOS="1163" VPOS="971" WIDTH="53" HEIGHT="49" STYLEREFS="StyleId-1" CONTENT="he" WC="0.77" CC="40" />
            <SP ID="P10_SP00045" WIDTH="0" HPOS="0" VPOS="0" />
            <String ID="P10_S00056" HPOS="1242" VPOS="969" WIDTH="34" HEIGHT="51" STYLEREFS="StyleId-1" CONTENT="is" WC="0.48" CC="27" />
          </TextLine>
          <TextLine ID="P10_TL00012" HPOS="225" VPOS="1037" WIDTH="1050" HEIGHT="43">
            <String ID="P10_S00057" HPOS="225" VPOS="1039" WIDTH="145" HEIGHT="46" STYLEREFS="StyleId-1" CONTENT="called," WC="0.63" CC="0860073" />
            <SP ID="P10_SP00046" WIDTH="0" HPOS="0" VPOS="0" />
            <String ID="P10_S00058" HPOS="410" VPOS="1037" WIDTH="271" HEIGHT="48" STYLEREFS="StyleId-1" CONTENT="&quot;Zechariah," WC="0.7227273" CC="500010010904" />
            <SP ID="P10_SP00047" WIDTH="0" HPOS="0" VPOS="0" />
            <String ID="P10_S00059" HPOS="718" VPOS="1036" WIDTH="72" HEIGHT="49" STYLEREFS="StyleId-1" CONTENT="the" WC="0.7633333" CC="070" />
            <SP ID="P10_SP00048" WIDTH="0" HPOS="0" VPOS="0" />
            <String ID="P10_S00060" HPOS="829" VPOS="1048" WIDTH="77" HEIGHT="37" STYLEREFS="StyleId-1" CONTENT="son" WC="0.73" CC="008" />
            <SP ID="P10_SP00049" WIDTH="0" HPOS="0" VPOS="0" />
            <String ID="P10_S00061" HPOS="943" VPOS="1034" WIDTH="47" HEIGHT="51" STYLEREFS="StyleId-1" CONTENT="of" WC="0.94" CC="01" />
            <SP ID="P10_SP00050" WIDTH="0" HPOS="0" VPOS="0" />
            <String ID="P10_S00062" HPOS="1029" VPOS="1031" WIDTH="246" HEIGHT="54" STYLEREFS="StyleId-1" CONTENT="Berechiah," WC="0.646" CC="3040073564" />
          </TextLine>
          <TextLine ID="P10_TL00013" HPOS="224" VPOS="1099" WIDTH="1052" HEIGHT="36">
            <String ID="P10_S00063" HPOS="224" VPOS="1099" WIDTH="69" HEIGHT="40" STYLEREFS="StyleId-1" CONTENT="the" WC="0.723333359" CC="800" />
            <SP ID="P10_SP00051" WIDTH="0" HPOS="0" VPOS="0" />
            <String ID="P10_S00064" HPOS="319" VPOS="1113" WIDTH="75" HEIGHT="26" STYLEREFS="StyleId-1" CONTENT="son" WC="0.84" CC="040" />
            <SP ID="P10_SP00052" WIDTH="0" HPOS="0" VPOS="0" />
            <String ID="P10_S00065" HPOS="420" VPOS="1099" WIDTH="47" HEIGHT="41" STYLEREFS="StyleId-1" CONTENT="of" WC="1" CC="00" />
            <SP ID="P10_SP00053" WIDTH="0" HPOS="0" VPOS="0" />
            <String ID="P10_S00066" HPOS="493" VPOS="1099" WIDTH="147" HEIGHT="41" STYLEREFS="StyleId-1" CONTENT="Iddo.&quot;" WC="0.595" CC="540607" />
            <SP ID="P10_SP00054" WIDTH="0" HPOS="0" VPOS="0" />
            <String ID="P10_S00067" HPOS="695" VPOS="1098" WIDTH="50" HEIGHT="42" STYLEREFS="StyleId-1" CONTENT="In" WC="0.5" CC="09" />
            <SP ID="P10_SP00055" WIDTH="0" HPOS="0" VPOS="0" />
            <String ID="P10_S00068" HPOS="772" VPOS="1098" WIDTH="70" HEIGHT="42" STYLEREFS="StyleId-1" CONTENT="the" WC="0.50666666" CC="770" />
            <SP ID="P10_SP00056" WIDTH="0" HPOS="0" VPOS="0" />
            <String ID="P10_S00069" HPOS="867" VPOS="1097" WIDTH="122" HEIGHT="43" STYLEREFS="StyleId-1" CONTENT="Book" WC="0.4625" CC="5870" />
            <SP ID="P10_SP00057" WIDTH="0" HPOS="0" VPOS="0" />
            <String ID="P10_S00070" HPOS="1012" VPOS="1096" WIDTH="49" HEIGHT="44" STYLEREFS="StyleId-1" CONTENT="of" WC="0.32" CC="66" />
            <SP ID="P10_SP00058" WIDTH="0" HPOS="0" VPOS="0" />
            <String ID="P10_S00071" HPOS="1087" VPOS="1095" WIDTH="112" HEIGHT="45" STYLEREFS="StyleId-1" CONTENT="Ezra" WC="0.905" CC="0003" />
            <SP ID="P10_SP00059" WIDTH="0" HPOS="0" VPOS="0" />
            <String ID="P10_S00072" HPOS="1225" VPOS="1094" WIDTH="51" HEIGHT="46" STYLEREFS="StyleId-1" CONTENT="he" WC="0.72" CC="50" />
          </TextLine>
          <TextLine ID="P10_TL00014" HPOS="230" VPOS="1162" WIDTH="650" HEIGHT="38">
            <String ID="P10_S00073" HPOS="230" VPOS="1162" WIDTH="28" HEIGHT="42" STYLEREFS="StyleId-1" CONTENT="is" WC="0.275" CC="77" />
            <SP ID="P10_SP00060" WIDTH="0" HPOS="0" VPOS="0" />
            <String ID="P10_S00074" HPOS="284" VPOS="1162" WIDTH="130" HEIGHT="42" STYLEREFS="StyleId-1" CONTENT="called" WC="0.87166667" CC="005200" />
            <SP ID="P10_SP00061" WIDTH="0" HPOS="0" VPOS="0" />
            <String ID="P10_S00075" HPOS="440" VPOS="1161" WIDTH="96" HEIGHT="43" STYLEREFS="StyleId-1" CONTENT="&quot;the" WC="0.57" CC="6370" />
            <SP ID="P10_SP00062" WIDTH="0" HPOS="0" VPOS="0" />
            <String ID="P10_S00076" HPOS="562" VPOS="1175" WIDTH="76" HEIGHT="29" STYLEREFS="StyleId-1" CONTENT="son" WC="0.75666666" CC="070" />
            <SP ID="P10_SP00063" WIDTH="0" HPOS="0" VPOS="0" />
            <String ID="P10_S00077" HPOS="661" VPOS="1160" WIDTH="48" HEIGHT="44" STYLEREFS="StyleId-1" CONTENT="of" WC="0.66" CC="60" />
            <SP ID="P10_SP00064" WIDTH="0" HPOS="0" VPOS="0" />
            <String ID="P10_S00078" HPOS="735" VPOS="1159" WIDTH="145" HEIGHT="45" STYLEREFS="StyleId-1" CONTENT="Iddo.&quot;" WC="0.678333342" CC="107604" />
          </TextLine>
          <TextLine ID="P10_TL00015" HPOS="278" VPOS="1224" WIDTH="1001" HEIGHT="45">
            <String ID="P10_S00079" HPOS="278" VPOS="1225" WIDTH="93" HEIGHT="40" STYLEREFS="StyleId-1" CONTENT="The" WC="1" CC="000" />
            <SP ID="P10_SP00065" WIDTH="0" HPOS="0" VPOS="0" />
            <String ID="P10_S00080" HPOS="397" VPOS="1224" WIDTH="119" HEIGHT="50" STYLEREFS="StyleId-1" CONTENT="place" WC="0.68" CC="061000" />
            <SP ID="P10_SP00066" WIDTH="0" HPOS="0" VPOS="0" />
            <String ID="P10_S00081" HPOS="541" VPOS="1223" WIDTH="48" HEIGHT="51" STYLEREFS="StyleId-1" CONTENT="of" WC="0.38" CC="84" />
            <SP ID="P10_SP00067" WIDTH="0" HPOS="0" VPOS="0" />
            <String ID="P10_S00082" HPOS="614" VPOS="1221" WIDTH="267" HEIGHT="53" STYLEREFS="StyleId-1" CONTENT="Zechariah's" WC="0.76" CC="000010350520" />
            <SP ID="P10_SP00068" WIDTH="0" HPOS="0" VPOS="0" />
            <String ID="P10_S00083" HPOS="908" VPOS="1220" WIDTH="114" HEIGHT="54" STYLEREFS="StyleId-1" CONTENT="birth" WC="0.514" CC="54526" />
            <SP ID="P10_SP00069" WIDTH="0" HPOS="0" VPOS="0" />
            <String ID="P10_S00084" HPOS="1050" VPOS="1220" WIDTH="35" HEIGHT="54" STYLEREFS="StyleId-1" CONTENT="is" WC="0.695" CC="60" />
            <SP ID="P10_SP00070" WIDTH="0" HPOS="0" VPOS="0" />
            <String ID="P10_S00085" HPOS="1113" VPOS="1219" WIDTH="93" HEIGHT="55" STYLEREFS="StyleId-1" CONTENT="said" WC="0.825" CC="0330" />
            <SP ID="P10_SP00071" WIDTH="0" HPOS="0" VPOS="0" />
            <String ID="P10_S00086" HPOS="1231" VPOS="1223" WIDTH="48" HEIGHT="51" STYLEREFS="StyleId-1" CONTENT="to" WC="0.375" CC="65" />
          </TextLine>
          <TextLine ID="P10_TL00016" HPOS="226" VPOS="1286" WIDTH="1052" HEIGHT="46">
            <String ID="P10_S00087" HPOS="226" VPOS="1288" WIDTH="104" HEIGHT="39" STYLEREFS="StyleId-1" CONTENT="have" WC="0.6725" CC="7050" />
            <SP ID="P10_SP00072" WIDTH="0" HPOS="0" VPOS="0" />
            <String ID="P10_S00088" HPOS="355" VPOS="1287" WIDTH="103" HEIGHT="40" STYLEREFS="StyleId-1" CONTENT="been" WC="0.63" CC="7007" />
            <SP ID="P10_SP00073" WIDTH="0" HPOS="0" VPOS="0" />
            <String ID="P10_S00089" HPOS="487" VPOS="1284" WIDTH="255" HEIGHT="52" STYLEREFS="StyleId-1" CONTENT="Babylonia;" WC="0.778" CC="0006430510" />
            <SP ID="P10_SP00074" WIDTH="0" HPOS="0" VPOS="0" />
            <String ID="P10_S00090" HPOS="770" VPOS="1284" WIDTH="83" HEIGHT="52" STYLEREFS="StyleId-1" CONTENT="and" WC="1" CC="000" />
            <SP ID="P10_SP00075" WIDTH="0" HPOS="0" VPOS="0" />
            <String ID="P10_S00091" HPOS="879" VPOS="1283" WIDTH="72" HEIGHT="53" STYLEREFS="StyleId-1" CONTENT="the" WC="0.72" CC="170" />
            <SP ID="P10_SP00076" WIDTH="0" HPOS="0" VPOS="0" />
            <String ID="P10_S00092" HPOS="977" VPOS="1283" WIDTH="114" HEIGHT="53" STYLEREFS="StyleId-1" CONTENT="time," WC="0.774" CC="34003" />
            <SP ID="P10_SP00077" WIDTH="0" HPOS="0" VPOS="0" />
            <String ID="P10_S00093" HPOS="1120" VPOS="1280" WIDTH="158" HEIGHT="56" STYLEREFS="StyleId-1" CONTENT="during" WC="0.6566667" CC="0901010" />
          </TextLine>
          <TextLine ID="P10_TL00017" HPOS="228" VPOS="1350" WIDTH="320" HEIGHT="49">
            <String ID="P10_S00094" HPOS="228" VPOS="1352" WIDTH="65" HEIGHT="38" STYLEREFS="StyleId-1" CONTENT="the" WC="0.53" CC="670" />
            <SP ID="P10_SP00078" WIDTH="0" HPOS="0" VPOS="0" />
            <String ID="P10_S00095" HPOS="322" VPOS="1348" WIDTH="226" HEIGHT="52" STYLEREFS="StyleId-1" CONTENT="Captivity." WC="0.659" CC="3800340850" />
          </TextLine>
          <TextLine ID="P10_TL00018" HPOS="694" VPOS="1427" WIDTH="585" HEIGHT="49">
            <String ID="P10_S00096" HPOS="694" VPOS="1426" WIDTH="187" HEIGHT="53" STYLEREFS="StyleId-1" CONTENT="Though" WC="0.613333344" CC="0427010" />
            <SP ID="P10_SP00079" WIDTH="0" HPOS="0" VPOS="0" />
            <String ID="P10_S00097" HPOS="965" VPOS="1426" WIDTH="109" HEIGHT="53" STYLEREFS="StyleId-1" CONTENT="born" WC="0.7475" CC="0027" />
            <SP ID="P10_SP00080" WIDTH="0" HPOS="0" VPOS="0" />
            <String ID="P10_S00098" HPOS="1157" VPOS="1436" WIDTH="122" HEIGHT="43" STYLEREFS="StyleId-1" CONTENT="away" WC="0.77" CC="0009" />
          </TextLine>
          <TextLine ID="P10_TL00019" HPOS="225" VPOS="1491" WIDTH="1051" HEIGHT="36">
            <String ID="P10_S00099" HPOS="225" VPOS="1492" WIDTH="283" HEIGHT="40" STYLEREFS="StyleId-1" CONTENT="Zechariah's" WC="0.6709091" CC="600610330330" />
            <SP ID="P10_SP00081" WIDTH="0" HPOS="0" VPOS="0" />
            <String ID="P10_S00100" HPOS="696" VPOS="1490" WIDTH="112" HEIGHT="42" STYLEREFS="StyleId-1" CONTENT="from" WC="0.755" CC="0630" />
            <SP ID="P10_SP00082" WIDTH="0" HPOS="0" VPOS="0" />
            <String ID="P10_S00101" HPOS="849" VPOS="1490" WIDTH="70" HEIGHT="42" STYLEREFS="StyleId-1" CONTENT="the" WC="0.76" CC="070" />
            <SP ID="P10_SP00083" WIDTH="0" HPOS="0" VPOS="0" />
            <String ID="P10_S00102" HPOS="959" VPOS="1490" WIDTH="126" HEIGHT="42" STYLEREFS="StyleId-1" CONTENT="home" WC="0.4425" CC="5960" />
            <SP ID="P10_SP00084" WIDTH="0" HPOS="0" VPOS="0" />
            <String ID="P10_S00103" HPOS="1125" VPOS="1486" WIDTH="46" HEIGHT="46" STYLEREFS="StyleId-1" CONTENT="of" WC="0.905" CC="01" />
            <SP ID="P10_SP00085" WIDTH="0" HPOS="0" VPOS="0" />
            <String ID="P10_S00104" HPOS="1211" VPOS="1485" WIDTH="65" HEIGHT="47" STYLEREFS="StyleId-1" CONTENT="his" WC="0.63" CC="730" />
          </TextLine>
          <TextLine ID="P10_TL00020" HPOS="226" VPOS="1553" WIDTH="1053" HEIGHT="46">
            <String ID="P10_S00105" HPOS="226" VPOS="1560" WIDTH="143" HEIGHT="38" STYLEREFS="StyleId-1" CONTENT="Birth." WC="0.5933333" CC="625414" />
            <SP ID="P10_SP00086" WIDTH="0" HPOS="0" VPOS="0" />
            <String ID="P10_S00106" HPOS="695" VPOS="1551" WIDTH="173" HEIGHT="48" STYLEREFS="StyleId-1" CONTENT="fathers," WC="0.6775" CC="07270304" />
            <SP ID="P10_SP00087" WIDTH="0" HPOS="0" VPOS="0" />
            <String ID="P10_S00107" HPOS="924" VPOS="1550" WIDTH="55" HEIGHT="49" STYLEREFS="StyleId-1" CONTENT="he" WC="1" CC="00" />
            <SP ID="P10_SP00088" WIDTH="0" HPOS="0" VPOS="0" />
            <String ID="P10_S00108" HPOS="1033" VPOS="1549" WIDTH="116" HEIGHT="51" STYLEREFS="StyleId-1" CONTENT="early" WC="0.798" CC="05003" />
            <SP ID="P10_SP00089" WIDTH="0" HPOS="0" VPOS="0" />
            <String ID="P10_S00109" HPOS="1202" VPOS="1547" WIDTH="76" HEIGHT="53" STYLEREFS="StyleId-1" CONTENT="im¬" WC="0.636666656" CC="531" />
          </TextLine>
          <TextLine ID="P10_TL00021" HPOS="694" VPOS="1612" WIDTH="586" HEIGHT="39">
            <String ID="P10_S00110" HPOS="694" VPOS="1613" WIDTH="125" HEIGHT="41" STYLEREFS="StyleId-1" CONTENT="bibed" WC="0.818" CC="04400" />
            <SP ID="P10_SP00090" WIDTH="0" HPOS="0" VPOS="0" />
            <String ID="P10_S00111" HPOS="892" VPOS="1612" WIDTH="85" HEIGHT="42" STYLEREFS="StyleId-1" CONTENT="and" WC="1" CC="000" />
            <SP ID="P10_SP00091" WIDTH="0" HPOS="0" VPOS="0" />
            <String ID="P10_S00112" HPOS="1049" VPOS="1608" WIDTH="231" HEIGHT="46" STYLEREFS="StyleId-1" CONTENT="cultivated" WC="0.858" CC="0203010070" />
          </TextLine>
          <TextLine ID="P10_TL00022" HPOS="227" VPOS="1678" WIDTH="1053" HEIGHT="44">
            <String ID="P10_S00113" HPOS="227" VPOS="1678" WIDTH="118" HEIGHT="39" STYLEREFS="StyleId-1" CONTENT="those" WC="0.772" CC="05600" />
            <SP ID="P10_SP00092" WIDTH="0" HPOS="0" VPOS="0" />
            <String ID="P10_S00114" HPOS="372" VPOS="1677" WIDTH="203" HEIGHT="50" STYLEREFS="StyleId-1" CONTENT="thoughts" WC="0.575" CC="06677500" />
            <SP ID="P10_SP00093" WIDTH="0" HPOS="0" VPOS="0" />
            <String ID="P10_S00115" HPOS="606" VPOS="1676" WIDTH="44" HEIGHT="51" STYLEREFS="StyleId-1" CONTENT="of" WC="0.555" CC="53" />
            <SP ID="P10_SP00094" WIDTH="0" HPOS="0" VPOS="0" />
            <String ID="P10_S00116" HPOS="680" VPOS="1675" WIDTH="191" HEIGHT="52" STYLEREFS="StyleId-1" CONTENT="freedom" WC="0.8042857" CC="1600050" />
            <SP ID="P10_SP00095" WIDTH="0" HPOS="0" VPOS="0" />
            <String ID="P10_S00117" HPOS="898" VPOS="1675" WIDTH="85" HEIGHT="52" STYLEREFS="StyleId-1" CONTENT="and" WC="0.7" CC="900" />
            <SP ID="P10_SP00096" WIDTH="0" HPOS="0" VPOS="0" />
            <String ID="P10_S00118" HPOS="1010" VPOS="1687" WIDTH="26" HEIGHT="40" STYLEREFS="StyleId-1" CONTENT="a" WC="1" CC="0" />
            <SP ID="P10_SP00097" WIDTH="0" HPOS="0" VPOS="0" />
            <String ID="P10_S00119" HPOS="1061" VPOS="1678" WIDTH="147" HEIGHT="49" STYLEREFS="StyleId-1" CONTENT="return" WC="0.706666648" CC="080027" />
            <SP ID="P10_SP00098" WIDTH="0" HPOS="0" VPOS="0" />
            <String ID="P10_S00120" HPOS="1236" VPOS="1677" WIDTH="44" HEIGHT="50" STYLEREFS="StyleId-1" CONTENT="to" WC="1" CC="00" />
          </TextLine>
          <TextLine ID="P10_TL00023" HPOS="225" VPOS="1738" WIDTH="1055" HEIGHT="45">
            <String ID="P10_S00121" HPOS="225" VPOS="1738" WIDTH="109" HEIGHT="40" STYLEREFS="StyleId-1" CONTENT="their" WC="0.722" CC="05044" />
            <SP ID="P10_SP00099" WIDTH="0" HPOS="0" VPOS="0" />
            <String ID="P10_S00122" HPOS="357" VPOS="1738" WIDTH="174" HEIGHT="40" STYLEREFS="StyleId-1" CONTENT="beloved" WC="0.78" CC="30110000" />
            <SP ID="P10_SP00100" WIDTH="0" HPOS="0" VPOS="0" />
            <String ID="P10_S00123" HPOS="556" VPOS="1738" WIDTH="248" HEIGHT="50" STYLEREFS="StyleId-1" CONTENT="Jerusalem," WC="0.636" CC="6056085004" />
            <SP ID="P10_SP00101" WIDTH="0" HPOS="0" VPOS="0" />
            <String ID="P10_S00124" HPOS="829" VPOS="1736" WIDTH="140" HEIGHT="52" STYLEREFS="StyleId-1" CONTENT="which" WC="0.704" CC="05306" />
            <SP ID="P10_SP00102" WIDTH="0" HPOS="0" VPOS="0" />
            <String ID="P10_S00125" HPOS="993" VPOS="1735" WIDTH="192" HEIGHT="53" STYLEREFS="StyleId-1" CONTENT="lessened" WC="0.77375" CC="60000408" />
            <SP ID="P10_SP00103" WIDTH="0" HPOS="0" VPOS="0" />
            <String ID="P10_S00126" HPOS="1207" VPOS="1733" WIDTH="73" HEIGHT="55" STYLEREFS="StyleId-1" CONTENT="the" WC="0.75333333" CC="070" />
          </TextLine>
          <TextLine ID="P10_TL00024" HPOS="225" VPOS="1800" WIDTH="1055" HEIGHT="45">
            <String ID="P10_S00127" HPOS="225" VPOS="1800" WIDTH="182" HEIGHT="39" STYLEREFS="StyleId-1" CONTENT="burdens" WC="0.751428545" CC="3550020" />
            <SP ID="P10_SP00104" WIDTH="0" HPOS="0" VPOS="0" />
            <String ID="P10_S00128" HPOS="432" VPOS="1799" WIDTH="46" HEIGHT="40" STYLEREFS="StyleId-1" CONTENT="of" WC="0.455" CC="55" />
            <SP ID="P10_SP00105" WIDTH="0" HPOS="0" VPOS="0" />
            <String ID="P10_S00129" HPOS="503" VPOS="1799" WIDTH="200" HEIGHT="50" STYLEREFS="StyleId-1" CONTENT="captivity" WC="0.5644444" CC="079760700" />
            <SP ID="P10_SP00106" WIDTH="0" HPOS="0" VPOS="0" />
            <String ID="P10_S00130" HPOS="731" VPOS="1800" WIDTH="68" HEIGHT="49" STYLEREFS="StyleId-1" CONTENT="for" WC="0.66" CC="063" />
            <SP ID="P10_SP00107" WIDTH="0" HPOS="0" VPOS="0" />
            <String ID="P10_S00131" HPOS="822" VPOS="1799" WIDTH="123" HEIGHT="50" STYLEREFS="StyleId-1" CONTENT="those" WC="0.864" CC="06000" />
            <SP ID="P10_SP00108" WIDTH="0" HPOS="0" VPOS="0" />
            <String ID="P10_S00132" HPOS="967" VPOS="1798" WIDTH="100" HEIGHT="51" STYLEREFS="StyleId-1" CONTENT="who" WC="0.483333319" CC="960" />
            <SP ID="P10_SP00109" WIDTH="0" HPOS="0" VPOS="0" />
            <String ID="P10_S00133" HPOS="1090" VPOS="1795" WIDTH="190" HEIGHT="54" STYLEREFS="StyleId-1" CONTENT="suffered" WC="0.89875" CC="04110000" />
          </TextLine>
          <TextLine ID="P10_TL00025" HPOS="228" VPOS="1862" WIDTH="41" HEIGHT="38">
            <String ID="P10_S00134" HPOS="228" VPOS="1862" WIDTH="41" HEIGHT="38" STYLEREFS="StyleId-1" CONTENT="it." WC="0.8233333" CC="130" />
          </TextLine>
          <TextLine ID="P10_TL00026" HPOS="282" VPOS="1923" WIDTH="997" HEIGHT="45">
            <String ID="P10_S00135" HPOS="282" VPOS="1923" WIDTH="40" HEIGHT="39" STYLEREFS="StyleId-1" CONTENT="It" WC="0.78" CC="40" />
            <SP ID="P10_SP00110" WIDTH="0" HPOS="0" VPOS="0" />
            <String ID="P10_S00136" HPOS="343" VPOS="1923" WIDTH="33" HEIGHT="39" STYLEREFS="StyleId-1" CONTENT="is" WC="1" CC="00" />
            <SP ID="P10_SP00111" WIDTH="0" HPOS="0" VPOS="0" />
            <String ID="P10_S00137" HPOS="397" VPOS="1928" WIDTH="74" HEIGHT="34" STYLEREFS="StyleId-1" CONTENT="not" WC="0.6666667" CC="1000" />
            <SP ID="P10_SP00112" WIDTH="0" HPOS="0" VPOS="0" />
            <String ID="P10_S00138" HPOS="489" VPOS="1927" WIDTH="72" HEIGHT="35" STYLEREFS="StyleId-1" CONTENT="too" WC="0.99333334" CC="000" />
            <SP ID="P10_SP00113" WIDTH="0" HPOS="0" VPOS="0" />
            <String ID="P10_S00139" HPOS="578" VPOS="1922" WIDTH="128" HEIGHT="40" STYLEREFS="StyleId-1" CONTENT="much" WC="0.5325" CC="7605" />
            <SP ID="P10_SP00114" WIDTH="0" HPOS="0" VPOS="0" />
            <String ID="P10_S00140" HPOS="725" VPOS="1926" WIDTH="45" HEIGHT="36" STYLEREFS="StyleId-1" CONTENT="to" WC="0.955" CC="00" />
            <SP ID="P10_SP00115" WIDTH="0" HPOS="0" VPOS="0" />
            <String ID="P10_S00141" HPOS="790" VPOS="1933" WIDTH="74" HEIGHT="38" STYLEREFS="StyleId-1" CONTENT="say" WC="1" CC="000" />
            <SP ID="P10_SP00116" WIDTH="0" HPOS="0" VPOS="0" />
            <String ID="P10_S00142" HPOS="883" VPOS="1922" WIDTH="90" HEIGHT="49" STYLEREFS="StyleId-1" CONTENT="that" WC="0.6525" CC="0760" />
            <SP ID="P10_SP00117" WIDTH="0" HPOS="0" VPOS="0" />
            <String ID="P10_S00143" HPOS="991" VPOS="1920" WIDTH="55" HEIGHT="51" STYLEREFS="StyleId-1" CONTENT="he" WC="0.605" CC="70" />
            <SP ID="P10_SP00118" WIDTH="0" HPOS="0" VPOS="0" />
            <String ID="P10_S00144" HPOS="1064" VPOS="1933" WIDTH="87" HEIGHT="38" STYLEREFS="StyleId-1" CONTENT="was" WC="0.696666658" CC="900" />
            <SP ID="P10_SP00119" WIDTH="0" HPOS="0" VPOS="0" />
            <String ID="P10_S00145" HPOS="1171" VPOS="1920" WIDTH="108" HEIGHT="51" STYLEREFS="StyleId-1" CONTENT="born" WC="0.74" CC="7003" />
          </TextLine>
          <TextLine ID="P10_TL00027" HPOS="228" VPOS="1984" WIDTH="1052" HEIGHT="47">
            <String ID="P10_S00146" HPOS="228" VPOS="1983" WIDTH="101" HEIGHT="42" STYLEREFS="StyleId-1" CONTENT="with" WC="0.705" CC="0605" />
            <SP ID="P10_SP00120" WIDTH="0" HPOS="0" VPOS="0" />
            <String ID="P10_S00147" HPOS="362" VPOS="1997" WIDTH="24" HEIGHT="28" STYLEREFS="StyleId-1" CONTENT="a" WC="1" CC="0" />
            <SP ID="P10_SP00121" WIDTH="0" HPOS="0" VPOS="0" />
            <String ID="P10_S00148" HPOS="415" VPOS="1982" WIDTH="126" HEIGHT="43" STYLEREFS="StyleId-1" CONTENT="thirst" WC="0.805" CC="074000" />
            <SP ID="P10_SP00122" WIDTH="0" HPOS="0" VPOS="0" />
            <String ID="P10_S00149" HPOS="572" VPOS="1982" WIDTH="68" HEIGHT="43" STYLEREFS="StyleId-1" CONTENT="for" WC="0.72" CC="206" />
            <SP ID="P10_SP00123" WIDTH="0" HPOS="0" VPOS="0" />
            <String ID="P10_S00150" HPOS="672" VPOS="1981" WIDTH="203" HEIGHT="44" STYLEREFS="StyleId-1" CONTENT="freedom." WC="0.85875" CC="32010003" />
            <SP ID="P10_SP00124" WIDTH="0" HPOS="0" VPOS="0" />
            <String ID="P10_S00151" HPOS="936" VPOS="1980" WIDTH="198" HEIGHT="52" STYLEREFS="StyleId-1" CONTENT="Hearing" WC="0.6257143" CC="50025310" />
            <SP ID="P10_SP00125" WIDTH="0" HPOS="0" VPOS="0" />
            <String ID="P10_S00152" HPOS="1164" VPOS="1980" WIDTH="116" HEIGHT="52" STYLEREFS="StyleId-1" CONTENT="from" WC="0.5525" CC="33101" />
          </TextLine>
          <TextLine ID="P10_TL00028" HPOS="230" VPOS="2045" WIDTH="1051" HEIGHT="44">
            <String ID="P10_S00153" HPOS="230" VPOS="2046" WIDTH="165" HEIGHT="41" STYLEREFS="StyleId-1" CONTENT="earliest" WC="0.81125" CC="00460003" />
            <SP ID="P10_SP00126" WIDTH="0" HPOS="0" VPOS="0" />
            <String ID="P10_S00154" HPOS="417" VPOS="2043" WIDTH="185" HEIGHT="49" STYLEREFS="StyleId-1" CONTENT="infancy," WC="0.7175" CC="31390004" />
            <SP ID="P10_SP00127" WIDTH="0" HPOS="0" VPOS="0" />
            <String ID="P10_S00155" HPOS="625" VPOS="2056" WIDTH="44" HEIGHT="36" STYLEREFS="StyleId-1" CONTENT="as" WC="1" CC="00" />
            <SP ID="P10_SP00128" WIDTH="0" HPOS="0" VPOS="0" />
            <String ID="P10_S00156" HPOS="695" VPOS="2042" WIDTH="54" HEIGHT="50" STYLEREFS="StyleId-1" CONTENT="he" WC="0.66" CC="60" />
            <SP ID="P10_SP00129" WIDTH="0" HPOS="0" VPOS="0" />
            <String ID="P10_S00157" HPOS="772" VPOS="2048" WIDTH="114" HEIGHT="44" STYLEREFS="StyleId-1" CONTENT="must" WC="0.78" CC="0008" />
            <SP ID="P10_SP00130" WIDTH="0" HPOS="0" VPOS="0" />
            <String ID="P10_S00158" HPOS="908" VPOS="2041" WIDTH="108" HEIGHT="51" STYLEREFS="StyleId-1" CONTENT="have" WC="0.725" CC="7300" />
            <SP ID="P10_SP00131" WIDTH="0" HPOS="0" VPOS="0" />
            <String ID="P10_S00159" HPOS="1037" VPOS="2041" WIDTH="149" HEIGHT="51" STYLEREFS="StyleId-1" CONTENT="heard," WC="0.8516667" CC="700100" />
            <SP ID="P10_SP00132" WIDTH="0" HPOS="0" VPOS="0" />
            <String ID="P10_S00160" HPOS="1208" VPOS="2042" WIDTH="73" HEIGHT="50" STYLEREFS="StyleId-1" CONTENT="the" WC="1" CC="000" />
          </TextLine>
          <TextLine ID="P10_TL00029" HPOS="231" VPOS="2106" WIDTH="1051" HEIGHT="47">
            <String ID="P10_S00161" HPOS="231" VPOS="2106" WIDTH="197" HEIGHT="53" STYLEREFS="StyleId-1" CONTENT="plaintive" WC="0.7511111" CC="0003403100" />
            <SP ID="P10_SP00133" WIDTH="0" HPOS="0" VPOS="0" />
            <String ID="P10_S00162" HPOS="458" VPOS="2104" WIDTH="104" HEIGHT="55" STYLEREFS="StyleId-1" CONTENT="cries" WC="0.822" CC="05300" />
            <SP ID="P10_SP00134" WIDTH="0" HPOS="0" VPOS="0" />
            <String ID="P10_S00163" HPOS="594" VPOS="2104" WIDTH="83" HEIGHT="55" STYLEREFS="StyleId-1" CONTENT="and" WC="1" CC="000" />
            <SP ID="P10_SP00135" WIDTH="0" HPOS="0" VPOS="0" />
            <String ID="P10_S00164" HPOS="705" VPOS="2108" WIDTH="168" HEIGHT="51" STYLEREFS="StyleId-1" CONTENT="earnest" WC="0.8042857" CC="5030400" />
            <SP ID="P10_SP00136" WIDTH="0" HPOS="0" VPOS="0" />
            <String ID="P10_S00165" HPOS="903" VPOS="2115" WIDTH="174" HEIGHT="44" STYLEREFS="StyleId-1" CONTENT="prayers" WC="0.802857161" CC="10210000" />
            <SP ID="P10_SP00137" WIDTH="0" HPOS="0" VPOS="0" />
            <String ID="P10_S00166" HPOS="1109" VPOS="2102" WIDTH="70" HEIGHT="57" STYLEREFS="StyleId-1" CONTENT="for" WC="0.71" CC="071" />
            <SP ID="P10_SP00138" WIDTH="0" HPOS="0" VPOS="0" />
            <String ID="P10_S00167" HPOS="1210" VPOS="2104" WIDTH="72" HEIGHT="55" STYLEREFS="StyleId-1" CONTENT="de¬" WC="0.74333334" CC="033" />
          </TextLine>
          <TextLine ID="P10_TL00030" HPOS="230" VPOS="2168" WIDTH="1051" HEIGHT="47">
            <String ID="P10_S00168" HPOS="230" VPOS="2171" WIDTH="208" HEIGHT="40" STYLEREFS="StyleId-1" CONTENT="liverance" WC="0.714444458" CC="5700021000" />
            <SP ID="P10_SP00139" WIDTH="0" HPOS="0" VPOS="0" />
            <String ID="P10_S00169" HPOS="451" VPOS="2182" WIDTH="8" HEIGHT="34" STYLEREFS="StyleId-1" CONTENT=";" WC="1" CC="0" />
            <SP ID="P10_SP00140" WIDTH="0" HPOS="0" VPOS="0" />
            <String ID="P10_S00170" HPOS="479" VPOS="2167" WIDTH="203" HEIGHT="49" STYLEREFS="StyleId-1" CONTENT="noticing," WC="0.543333352" CC="6700176101" />
            <SP ID="P10_SP00141" WIDTH="0" HPOS="0" VPOS="0" />
            <String ID="P10_S00171" HPOS="704" VPOS="2178" WIDTH="45" HEIGHT="38" STYLEREFS="StyleId-1" CONTENT="as" WC="1" CC="00" />
            <SP ID="P10_SP00142" WIDTH="0" HPOS="0" VPOS="0" />
            <String ID="P10_S00172" HPOS="769" VPOS="2164" WIDTH="53" HEIGHT="52" STYLEREFS="StyleId-1" CONTENT="he" WC="1" CC="00" />
            <SP ID="P10_SP00143" WIDTH="0" HPOS="0" VPOS="0" />
            <String ID="P10_S00173" HPOS="840" VPOS="2168" WIDTH="113" HEIGHT="48" STYLEREFS="StyleId-1" CONTENT="must" WC="0.75" CC="01000" />
            <SP ID="P10_SP00144" WIDTH="0" HPOS="0" VPOS="0" />
            <String ID="P10_S00174" HPOS="972" VPOS="2163" WIDTH="109" HEIGHT="53" STYLEREFS="StyleId-1" CONTENT="have" WC="0.8325" CC="6000" />
            <SP ID="P10_SP00145" WIDTH="0" HPOS="0" VPOS="0" />
            <String ID="P10_S00175" HPOS="1099" VPOS="2165" WIDTH="182" HEIGHT="51" STYLEREFS="StyleId-1" CONTENT="noticed," WC="0.57375" CC="910040190" />
          </TextLine>
        </TextBlock>
      </PrintSpace>
    </Page>
  </Layout>
</alto>