1500 2500
257 277 103 29 LIFE
391 277 97 29 AND
522 278 279 31 PROPHECIES
832 280 55 30 OF
920 281 283 32 ZECHARIAH.
1236 282 51 39 35

231 389 146 40 cedars
402 388 112 41 from
539 389 90 43 that
652 390 233 48 mountain,
910 404 49 34 or
980 391 73 47 the
1073 392 84 51 city
1180 392 111 51 filled

232 452 101 41 with
369 451 195 55 haughty
603 452 84 54 and
724 465 256 41 prosperous
1018 453 271 53 inhabitants,

233 515 83 41 and
349 514 104 42 with
489 515 150 51 stately
673 515 215 51 mansions
923 515 82 51 like
1038 515 71 51 the
1142 515 147 51 cedars

233 578 47 41 of
309 578 228 41 Lebanon"
575 577 188 53 (Scott).

288 640 170 42 Certain
489 641 32 41 it
553 641 36 41 is
621 640 91 42 that
743 641 83 41 this
860 640 160 42 doleful
1051 640 236 52 prediction

232 704 138 51 points
399 710 45 45 to
470 702 71 53 the
569 704 258 51 destruction
853 703 49 52 of
927 704 249 51 Jerusalem,
1205 703 82 52 and

231 766 92 41 that
354 767 70 40 the
456 766 136 41 whole
624 773 171 36 context
827 766 113 43 leads
973 779 78 30 our
1082 765 204 53 thoughts

232 836 43 33 to
300 829 70 42 the
398 830 103 51 days
525 829 49 52 of
601 829 156 52 Christ.
815 829 78 52 See
921 829 208 52 Matthew
1158 829 128 52 xxiv:

237 904 78 36 1-2,
338 892 82 48 and
443 891 120 49 Luke
582 892 77 48 xix
675 903 150 39 41-44.

730 982 49 39 In
806 980 71 41 the
903 980 230 53 preceding
1159 979 126 54 chap-

237 1046 97 40 The
359 1046 124 52 Rosy
508 1046 88 52 and
620 1045 76 53 the
732 1049 97 49 ters,
854 1042 71 56 the
949 1043 142 55 future
1115 1056 173 42 conver-

234 1108 195 53 Gloomy
455 1109 178 52 Predic-
734 1107 91 54 sion
863 1106 47 55 of
946 1106 69 55 the
1051 1107 112 54 Jews
1200 1119 87 42 was

237 1170 119 41 tions
397 1169 282 42 Reconciled,
736 1169 215 52 predicted
993 1170 42 51 in
1076 1169 98 52 this,
1216 1169 71 52 the

728 1246 177 26 manner
934 1233 54 51 by
1018 1232 138 52 which
1187 1232 98 52 they

234 1295 139 40 would
409 1301 47 34 be
488 1295 186 53 brought
705 1301 46 47 to
781 1295 82 53 this
898 1296 214 52 condition
1146 1297 35 51 is
1215 1296 70 52 de¬

233 1358 174 40 scribed.
458 1358 233 52 Jerusalem
716 1359 81 51 and
820 1358 71 52 the
912 1360 147 50 nation
1078 1359 83 51 had
1184 1359 103 51 been

230 1421 169 51 planted
416 1421 83 51 and
518 1421 153 51 tended
690 1435 44 37 as
753 1434 24 38 a
794 1421 202 52 vineyard
1017 1421 111 52 from
1147 1421 138 52 which

232 1483 125 40 much
382 1483 103 41 fruit
508 1497 86 27 was
619 1484 215 51 expected,
859 1484 74 51 but
957 1484 31 51 it
1010 1483 83 52 had
1116 1484 171 51 become

233 1558 53 27 an
320 1545 230 41 unfruitful
586 1546 131 42 forest
752 1548 82 40 and
869 1548 139 40 would
1042 1546 49 42 be
1124 1546 163 42 burned

234 1615 42 33 to
305 1608 68 41 the
400 1609 179 52 ground.

289 1672 63 40 "A
384 1671 117 41 voice
530 1673 47 51 of
607 1673 66 51 the
703 1672 176 52 roaring
909 1672 45 52 of
981 1685 146 39 young
1156 1672 130 52 lions;

233 1734 70 51 for
327 1735 68 50 the
418 1735 121 52 pride
562 1735 45 52 of
630 1734 160 53 Jordan
816 1734 38 53 is
875 1733 269 54 spoiledin
1170 1745 121 42 verse

232 1795 130 52 three,
386 1797 74 50 has
484 1796 215 51 reference
721 1802 43 45 to
787 1795 70 52 the
880 1794 189 53 chagrin,
1092 1794 196 53 madness

236 1861 82 39 and
358 1860 170 50 despair
565 1858 45 52 of
649 1859 70 51 the
772 1857 177 53 princes,
1002 1855 150 55 priests
1207 1854 81 56 and

235 1921 155 41 scribes
424 1928 42 34 at
502 1922 147 50 seeing
684 1921 53 51 all
787 1919 108 53 their
943 1917 214 55 authority
1207 1915 83 57 and

234 1984 153 40 wealth
405 1992 95 33 torn
522 1985 112 40 from
654 1983 113 42 them
787 1982 53 50 by
859 1980 68 52 the
947 1981 166 51 Roman
1134 1990 155 42 power.

286 2046 120 51 They
425 2046 142 51 would
584 2044 112 53 howl
713 2044 85 53 like
814 2042 185 55 enraged
1016 2041 107 56 lions
1143 2040 148 57 driven

234 2107 113 41 from
367 2107 112 41 their
501 2111 166 37 coverts
689 2106 55 49 by
767 2104 71 51 the
859 2101 269 54 inundations
1152 2099 47 56 of
1220 2098 72 57 the

233 2170 176 53 Jordan,
445 2170 124 53 when
605 2167 31 56 it
669 2164 256 59 overflowed
961 2164 84 59 and
1080 2157 213 66 desolated
