1500 2500
223 292 51 35 30
307 289 99 38 LIFE
437 287 96 40 AND
566 280 273 47 PROPHECIES
873 279 54 48 OF
959 273 281 54 ZECHARIAH.

230 395 131 40 under
391 394 69 41 the
489 389 248 52 inspiration
767 387 45 54 of
841 385 71 56 the
939 383 189 58 glorious
1159 394 113 47 pros¬

231 462 113 44 pects
383 451 234 55 presented,
656 450 70 56 the
762 447 180 59 prophet
978 445 112 61 hints
1129 451 42 55 at
1205 443 69 63 the

230 516 198 51 probable
452 513 130 54 union
603 511 48 56 of
675 511 130 56 Israel
830 510 82 57 and
933 507 162 60 Judah:

285 578 126 39 "And
439 577 23 40 I
488 575 85 42 will
599 573 249 51 strengthen
876 571 67 53 the
971 572 132 52 house
1131 571 45 53 of
1201 571 72 53 Ju¬

233 640 94 50 dah,
361 640 82 50 and
474 639 22 51 I
526 637 85 53 will
642 649 101 41 save
774 636 66 54 the
871 634 130 56 house
1034 633 45 57 of
1108 633 165 57 Joseph,

232 700 81 40 and
337 701 23 39 I
385 699 85 41 will
496 697 121 52 bring
644 698 113 51 them
782 696 125 53 again
933 702 39 47 to
999 695 115 54 place
1141 696 132 53 them;

230 762 69 50 for
320 762 23 50 I
366 761 103 51 have
492 772 139 40 mercy
654 766 115 46 upon
791 758 133 54 them:
948 758 83 54 and
1052 758 95 54 they
1168 756 105 56 shall

232 824 47 39 be
302 836 45 27 as
371 823 160 51 though
555 823 23 51 I
601 821 83 53 had
707 827 74 47 not
804 827 88 47 cast
916 820 113 54 them
1053 820 83 54 off;
1160 820 69 54 for
1249 818 20 56 1

231 899 68 26 am
322 885 68 40 the
410 884 117 41 Lord
549 883 107 42 their
678 883 105 48 God,
807 882 81 49 and
908 882 86 49 will
1015 883 101 48 hear
1136 882 134 49 them"

240 946 208 52 (Chapter
472 945 122 53 x:6).

289 1008 38 38 It
358 1008 140 39 would
529 1007 107 40 have
665 1007 103 40 been
799 1006 93 41 well
923 1005 69 42 for
1021 1005 127 42 God's
1178 1017 94 38 peo¬

233 1071 65 49 ple
322 1069 33 51 if
378 1069 70 51 the
471 1069 112 51 good
606 1067 178 53 prophet
807 1067 123 53 could
972 1067 107 53 have
1100 1066 172 54 stopped

235 1131 115 51 right
375 1131 110 51 here.

289 1192 115 40 Here
424 1206 85 26 was
531 1206 25 26 a
576 1192 230 51 prediction
828 1192 193 52 showing
1040 1196 118 48 great
1178 1203 93 41 pos¬

236 1255 186 39 sibilities
455 1254 68 40 for
555 1255 69 39 the
655 1254 153 40 future.
869 1253 91 41 The
990 1253 147 51 people
1164 1264 109 40 were

236 1323 44 33 to
308 1317 51 39 be
389 1316 203 52 gathered
624 1315 111 53 from
765 1315 72 53 the
866 1315 168 53 various
1066 1315 207 53 countries

235 1379 89 39 into
348 1377 138 42 which
509 1378 99 51 they
633 1378 83 51 had
740 1378 103 51 been
869 1377 227 52 dispersed,
1118 1377 85 52 and
1227 1388 46 41 so

236 1446 119 46 great
377 1440 140 52 would
536 1440 98 52 they
654 1440 50 52 be
725 1439 89 53 that
834 1439 43 53 in
899 1439 145 53 Gilead
1064 1438 82 54 and
1167 1438 106 54 Leb¬

235 1515 123 34 anon,
388 1502 44 47 in
461 1502 219 47 Palestine,
709 1501 110 48 their
847 1501 70 48 old
942 1500 136 49 home,
1107 1500 94 49 and,
1231 1500 42 49 in

236 1564 97 48 fact,
354 1565 44 47 in
419 1563 71 49 the
509 1563 136 49 whole
665 1569 177 45 country
862 1562 125 52 itself,
1010 1563 141 51 "place
1171 1561 102 53 shall

235 1633 71 33 not
333 1626 51 40 be
409 1625 134 41 found
571 1625 67 41 for
663 1625 153 41 them."
871 1624 119 51 They
1014 1637 110 38 were
1150 1624 123 52 again

236 1693 43 34 to
318 1688 50 40 be
405 1687 302 52 independent:
746 1687 53 52 all
835 1687 72 52 old
943 1686 192 53 alliances
1173 1685 100 54 with

234 1749 129 40 sinful
387 1749 164 40 nations
577 1762 110 27 were
710 1755 45 34 to
776 1749 51 40 be
848 1748 159 41 broken
1029 1748 76 48 off,
1127 1748 83 48 and
1232 1748 41 48 in

232 1809 70 40 the
322 1810 117 51 reign
459 1810 49 51 of
528 1810 95 51 "the
644 1811 194 50 Branch"
858 1810 72 51 the
947 1816 184 46 greatest
1147 1810 125 52 bless¬

233 1871 94 50 ings
348 1871 181 50 possible
550 1871 139 50 would
711 1871 72 50 fall
804 1885 112 37 upon
938 1872 113 50 them
1071 1886 45 36 as
1137 1886 24 36 a
1179 1884 95 40 peo¬

231 1931 78 50 ple.

286 1991 60 39 At
393 1991 81 39 this
523 1993 188 50 glorious
759 1993 102 50 time
907 1994 223 52 indicated,
1177 1995 98 52 they

224 2052 141 42 would
391 2051 159 43 receive
575 2053 237 41 marvelous
838 2057 235 48 protection
1101 2059 82 46 and
1209 2072 64 33 as¬

230 2109 178 39 sistance
440 2108 165 50 against
636 2107 122 51 those
790 2111 180 47 enemies
1003 2115 101 43 who
1134 2114 139 44 would

229 2182 157 39 oppose
412 2167 108 54 their
549 2173 145 48 return
721 2170 82 51 and
832 2172 248 51 settlement,
1109 2175 90 54 just
1227 2189 46 40 as
