1500 2500
251 266 104 33 LIFE
385 268 99 33 AND
516 271 282 34 PROPHECIES
828 271 57 35 OF
915 274 286 35 ZECHARIAH.
1232 282 51 37 33

707 659 81 45 IV.

300 768 100 42 The
424 767 146 43 Third
597 768 212 42 Division
833 768 51 43 of
908 768 287 54 Prophecies.

277 863 93 43 The
388 863 117 43 third
526 864 85 42 and
632 863 81 43 last
736 863 184 43 division
939 863 51 43 of
1010 861 269 45 Zechariah's

223 926 247 54 prophecies
506 927 151 54 begins
692 925 107 56 with
835 927 176 54 chapter
1045 926 47 55 xi
1129 925 48 56 of
1210 924 69 57 his

221 989 124 43 book.

281 1063 52 42 In
365 1062 74 43 the
475 1062 230 54 preceding
739 1062 249 54 prophecies
1024 1062 72 54 the
1132 1062 149 54 people

223 1138 72 29 are
314 1126 268 54 encouraged
600 1126 56 54 by
674 1126 73 54 the
765 1131 198 49 prospect
981 1125 49 55 of
1048 1140 25 40 a
1091 1125 190 55 restored

222 1189 84 41 and
323 1188 188 54 possibly
531 1188 194 54 reunited
742 1189 160 53 nation.
949 1188 133 54 Their
1099 1195 181 47 country

224 1252 142 42 would
398 1264 107 30 once
536 1264 120 30 more
688 1251 53 43 be
771 1250 155 52 theirs;
959 1251 111 51 their
1101 1251 178 51 beloved

223 1313 236 53 Jerusalem
486 1313 144 53 would
658 1314 51 52 be
739 1313 306 53 rehabilitated,
1075 1315 84 51 and
1187 1313 92 53 that

222 1376 202 53 grandest
450 1376 51 53 of
527 1376 55 53 all
612 1377 349 52 considerations,
987 1378 75 51 the
1087 1377 190 54 Temple,

221 1438 144 43 would
390 1439 54 42 be
472 1439 165 42 rebuilt.
695 1440 42 41 It
764 1453 88 29 was
878 1445 98 37 true
1001 1439 94 43 that
1123 1439 154 56 "many

221 1501 48 53 of
294 1502 70 52 the
391 1501 156 55 priests
571 1503 86 53 and
682 1502 173 54 Levites
882 1503 85 53 and
993 1503 114 55 chief
1133 1504 48 54 of
1208 1504 70 54 the

221 1563 177 54 fathers,
434 1565 98 52 who
568 1578 112 39 were
717 1563 168 54 ancient
919 1579 110 39 men,
1068 1566 91 52 that
1195 1566 84 52 had

220 1639 101 29 seen
355 1628 69 42 the
457 1627 93 43 -first
582 1628 147 50 house,
762 1629 127 49 when
922 1629 70 49 the
1022 1628 257 53 foundation

221 1688 48 54 of
284 1688 84 54 this
384 1689 133 53 house
534 1703 92 39 was
643 1689 85 53 laid
749 1689 146 53 before
914 1689 108 53 their
1038 1704 110 39 eyes,
1165 1696 113 47 wept

218 1750 104 43 with
344 1765 27 28 a
395 1751 102 43 loud
520 1751 148 43 voice"
701 1749 302 55 (Ezraiii:i2)
1025 1764 9 40 ;
1058 1750 80 54 but
1161 1750 120 54 "The

222 1807 123 55 glory
377 1808 48 54 of
456 1808 86 54 this
572 1808 125 54 latter
729 1808 131 54 house
890 1807 109 55 shall
1031 1808 50 54 be
1111 1814 170 48 greater

224 1869 101 44 than
346 1870 47 54 of
413 1870 71 54 the
506 1870 177 55 former,
704 1869 112 56 saith
839 1871 71 54 the
928 1869 120 56 Lord
1070 1869 48 56 of
1139 1870 142 55 hosts;

222 1933 84 42 and
326 1931 47 44 in
395 1932 85 43 this
499 1933 120 53 place
638 1932 90 54 will
748 1933 25 53 I
793 1931 102 55 give
914 1938 139 48 peace,
1074 1931 112 55 saith
1211 1931 69 55 the

221 1994 118 43 Lord
359 1994 48 54 of
425 1994 145 54 hosts"
598 1993 204 55 (Haggai
822 1991 125 57 ii:9).

276 2066 96 45 The
402 2080 153 31 reason
583 2064 101 56 why
711 2064 73 56 the
814 2065 124 55 glory
964 2063 51 57 of
1040 2062 86 58 this
1156 2062 126 58 latter

217 2128 136 45 house
381 2128 108 45 shall
516 2128 55 45 be
599 2131 171 51 greater
795 2125 106 57 than
927 2124 50 58 of
1003 2124 74 58 the
1104 2122 176 60 former,

221 2185 36 47 Is
284 2185 138 47 found
447 2184 47 48 in
516 2182 76 50 the
616 2182 89 50 fact
729 2180 94 52 that
848 2181 124 53 Jesus
1000 2177 157 57 Christ,
1184 2174 98 60 "the
