1500 2500
232 267 102 30 LIFE
365 265 98 32 AND
497 264 278 33 PROPHECIES
807 264 56 33 OF
893 263 285 34 ZECHARIAH.
1217 263 47 36 25

210 384 97 47 tory
339 377 45 54 of
413 376 73 55 the
515 377 103 54 time
648 375 48 56 of
726 374 257 57 Zechariah;
1014 373 75 58 but
1119 374 35 57 it
1184 371 85 60 will

212 441 143 41 suffice
373 452 82 30 our
473 451 186 41 purpose
678 444 45 48 to
739 437 129 55 touch
888 437 76 55 but
983 435 153 57 lightly
1154 446 116 46 upon

211 504 72 41 the
305 503 150 42 salient
477 502 142 53 points
642 501 43 54 in
709 502 52 53 its
784 499 165 56 history
971 511 46 44 as
1038 497 101 58 they
1162 498 109 57 have

213 567 105 42 been
350 564 183 45 affected
564 564 56 53 by
650 563 74 54 the
754 561 247 56 prophecies
1034 560 48 57 of
1111 557 159 60 Zecha¬

216 628 105 43 riah.

272 692 39 40 It
345 705 88 29 was
471 689 269 45 Zechariah's
777 687 234 54 prediction
1047 687 91 54 that
1174 685 97 56 "the

216 755 117 41 Lord
361 754 88 42 will
478 760 89 36 cast
597 753 75 43 her
701 758 85 47 out,
816 751 85 54 and
929 750 88 55 will
1044 750 124 55 smite
1196 749 76 56 her

217 824 145 45 power
380 815 45 54 in
449 816 70 53 the
539 829 96 40 sea;
656 817 84 52 and
758 815 76 54 she
855 813 111 56 shall
987 814 50 55 be
1057 812 216 57 devoured

217 878 105 43 with
342 879 115 42 fire."

274 942 92 41 Has
398 941 84 42 this
513 940 214 53 prophecy
756 939 107 54 been
893 937 207 56 fulfilled?
1157 936 116 57 Tyre

218 1003 83 42 had
321 1017 54 28 an
397 1002 307 54 exceptionally
725 1002 83 54 fine
826 1001 124 55 naval
969 999 197 57 position,
1187 1000 85 56 and

218 1080 56 27 on
295 1065 85 42 this
403 1070 176 37 account
600 1065 33 42 it
652 1078 88 29 was
762 1064 71 43 the
851 1063 212 52 objective
1084 1061 120 54 point
1225 1061 48 54 of

221 1129 140 41 attack
394 1128 56 53 by
481 1127 212 54 invaders.
756 1127 181 54 Xerxes,
972 1125 43 56 in
1046 1125 65 56 his
1146 1123 127 58 noted

221 1191 139 41 Greek
382 1204 125 36 wars,
530 1189 251 53 completely
806 1187 225 55 destroyed
1052 1187 73 55 the
1148 1186 125 56 Phoe¬

220 1253 139 41 nician
384 1253 98 41 fleet
506 1254 84 40 and
615 1251 258 54 subjugated
899 1251 147 54 Sidon,
1070 1250 74 55 the
1167 1248 106 57 rival

221 1315 47 41 of
286 1315 125 53 Tyre.
460 1315 94 53 The
572 1314 256 54 inhabitants
846 1313 51 55 of
917 1313 134 55 Sidon
1072 1312 200 56 revolted,

221 1378 75 41 but
325 1391 112 29 were
467 1378 144 52 finally
640 1376 195 54 crushed,
867 1376 97 54 and,
994 1376 280 54 exasperated

720 1440 84 41 and
838 1437 249 44 humiliated
1120 1438 56 54 by
1212 1451 64 41 re-

227 1502 138 43 Sidon
393 1504 196 41 Burned.
718 1501 150 52 peated
932 1501 175 52 defeats,
1172 1499 102 54 they

719 1563 107 42 fired
847 1563 73 42 the
937 1563 87 53 city
1042 1563 105 53 with
1169 1562 111 54 their

224 1636 96 29 own
342 1623 247 43 hands—an
612 1631 66 36 act
701 1625 140 42 which
863 1640 87 28 was
973 1641 25 27 a
1019 1626 153 53 partial
1195 1626 83 53 ful¬

226 1686 175 42 fillment
427 1687 49 41 of
504 1687 269 42 Zechariah's
804 1689 227 52 prophecy.

280 1748 103 42 This
407 1750 128 52 again
556 1764 110 38 gave
685 1750 116 52 Tyre
820 1750 72 52 the
912 1764 262 39 supremacy,
1198 1751 83 52 and

228 1809 68 42 for
320 1825 24 27 a
364 1811 101 41 time
488 1812 33 40 it
543 1811 246 42 flourished.

727 1874 151 42 In-the
903 1889 102 38 year
1031 1887 80 41 332
1140 1877 51 51 B.
1221 1876 61 52 C.,

230 1935 158 53 Tyre's
422 1937 209 54 Varying
728 1936 246 55 Alexander
1029 1937 72 54 the
1156 1938 130 53 Great

231 1991 225 44 Fortunes
482 1996 91 41 and
728 1999 196 41 attacked
969 1999 73 42 the
1086 2000 86 52 city
1215 2001 72 51 be-

230 2048 221 44 Ultimate
469 2108 9 10 ^
730 2074 126 44 cause
904 2062 73 56 the
1028 2063 260 55 inhabitants

232 2106 325 51 Degradation.
732 2123 172 44 refused
932 2130 46 37 to
1003 2139 84 40 pay
1113 2126 89 53 him
1227 2127 62 52 al¬

732 2184 213 53 legiance;
982 2188 96 51 and,
1116 2188 113 51 after
1265 2203 24 36 a
