1535 2521
241 287 50 33 24
328 287 100 33 LIFE
458 288 96 32 AND
587 290 274 30 PROPHECIES
893 290 56 30 OF
980 288 284 32 ZECHARIAH.

245 394 69 41 the
333 396 118 41 Lord
471 397 87 40 will
578 403 88 35 cast
685 399 77 39 her
782 404 85 42 out,
889 397 85 49 and
994 399 51 47 he
1065 397 88 49 will
1170 399 124 47 smite

244 456 73 40 her
344 463 143 45 power
512 458 44 50 in
585 458 69 50 the
678 470 95 38 sea;
799 461 84 47 and
908 460 77 48 she
1010 459 108 49 shall
1147 462 48 46 be
1221 463 69 45 de¬

240 518 159 39 voured
420 517 102 41 with
543 519 100 41 fire"
672 517 210 54 (Chapter
902 520 188 53 ix:3-4).

295 577 104 42 This
435 578 213 53 prophecy
683 580 121 51 alone
838 581 35 50 is
908 581 207 50 sufficient
1147 589 46 42 to
1226 598 59 33 es¬

238 638 152 40 tablish
419 640 72 41 the
521 653 203 40 accuracy
753 642 48 51 of
831 643 264 50 Zechariah's
1127 647 159 52 predic¬

237 700 124 40 tions.

734 795 83 43 We
851 797 52 42 all
938 798 125 44 know
1095 802 73 41 the
1200 801 83 42 his-

235 853 119 51 Tyre
383 856 90 48 and
503 857 65 47 Its
731 864 96 48 tory
856 859 49 53 of
936 860 126 53 Tyre,
1093 864 83 49 and
1205 878 77 35 can

235 919 132 41 Rival
391 921 151 43 Sidon.
731 921 240 52 appieciate
994 923 73 50 the
1092 923 189 50 faithful¬

729 996 97 29 ness
859 983 48 42 of
934 985 73 41 the
1035 987 242 52 prediction.

235 1037 51 40 In
309 1038 236 43 Solomon's
570 1043 93 51 day,
685 1044 84 50 this
791 1060 88 34 was
901 1060 80 34 one
1000 1048 49 46 of
1070 1049 71 45 the
1160 1057 119 47 great

235 1099 114 42 cities
375 1101 48 41 of
451 1102 70 40 the
547 1105 147 41 world.
751 1105 61 42 At
836 1107 92 43 that
954 1110 101 41 time
1078 1111 73 42 the
1174 1113 104 41 cele¬

233 1160 148 42 brated
417 1163 121 55 King
575 1165 153 53 Hiram
766 1170 175 52 reigned
976 1172 44 50 in
1056 1175 89 47 that
1180 1176 95 53 city.

233 1222 69 40 An
334 1224 174 42 alliance
538 1228 162 41 existed
728 1231 188 42 between
943 1233 73 41 the
1042 1242 86 36 two
1154 1236 121 54 king¬

233 1285 133 50 doms,
392 1288 83 47 and
501 1289 201 46 Solomon
726 1293 34 42 is
785 1295 90 40 said
897 1301 46 35 to
964 1296 107 43 have
1093 1299 183 42 married

231 1347 189 42 Hiram's
459 1351 220 53 daughter.
746 1354 113 53 Tyre
893 1370 85 37 was
1016 1359 99 48 then
1151 1361 123 52 prob¬

224 1409 96 52 ably
341 1417 43 44 at
406 1412 70 49 the
498 1413 148 53 height
663 1416 51 50 of
733 1417 53 49 its
806 1430 157 40 power.

285 1473 40 40 It
347 1473 83 41 had
452 1476 182 53 varying
655 1477 204 52 fortunes,
881 1482 84 47 and
984 1482 45 47 in
1050 1483 79 53 538
1151 1485 47 51 B.
1224 1484 45 52 C.

228 1532 136 53 Cyrus
394 1539 237 49 conquered
658 1539 71 49 the
756 1548 189 46 country.

283 1596 157 42 Before
469 1599 96 49 this,
597 1601 73 47 the
698 1603 86 52 city
815 1605 47 50 of
893 1605 114 53 Tyre
1036 1607 83 51 had
1149 1609 121 49 made

225 1656 112 40 itself
363 1658 165 42 famous
553 1661 56 53 by
632 1662 179 54 holding
835 1672 74 44 out
933 1668 168 51 against
1126 1669 143 50 Nebu¬

224 1716 272 54 chadnezzar,
535 1723 100 47 who
676 1728 236 50 conquered
952 1728 233 54 Jerusalem
1224 1731 43 51 in

223 1780 78 51 587
325 1781 48 50 B.
399 1783 59 48 C.,
483 1784 68 47 for
573 1785 181 46 thirteen
776 1789 102 53 long
898 1803 134 39 years.

273 1850 59 41 Its
367 1855 208 51 naturally
623 1863 151 48 strong
819 1860 217 51 defensive
1082 1865 182 53 position

215 1912 81 38 and
324 1911 72 42 the
421 1915 329 54 acknowledged
779 1922 119 47 valor
924 1924 49 45 of
1000 1925 51 44 its
1080 1928 182 54 fighting

214 1984 94 26 men
337 1974 122 38 made
488 1978 104 38 such
621 1991 26 25 a
674 1979 367 53 long-drawn-out
1068 1992 194 52 struggle

211 2030 192 50 possible.

266 2092 131 41 Much
423 2095 123 41 could
572 2097 50 40 be
648 2099 91 40 said
762 2102 129 43 about
915 2106 85 42 this
1025 2120 124 42 great
1174 2115 84 54 city

208 2152 81 39 and
313 2151 51 41 its
393 2153 188 42 fortunes
608 2158 41 39 in
673 2165 249 41 connection
947 2169 104 42 with
1075 2173 72 43 the
1170 2176 86 42 his-
