1500 2499
224 283 101 30 LIFE
356 281 97 32 AND
486 276 276 37 PROPHECIES
793 275 55 38 OF
879 265 284 48 ZECHARIAfi.
1231 271 23 42 9

206 392 139 43 which
372 389 85 46 had
485 389 106 46 been
617 386 74 49 the
720 398 108 39 envy
856 384 48 53 of
932 393 129 44 many
1088 377 170 60 nations

208 457 43 41 in
284 455 160 43 former
474 464 138 40 years,
643 450 86 54 had
760 444 249 60 completely
1040 439 218 65 vanished,

209 520 84 40 and
317 519 42 41 in
384 517 52 43 its
461 516 118 52 place
602 513 118 55 these
744 508 200 60 returned
969 505 129 63 exiles
1124 503 136 65 found

209 596 26 27 a
268 581 158 42 "waste
457 577 192 52 howling
679 571 287 58 wilderness."
1031 569 106 60 Men
1170 565 92 64 that

209 646 150 40 "knew
379 648 76 38 not
473 641 73 45 the
567 639 95 47 God
679 638 51 48 of
749 634 158 52 Israel"
930 632 120 54 ruled
1068 643 104 43 over
1190 627 72 59 the

212 708 100 41 land
344 708 85 41 and
460 718 27 31 a
518 702 183 47 heathen
732 699 152 53 people
916 692 245 60 desecrated
1191 690 72 62 the

212 771 139 53 places
376 781 105 43 once
501 765 127 59 made
649 763 148 61 sacred
821 762 57 62 by
901 759 73 65 the
995 768 199 56 presence
1219 751 44 73 of

214 832 155 49 David,
401 828 235 53 Hezekiah,
667 826 86 55 and
779 824 74 57 the
880 822 75 59 old
983 819 203 62 prophets
1216 814 49 67 of

212 896 72 41 the
311 893 129 44 Lord.

271 968 106 40 Was
413 966 32 42 it
479 970 73 38 not
587 960 170 52 enough
801 964 49 48 to
896 957 253 55 discourage
1196 950 70 62 the

217 1035 179 38 stoutest
412 1030 141 43 hearts
564 1026 18 47 ?
627 1025 86 48 But
727 1022 85 51 this
830 1033 87 40 was
934 1024 75 49 not
1025 1016 68 57 all.
1138 1013 44 60 If
1197 1011 71 62 the

219 1091 171 56 general
416 1100 260 47 appearance
700 1084 47 63 of
770 1084 72 63 the
867 1085 179 62 country
1070 1090 88 57 was
1185 1076 84 71 dis¬

220 1154 264 51 heartening,
506 1151 115 54 what
641 1153 114 52 must
775 1147 108 58 have
902 1145 105 60 been
1027 1141 109 64 their
1159 1149 112 56 emo¬

220 1220 111 40 tions
357 1216 124 44 when
507 1214 100 50 they
632 1224 118 40 came
772 1209 45 55 in
844 1206 115 58 sight
982 1203 49 61 of
1056 1203 73 61 the
1153 1199 118 65 Holy

223 1281 125 51 City?
401 1279 41 53 It
467 1290 88 42 was
578 1276 104 56 here
706 1272 92 60 that
822 1270 109 62 their
955 1268 195 64 interests
1176 1275 95 57 cen¬

223 1344 116 48 tred;
363 1343 33 49 it
420 1354 86 38 was
531 1339 42 53 in
596 1336 144 56 behalf
762 1333 48 59 of
833 1333 84 59 this
939 1330 101 62 holy
1062 1335 96 57 spot
1181 1325 93 67 that

225 1418 173 42 prayers
431 1403 84 57 and
547 1399 194 61 petitions
773 1397 84 63 had
889 1392 209 68 ascended
1129 1396 47 64 to
1204 1388 70 72 Je¬

224 1468 140 42 hovah
391 1467 70 43 for
485 1465 63 45 lo!
575 1462 119 48 these
720 1464 175 46 seventy
919 1468 122 42 years
1065 1466 53 44 or
1142 1463 131 47 more.

227 1534 41 39 It
296 1544 87 29 was
412 1527 166 46 toward
607 1522 234 55 Jerusalem
871 1519 92 58 that
990 1518 73 59 the
1091 1511 185 66 intrepid

228 1593 151 43 Daniel
407 1590 84 46 had
518 1588 164 53 opened
707 1585 65 56 his
799 1583 183 58 window
1007 1579 120 62 three
1152 1577 124 64 times

699 1706 25 26 a
752 1691 82 51 day
859 1694 47 48 to
932 1700 118 42 pray.
1108 1685 90 57 Not
1223 1680 56 62 all

228 1763 263 53 Jerusalem.
700 1754 71 62 the
800 1751 160 65 threats
992 1747 85 69 and
1107 1746 174 70 abuses;

704 1821 73 35 not
816 1827 104 29 even
956 1811 72 45 the
1067 1805 214 57 promised

235 1886 124 40 favor
384 1882 50 44 of
462 1883 70 43 the
561 1879 197 53 reigning
782 1876 205 56 monarch
1011 1874 48 58 in
1082 1871 75 61 the
1183 1868 99 64 land

234 1949 47 40 of
306 1946 214 53 captivity,
545 1956 81 43 nor
651 1942 72 57 the
749 1940 136 59 actual
909 1934 305 65 incarceration
1240 1932 44 67 in

235 2027 24 26 a
278 2011 81 42 den
382 2008 47 45 of
451 2009 171 51 hungry
644 2005 121 55 lions,
791 2001 120 59 could
935 2001 112 59 close
1066 1996 94 64 that
1181 1995 104 65 win¬

238 2076 119 46 dow;
393 2072 69 50 for
499 2068 186 54 Daniel's
721 2067 119 55 heart
877 2063 84 59 and
996 2062 72 60 the
1102 2055 185 67 people's

235 2136 119 42 mind
377 2141 105 37 wert
505 2131 173 47 centred
702 2142 114 38 upon
838 2124 248 56 Jerusalem.
1143 2121 40 59 It
1205 2131 87 49 was

241 2194 101 41 then
362 2193 91 42 that
473 2190 72 45 the
566 2193 128 42 sweet
714 2187 144 50 singer
879 2183 47 54 of
947 2179 133 58 Israel
1101 2177 85 60 had
1206 2175 88 62 for-
