<?xml version="1.0" encoding="utf-8"?>
<alto xmlns:xlink="http://www.w3.org/1999/xlink" xmlns:xsi="http://www.w3.org/2001/XMLSchema-instance" xsi:schemaLocation="http://www.loc.gov/standards/alto/ns-v2# http://www.loc.gov/standards/alto/alto-v2.0.xsd" xmlns="http://www.loc.gov/standards/alto/ns-v2#">
  <Description>
    <MeasurementUnit>pixel</MeasurementUnit>
    <sourceImageInformation>
      <fileName>0000038.tif</fileName>
    </sourceImageInformation>
    <OCRProcessing ID="Processing">
      <ocrProcessingStep>
        <processingStepSettings>Image Resolution:400</processingStepSettings>
        <processingSoftware>
          <softwareCreator>I2S Kirtas</softwareCreator>
          <softwareName>Limb</softwareName>
          <softwareVersion>1.0</softwareVersion>
          <applicationDescription>Abbyy10 OCR Engine</applicationDescription>
        </processingSoftware>
      </ocrProcessingStep>
    </OCRProcessing>
  </Description>
  <Styles>
    <TextStyle ID="StyleId-0" FONTSIZE="7" FONTFAMILY="Times New Roman" />
    <TextStyle ID="StyleId-1" FONTSIZE="10" FONTFAMILY="Times New Roman" />
  </Styles>
  <Layout>
    <Page ID="P38" PHYSICAL_IMG_NR="38" HEIGHT="2499" WIDTH="1500" ACCURACY="0.7185195" QUALITY_DETAIL="199 words, 914 chars, 661 with recognition greater than 50% (72.32%)">
      <TopMargin ID="P38_TM00001" HPOS="0" VPOS="0" WIDTH="1500" HEIGHT="287" />
      <LeftMargin ID="P38_LM00001" HPOS="0" VPOS="287" WIDTH="202" HEIGHT="1930" />
      <RightMargin ID="P38_RM00001" HPOS="1303" VPOS="287" WIDTH="197" HEIGHT="1930" />
      <BottomMargin ID="P38_BM00001" HPOS="0" VPOS="2217" WIDTH="1500" HEIGHT="282" />
      <PrintSpace ID="P38_PS00001" HPOS="202" VPOS="287" WIDTH="1101" HEIGHT="1930">
        <TextBlock ID="P38_TB00001" HPOS="202" VPOS="287" WIDTH="1101" HEIGHT="1930">
          <TextLine ID="P38_TL00001" HPOS="215" VPOS="295" WIDTH="1018" HEIGHT="31">
            <String ID="P38_S00001" HPOS="215" VPOS="306" WIDTH="51" HEIGHT="35" STYLEREFS="StyleId-0" CONTENT="34" WC="0.645" CC="60" />
            <SP ID="P38_SP00001" WIDTH="0" HPOS="0" VPOS="0" />
            <String ID="P38_S00002" HPOS="299" VPOS="302" WIDTH="101" HEIGHT="39" STYLEREFS="StyleId-0" CONTENT="LIFE" WC="0.375" CC="3875" />
            <SP ID="P38_SP00002" WIDTH="0" HPOS="0" VPOS="0" />
            <String ID="P38_S00003" HPOS="430" VPOS="299" WIDTH="97" HEIGHT="42" STYLEREFS="StyleId-0" CONTENT="AND" WC="0.266666681" CC="696" />
            <SP ID="P38_SP00003" WIDTH="0" HPOS="0" VPOS="0" />
            <String ID="P38_S00004" HPOS="559" VPOS="290" WIDTH="274" HEIGHT="51" STYLEREFS="StyleId-0" CONTENT="PROPHECIES" WC="0.659" CC="7157600220" />
            <SP ID="P38_SP00004" WIDTH="0" HPOS="0" VPOS="0" />
            <String ID="P38_S00005" HPOS="864" VPOS="289" WIDTH="57" HEIGHT="52" STYLEREFS="StyleId-0" CONTENT="OF" WC="0.29" CC="67" />
            <SP ID="P38_SP00005" WIDTH="0" HPOS="0" VPOS="0" />
            <String ID="P38_S00006" HPOS="951" VPOS="281" WIDTH="282" HEIGHT="60" STYLEREFS="StyleId-0" CONTENT="ZECHARIAfX." WC="0.37" CC="75564566886" />
          </TextLine>
          <TextLine ID="P38_TL00002" HPOS="219" VPOS="406" WIDTH="1045" HEIGHT="37">
            <String ID="P38_S00007" HPOS="219" VPOS="409" WIDTH="207" HEIGHT="47" STYLEREFS="StyleId-1" CONTENT="Branch,&quot;" WC="0.64625" CC="64030535" />
            <SP ID="P38_SP00006" WIDTH="0" HPOS="0" VPOS="0" />
            <String ID="P38_S00008" HPOS="465" VPOS="405" WIDTH="142" HEIGHT="51" STYLEREFS="StyleId-1" CONTENT="would" WC="0.682" CC="07710" />
            <SP ID="P38_SP00007" WIDTH="0" HPOS="0" VPOS="0" />
            <String ID="P38_S00009" HPOS="641" VPOS="400" WIDTH="182" HEIGHT="56" STYLEREFS="StyleId-1" CONTENT="sanctify" WC="0.7175" CC="00507360" />
            <SP ID="P38_SP00008" WIDTH="0" HPOS="0" VPOS="0" />
            <String ID="P38_S00010" HPOS="856" VPOS="396" WIDTH="83" HEIGHT="60" STYLEREFS="StyleId-1" CONTENT="this" WC="0.7025" CC="0740" />
            <SP ID="P38_SP00009" WIDTH="0" HPOS="0" VPOS="0" />
            <String ID="P38_S00011" HPOS="976" VPOS="397" WIDTH="122" HEIGHT="59" STYLEREFS="StyleId-1" CONTENT="latter" WC="0.8383333" CC="090000" />
            <SP ID="P38_SP00010" WIDTH="0" HPOS="0" VPOS="0" />
            <String ID="P38_S00012" HPOS="1134" VPOS="392" WIDTH="129" HEIGHT="64" STYLEREFS="StyleId-1" CONTENT="house" WC="0.812" CC="06002" />
          </TextLine>
          <TextLine ID="P38_TL00003" HPOS="220" VPOS="474" WIDTH="410" HEIGHT="44">
            <String ID="P38_S00013" HPOS="220" VPOS="474" WIDTH="55" HEIGHT="49" STYLEREFS="StyleId-1" CONTENT="by" WC="0.82" CC="03" />
            <SP ID="P38_SP00011" WIDTH="0" HPOS="0" VPOS="0" />
            <String ID="P38_S00014" HPOS="305" VPOS="472" WIDTH="82" HEIGHT="51" STYLEREFS="StyleId-1" CONTENT="His" WC="0.6666667" CC="550" />
            <SP ID="P38_SP00012" WIDTH="0" HPOS="0" VPOS="0" />
            <String ID="P38_S00015" HPOS="419" VPOS="478" WIDTH="210" HEIGHT="45" STYLEREFS="StyleId-1" CONTENT="presence." WC="0.74222225" CC="740053002" />
          </TextLine>
          <TextLine ID="P38_TL00004" HPOS="718" VPOS="522" WIDTH="548" HEIGHT="35">
            <String ID="P38_S00016" HPOS="718" VPOS="524" WIDTH="42" HEIGHT="41" STYLEREFS="StyleId-1" CONTENT="It" WC="0.775" CC="04" />
            <SP ID="P38_SP00013" WIDTH="0" HPOS="0" VPOS="0" />
            <String ID="P38_S00017" HPOS="814" VPOS="522" WIDTH="34" HEIGHT="43" STYLEREFS="StyleId-1" CONTENT="is" WC="0.98" CC="00" />
            <SP ID="P38_SP00014" WIDTH="0" HPOS="0" VPOS="0" />
            <String ID="P38_S00018" HPOS="907" VPOS="519" WIDTH="150" HEIGHT="46" STYLEREFS="StyleId-1" CONTENT="indeed" WC="0.9066667" CC="004000" />
            <SP ID="P38_SP00015" WIDTH="0" HPOS="0" VPOS="0" />
            <String ID="P38_S00019" HPOS="1113" VPOS="532" WIDTH="24" HEIGHT="33" STYLEREFS="StyleId-1" CONTENT="a" WC="1" CC="0" />
            <SP ID="P38_SP00016" WIDTH="0" HPOS="0" VPOS="0" />
            <String ID="P38_S00020" HPOS="1194" VPOS="516" WIDTH="72" HEIGHT="49" STYLEREFS="StyleId-1" CONTENT="sad" WC="0.9533333" CC="001" />
          </TextLine>
          <TextLine ID="P38_TL00005" HPOS="249" VPOS="591" WIDTH="1014" HEIGHT="40">
            <String ID="P38_S00021" HPOS="249" VPOS="597" WIDTH="40" HEIGHT="38" STYLEREFS="StyleId-1" CONTENT="A" WC="0.98" CC="0" />
            <SP ID="P38_SP00017" WIDTH="0" HPOS="0" VPOS="0" />
            <String ID="P38_S00022" HPOS="327" VPOS="595" WIDTH="89" HEIGHT="40" STYLEREFS="StyleId-1" CONTENT="Sad" WC="0.8933333" CC="300" />
            <SP ID="P38_SP00018" WIDTH="0" HPOS="0" VPOS="0" />
            <String ID="P38_S00023" HPOS="453" VPOS="591" WIDTH="197" HEIGHT="50" STYLEREFS="StyleId-1" CONTENT="Change," WC="0.8471429" CC="0002403" />
            <SP ID="P38_SP00019" WIDTH="0" HPOS="0" VPOS="0" />
            <String ID="P38_S00024" HPOS="715" VPOS="586" WIDTH="164" HEIGHT="55" STYLEREFS="StyleId-1" CONTENT="change" WC="0.8466667" CC="000270" />
            <SP ID="P38_SP00020" WIDTH="0" HPOS="0" VPOS="0" />
            <String ID="P38_S00025" HPOS="908" VPOS="580" WIDTH="139" HEIGHT="61" STYLEREFS="StyleId-1" CONTENT="which" WC="0.942" CC="00200" />
            <SP ID="P38_SP00021" WIDTH="0" HPOS="0" VPOS="0" />
            <String ID="P38_S00026" HPOS="1078" VPOS="584" WIDTH="185" HEIGHT="57" STYLEREFS="StyleId-1" CONTENT="presents" WC="0.88375" CC="70000200" />
          </TextLine>
          <TextLine ID="P38_TL00006" HPOS="721" VPOS="647" WIDTH="544" HEIGHT="45">
            <String ID="P38_S00027" HPOS="721" VPOS="646" WIDTH="113" HEIGHT="40" STYLEREFS="StyleId-1" CONTENT="itself" WC="0.9033333" CC="300002" />
            <SP ID="P38_SP00022" WIDTH="0" HPOS="0" VPOS="0" />
            <String ID="P38_S00028" HPOS="872" VPOS="646" WIDTH="41" HEIGHT="40" STYLEREFS="StyleId-1" CONTENT="in" WC="0.79" CC="40" />
            <SP ID="P38_SP00023" WIDTH="0" HPOS="0" VPOS="0" />
            <String ID="P38_S00029" HPOS="952" VPOS="644" WIDTH="71" HEIGHT="42" STYLEREFS="StyleId-1" CONTENT="the" WC="0.873333335" CC="300" />
            <SP ID="P38_SP00024" WIDTH="0" HPOS="0" VPOS="0" />
            <String ID="P38_S00030" HPOS="1061" VPOS="656" WIDTH="100" HEIGHT="38" STYLEREFS="StyleId-1" CONTENT="very" WC="0.9125" CC="0030" />
            <SP ID="P38_SP00025" WIDTH="0" HPOS="0" VPOS="0" />
            <String ID="P38_S00031" HPOS="1198" VPOS="641" WIDTH="67" HEIGHT="53" STYLEREFS="StyleId-1" CONTENT="be¬" WC="0.793333352" CC="600" />
          </TextLine>
          <TextLine ID="P38_TL00007" HPOS="227" VPOS="717" WIDTH="1038" HEIGHT="38">
            <String ID="P38_S00032" HPOS="227" VPOS="718" WIDTH="180" HEIGHT="51" STYLEREFS="StyleId-1" CONTENT="ginning" WC="0.6685714" CC="6004066" />
            <SP ID="P38_SP00026" WIDTH="0" HPOS="0" VPOS="0" />
            <String ID="P38_S00033" HPOS="443" VPOS="714" WIDTH="44" HEIGHT="55" STYLEREFS="StyleId-1" CONTENT="of" WC="0.32" CC="76" />
            <SP ID="P38_SP00027" WIDTH="0" HPOS="0" VPOS="0" />
            <String ID="P38_S00034" HPOS="524" VPOS="715" WIDTH="170" HEIGHT="54" STYLEREFS="StyleId-1" CONTENT="chapter" WC="0.8542857" CC="0620001" />
            <SP ID="P38_SP00028" WIDTH="0" HPOS="0" VPOS="0" />
            <String ID="P38_S00035" HPOS="728" VPOS="710" WIDTH="67" HEIGHT="59" STYLEREFS="StyleId-1" CONTENT="xi:" WC="0.74666667" CC="024" />
            <SP ID="P38_SP00029" WIDTH="0" HPOS="0" VPOS="0" />
            <String ID="P38_S00036" HPOS="833" VPOS="708" WIDTH="153" HEIGHT="61" STYLEREFS="StyleId-1" CONTENT="&quot;Open" WC="0.846" CC="30004" />
            <SP ID="P38_SP00030" WIDTH="0" HPOS="0" VPOS="0" />
            <String ID="P38_S00037" HPOS="1022" VPOS="707" WIDTH="71" HEIGHT="62" STYLEREFS="StyleId-1" CONTENT="thy" WC="1" CC="000" />
            <SP ID="P38_SP00031" WIDTH="0" HPOS="0" VPOS="0" />
            <String ID="P38_S00038" HPOS="1129" VPOS="706" WIDTH="136" HEIGHT="63" STYLEREFS="StyleId-1" CONTENT="doors," WC="0.8566667" CC="200041" />
          </TextLine>
          <TextLine ID="P38_TL00008" HPOS="228" VPOS="779" WIDTH="1038" HEIGHT="38">
            <String ID="P38_S00039" HPOS="228" VPOS="781" WIDTH="36" HEIGHT="39" STYLEREFS="StyleId-1" CONTENT="0" WC="1" CC="0" />
            <SP ID="P38_SP00032" WIDTH="0" HPOS="0" VPOS="0" />
            <String ID="P38_S00040" HPOS="299" VPOS="779" WIDTH="213" HEIGHT="44" STYLEREFS="StyleId-1" CONTENT="Lebanon," WC="0.595" CC="34207273" />
            <SP ID="P38_SP00033" WIDTH="0" HPOS="0" VPOS="0" />
            <String ID="P38_S00041" HPOS="549" VPOS="774" WIDTH="89" HEIGHT="49" STYLEREFS="StyleId-1" CONTENT="that" WC="0.8325" CC="0051" />
            <SP ID="P38_SP00034" WIDTH="0" HPOS="0" VPOS="0" />
            <String ID="P38_S00042" HPOS="671" VPOS="773" WIDTH="66" HEIGHT="50" STYLEREFS="StyleId-1" CONTENT="the" WC="0.913333356" CC="020" />
            <SP ID="P38_SP00035" WIDTH="0" HPOS="0" VPOS="0" />
            <String ID="P38_S00043" HPOS="769" VPOS="773" WIDTH="75" HEIGHT="50" STYLEREFS="StyleId-1" CONTENT="fire" WC="0.665" CC="6420" />
            <SP ID="P38_SP00036" WIDTH="0" HPOS="0" VPOS="0" />
            <String ID="P38_S00044" HPOS="877" VPOS="784" WIDTH="96" HEIGHT="39" STYLEREFS="StyleId-1" CONTENT="may" WC="0.79" CC="060" />
            <SP ID="P38_SP00037" WIDTH="0" HPOS="0" VPOS="0" />
            <String ID="P38_S00045" HPOS="1005" VPOS="769" WIDTH="160" HEIGHT="54" STYLEREFS="StyleId-1" CONTENT="devour" WC="0.7683333" CC="064030" />
            <SP ID="P38_SP00038" WIDTH="0" HPOS="0" VPOS="0" />
            <String ID="P38_S00046" HPOS="1196" VPOS="767" WIDTH="70" HEIGHT="56" STYLEREFS="StyleId-1" CONTENT="thy" WC="0.6166667" CC="037" />
          </TextLine>
          <TextLine ID="P38_TL00009" HPOS="229" VPOS="842" WIDTH="1038" HEIGHT="36">
            <String ID="P38_S00047" HPOS="230" VPOS="841" WIDTH="156" HEIGHT="40" STYLEREFS="StyleId-1" CONTENT="cedars." WC="0.741428554" CC="0000665" />
            <SP ID="P38_SP00039" WIDTH="0" HPOS="0" VPOS="0" />
            <String ID="P38_S00048" HPOS="449" VPOS="838" WIDTH="143" HEIGHT="47" STYLEREFS="StyleId-1" CONTENT="Howl," WC="0.762" CC="00253" />
            <SP ID="P38_SP00040" WIDTH="0" HPOS="0" VPOS="0" />
            <String ID="P38_S00049" HPOS="627" VPOS="837" WIDTH="51" HEIGHT="48" STYLEREFS="StyleId-1" CONTENT="fir" WC="0.286666662" CC="5510" />
            <SP ID="P38_SP00041" WIDTH="0" HPOS="0" VPOS="0" />
            <String ID="P38_S00050" HPOS="714" VPOS="842" WIDTH="119" HEIGHT="43" STYLEREFS="StyleId-1" CONTENT="trees," WC="0.83" CC="000702" />
            <SP ID="P38_SP00042" WIDTH="0" HPOS="0" VPOS="0" />
            <String ID="P38_S00051" HPOS="868" VPOS="833" WIDTH="74" HEIGHT="52" STYLEREFS="StyleId-1" CONTENT="for" WC="1" CC="000" />
            <SP ID="P38_SP00043" WIDTH="0" HPOS="0" VPOS="0" />
            <String ID="P38_S00052" HPOS="973" VPOS="832" WIDTH="71" HEIGHT="53" STYLEREFS="StyleId-1" CONTENT="the" WC="0.8566667" CC="004" />
            <SP ID="P38_SP00044" WIDTH="0" HPOS="0" VPOS="0" />
            <String ID="P38_S00053" HPOS="1077" VPOS="830" WIDTH="122" HEIGHT="55" STYLEREFS="StyleId-1" CONTENT="cedar" WC="0.694" CC="05027" />
            <SP ID="P38_SP00045" WIDTH="0" HPOS="0" VPOS="0" />
            <String ID="P38_S00054" HPOS="1232" VPOS="828" WIDTH="35" HEIGHT="57" STYLEREFS="StyleId-1" CONTENT="is" WC="0.565" CC="44" />
          </TextLine>
          <TextLine ID="P38_TL00010" HPOS="227" VPOS="903" WIDTH="1040" HEIGHT="38">
            <String ID="P38_S00055" HPOS="227" VPOS="904" WIDTH="151" HEIGHT="50" STYLEREFS="StyleId-1" CONTENT="fallen;" WC="0.9285714" CC="0050000" />
            <SP ID="P38_SP00046" WIDTH="0" HPOS="0" VPOS="0" />
            <String ID="P38_S00056" HPOS="403" VPOS="903" WIDTH="174" HEIGHT="51" STYLEREFS="StyleId-1" CONTENT="because" WC="0.757142842" CC="6000910" />
            <SP ID="P38_SP00047" WIDTH="0" HPOS="0" VPOS="0" />
            <String ID="P38_S00057" HPOS="603" VPOS="899" WIDTH="68" HEIGHT="55" STYLEREFS="StyleId-1" CONTENT="the" WC="0.626666665" CC="550" />
            <SP ID="P38_SP00048" WIDTH="0" HPOS="0" VPOS="0" />
            <String ID="P38_S00058" HPOS="695" VPOS="895" WIDTH="165" HEIGHT="59" STYLEREFS="StyleId-1" CONTENT="mighty" WC="0.9716667" CC="000010" />
            <SP ID="P38_SP00049" WIDTH="0" HPOS="0" VPOS="0" />
            <String ID="P38_S00059" HPOS="882" VPOS="895" WIDTH="39" HEIGHT="59" STYLEREFS="StyleId-1" CONTENT="is" WC="0.31" CC="48" />
            <SP ID="P38_SP00050" WIDTH="0" HPOS="0" VPOS="0" />
            <String ID="P38_S00060" HPOS="941" VPOS="893" WIDTH="183" HEIGHT="61" STYLEREFS="StyleId-1" CONTENT="spoiled:" WC="0.69" CC="41650006" />
            <SP ID="P38_SP00051" WIDTH="0" HPOS="0" VPOS="0" />
            <String ID="P38_S00061" HPOS="1147" VPOS="891" WIDTH="120" HEIGHT="63" STYLEREFS="StyleId-1" CONTENT="howl," WC="0.676" CC="09402" />
          </TextLine>
          <TextLine ID="P38_TL00011" HPOS="231" VPOS="967" WIDTH="1038" HEIGHT="36">
            <String ID="P38_S00062" HPOS="231" VPOS="967" WIDTH="37" HEIGHT="39" STYLEREFS="StyleId-1" CONTENT="O" WC="0.65" CC="3" />
            <SP ID="P38_SP00052" WIDTH="0" HPOS="0" VPOS="0" />
            <String ID="P38_S00063" HPOS="293" VPOS="978" WIDTH="52" HEIGHT="37" STYLEREFS="StyleId-1" CONTENT="ye" WC="0.295" CC="67" />
            <SP ID="P38_SP00053" WIDTH="0" HPOS="0" VPOS="0" />
            <String ID="P38_S00064" HPOS="369" VPOS="965" WIDTH="103" HEIGHT="50" STYLEREFS="StyleId-1" CONTENT="oaks" WC="0.7525" CC="5400" />
            <SP ID="P38_SP00054" WIDTH="0" HPOS="0" VPOS="0" />
            <String ID="P38_S00065" HPOS="498" VPOS="962" WIDTH="47" HEIGHT="53" STYLEREFS="StyleId-1" CONTENT="of" WC="0.6" CC="80" />
            <SP ID="P38_SP00055" WIDTH="0" HPOS="0" VPOS="0" />
            <String ID="P38_S00066" HPOS="566" VPOS="961" WIDTH="195" HEIGHT="54" STYLEREFS="StyleId-1" CONTENT="Bashan;" WC="0.8457143" CC="3200310" />
            <SP ID="P38_SP00056" WIDTH="0" HPOS="0" VPOS="0" />
            <String ID="P38_S00067" HPOS="785" VPOS="959" WIDTH="73" HEIGHT="56" STYLEREFS="StyleId-1" CONTENT="for" WC="1" CC="000" />
            <SP ID="P38_SP00057" WIDTH="0" HPOS="0" VPOS="0" />
            <String ID="P38_S00068" HPOS="880" VPOS="958" WIDTH="72" HEIGHT="57" STYLEREFS="StyleId-1" CONTENT="the" WC="0.603333354" CC="308" />
            <SP ID="P38_SP00058" WIDTH="0" HPOS="0" VPOS="0" />
            <String ID="P38_S00069" HPOS="972" VPOS="957" WIDTH="135" HEIGHT="58" STYLEREFS="StyleId-1" CONTENT="forest" WC="0.7583333" CC="040603" />
            <SP ID="P38_SP00059" WIDTH="0" HPOS="0" VPOS="0" />
            <String ID="P38_S00070" HPOS="1131" VPOS="954" WIDTH="48" HEIGHT="61" STYLEREFS="StyleId-1" CONTENT="of" WC="0.765" CC="22" />
            <SP ID="P38_SP00060" WIDTH="0" HPOS="0" VPOS="0" />
            <String ID="P38_S00071" HPOS="1202" VPOS="953" WIDTH="67" HEIGHT="62" STYLEREFS="StyleId-1" CONTENT="the" WC="0.5233333" CC="157" />
          </TextLine>
          <TextLine ID="P38_TL00012" HPOS="230" VPOS="1028" WIDTH="1038" HEIGHT="37">
            <String ID="P38_S00072" HPOS="230" VPOS="1027" WIDTH="171" HEIGHT="51" STYLEREFS="StyleId-1" CONTENT="vintage" WC="0.6942857" CC="4050524" />
            <SP ID="P38_SP00061" WIDTH="0" HPOS="0" VPOS="0" />
            <String ID="P38_S00073" HPOS="426" VPOS="1025" WIDTH="38" HEIGHT="53" STYLEREFS="StyleId-1" CONTENT="is" WC="1" CC="00" />
            <SP ID="P38_SP00062" WIDTH="0" HPOS="0" VPOS="0" />
            <String ID="P38_S00074" HPOS="488" VPOS="1036" WIDTH="118" HEIGHT="42" STYLEREFS="StyleId-1" CONTENT="come" WC="0.7375" CC="0450" />
            <SP ID="P38_SP00063" WIDTH="0" HPOS="0" VPOS="0" />
            <String ID="P38_S00075" HPOS="630" VPOS="1022" WIDTH="136" HEIGHT="56" STYLEREFS="StyleId-1" CONTENT="down." WC="0.702" CC="00851" />
            <SP ID="P38_SP00064" WIDTH="0" HPOS="0" VPOS="0" />
            <String ID="P38_S00076" HPOS="812" VPOS="1020" WIDTH="135" HEIGHT="58" STYLEREFS="StyleId-1" CONTENT="There" WC="0.74" CC="20603" />
            <SP ID="P38_SP00065" WIDTH="0" HPOS="0" VPOS="0" />
            <String ID="P38_S00077" HPOS="971" VPOS="1018" WIDTH="39" HEIGHT="60" STYLEREFS="StyleId-1" CONTENT="is" WC="1" CC="00" />
            <SP ID="P38_SP00066" WIDTH="0" HPOS="0" VPOS="0" />
            <String ID="P38_S00078" HPOS="1033" VPOS="1031" WIDTH="28" HEIGHT="47" STYLEREFS="StyleId-1" CONTENT="a" WC="0.96" CC="0" />
            <SP ID="P38_SP00067" WIDTH="0" HPOS="0" VPOS="0" />
            <String ID="P38_S00079" HPOS="1083" VPOS="1016" WIDTH="118" HEIGHT="62" STYLEREFS="StyleId-1" CONTENT="voice" WC="0.624" CC="74015" />
            <SP ID="P38_SP00068" WIDTH="0" HPOS="0" VPOS="0" />
            <String ID="P38_S00080" HPOS="1225" VPOS="1016" WIDTH="43" HEIGHT="62" STYLEREFS="StyleId-1" CONTENT="of" WC="0.515" CC="09" />
          </TextLine>
          <TextLine ID="P38_TL00013" HPOS="230" VPOS="1089" WIDTH="1040" HEIGHT="39">
            <String ID="P38_S00081" HPOS="230" VPOS="1090" WIDTH="69" HEIGHT="37" STYLEREFS="StyleId-1" CONTENT="the" WC="0.533333361" CC="417" />
            <SP ID="P38_SP00069" WIDTH="0" HPOS="0" VPOS="0" />
            <String ID="P38_S00082" HPOS="317" VPOS="1086" WIDTH="187" HEIGHT="52" STYLEREFS="StyleId-1" CONTENT="holding" WC="0.54" CC="4067562" />
            <SP ID="P38_SP00070" WIDTH="0" HPOS="0" VPOS="0" />
            <String ID="P38_S00083" HPOS="522" VPOS="1085" WIDTH="47" HEIGHT="53" STYLEREFS="StyleId-1" CONTENT="of" WC="1" CC="00" />
            <SP ID="P38_SP00071" WIDTH="0" HPOS="0" VPOS="0" />
            <String ID="P38_S00084" HPOS="586" VPOS="1086" WIDTH="70" HEIGHT="52" STYLEREFS="StyleId-1" CONTENT="the" WC="0.38" CC="089" />
            <SP ID="P38_SP00072" WIDTH="0" HPOS="0" VPOS="0" />
            <String ID="P38_S00085" HPOS="669" VPOS="1081" WIDTH="255" HEIGHT="57" STYLEREFS="StyleId-1" CONTENT="shepherds;" WC="0.75" CC="0456260000" />
            <SP ID="P38_SP00073" WIDTH="0" HPOS="0" VPOS="0" />
            <String ID="P38_S00086" HPOS="940" VPOS="1080" WIDTH="72" HEIGHT="58" STYLEREFS="StyleId-1" CONTENT="for" WC="0.8233333" CC="050" />
            <SP ID="P38_SP00074" WIDTH="0" HPOS="0" VPOS="0" />
            <String ID="P38_S00087" HPOS="1028" VPOS="1079" WIDTH="108" HEIGHT="59" STYLEREFS="StyleId-1" CONTENT="their" WC="0.794" CC="30700" />
            <SP ID="P38_SP00075" WIDTH="0" HPOS="0" VPOS="0" />
            <String ID="P38_S00088" HPOS="1148" VPOS="1078" WIDTH="122" HEIGHT="60" STYLEREFS="StyleId-1" CONTENT="glory" WC="0.674" CC="203100" />
          </TextLine>
          <TextLine ID="P38_TL00014" HPOS="232" VPOS="1150" WIDTH="1039" HEIGHT="40">
            <String ID="P38_S00089" HPOS="232" VPOS="1150" WIDTH="38" HEIGHT="40" STYLEREFS="StyleId-1" CONTENT="is" WC="1" CC="00" />
            <SP ID="P38_SP00076" WIDTH="0" HPOS="0" VPOS="0" />
            <String ID="P38_S00090" HPOS="292" VPOS="1149" WIDTH="184" HEIGHT="52" STYLEREFS="StyleId-1" CONTENT="spoiled:" WC="0.865" CC="01000009" />
            <SP ID="P38_SP00077" WIDTH="0" HPOS="0" VPOS="0" />
            <String ID="P38_S00091" HPOS="503" VPOS="1162" WIDTH="26" HEIGHT="39" STYLEREFS="StyleId-1" CONTENT="a" WC="0.42" CC="5" />
            <SP ID="P38_SP00078" WIDTH="0" HPOS="0" VPOS="0" />
            <String ID="P38_S00092" HPOS="553" VPOS="1145" WIDTH="118" HEIGHT="56" STYLEREFS="StyleId-1" CONTENT="voice" WC="0.788" CC="60120" />
            <SP ID="P38_SP00079" WIDTH="0" HPOS="0" VPOS="0" />
            <String ID="P38_S00093" HPOS="697" VPOS="1145" WIDTH="46" HEIGHT="56" STYLEREFS="StyleId-1" CONTENT="of" WC="1" CC="00" />
            <SP ID="P38_SP00080" WIDTH="0" HPOS="0" VPOS="0" />
            <String ID="P38_S00094" HPOS="770" VPOS="1144" WIDTH="69" HEIGHT="57" STYLEREFS="StyleId-1" CONTENT="the" WC="0.6166667" CC="047" />
            <SP ID="P38_SP00081" WIDTH="0" HPOS="0" VPOS="0" />
            <String ID="P38_S00095" HPOS="863" VPOS="1141" WIDTH="173" HEIGHT="60" STYLEREFS="StyleId-1" CONTENT="roaring" WC="0.73" CC="0017252" />
            <SP ID="P38_SP00082" WIDTH="0" HPOS="0" VPOS="0" />
            <String ID="P38_S00096" HPOS="1060" VPOS="1141" WIDTH="47" HEIGHT="60" STYLEREFS="StyleId-1" CONTENT="of" WC="1" CC="00" />
            <SP ID="P38_SP00083" WIDTH="0" HPOS="0" VPOS="0" />
            <String ID="P38_S00097" HPOS="1127" VPOS="1153" WIDTH="144" HEIGHT="48" STYLEREFS="StyleId-1" CONTENT="young" WC="0.8" CC="00063" />
          </TextLine>
          <TextLine ID="P38_TL00015" HPOS="234" VPOS="1213" WIDTH="983" HEIGHT="40">
            <String ID="P38_S00098" HPOS="234" VPOS="1212" WIDTH="130" HEIGHT="48" STYLEREFS="StyleId-1" CONTENT="lions;" WC="0.761666656" CC="304600" />
            <SP ID="P38_SP00084" WIDTH="0" HPOS="0" VPOS="0" />
            <String ID="P38_S00099" HPOS="386" VPOS="1212" WIDTH="69" HEIGHT="51" STYLEREFS="StyleId-1" CONTENT="for" WC="0.8566667" CC="040" />
            <SP ID="P38_SP00085" WIDTH="0" HPOS="0" VPOS="0" />
            <String ID="P38_S00100" HPOS="479" VPOS="1209" WIDTH="69" HEIGHT="54" STYLEREFS="StyleId-1" CONTENT="the" WC="0.79" CC="006" />
            <SP ID="P38_SP00086" WIDTH="0" HPOS="0" VPOS="0" />
            <String ID="P38_S00101" HPOS="568" VPOS="1208" WIDTH="118" HEIGHT="55" STYLEREFS="StyleId-1" CONTENT="pride" WC="0.798" CC="00306" />
            <SP ID="P38_SP00087" WIDTH="0" HPOS="0" VPOS="0" />
            <String ID="P38_S00102" HPOS="712" VPOS="1207" WIDTH="46" HEIGHT="56" STYLEREFS="StyleId-1" CONTENT="of" WC="0.91" CC="10" />
            <SP ID="P38_SP00088" WIDTH="0" HPOS="0" VPOS="0" />
            <String ID="P38_S00103" HPOS="779" VPOS="1206" WIDTH="159" HEIGHT="57" STYLEREFS="StyleId-1" CONTENT="Jordan" WC="0.625" CC="135056" />
            <SP ID="P38_SP00089" WIDTH="0" HPOS="0" VPOS="0" />
            <String ID="P38_S00104" HPOS="963" VPOS="1205" WIDTH="34" HEIGHT="58" STYLEREFS="StyleId-1" CONTENT="is" WC="0.365" CC="210" />
            <SP ID="P38_SP00090" WIDTH="0" HPOS="0" VPOS="0" />
            <String ID="P38_S00105" HPOS="1018" VPOS="1200" WIDTH="198" HEIGHT="63" STYLEREFS="StyleId-1" CONTENT="spoiled.&quot;" WC="0.83" CC="000023043" />
          </TextLine>
          <TextLine ID="P38_TL00016" HPOS="724" VPOS="1297" WIDTH="548" HEIGHT="44">
            <String ID="P38_S00106" HPOS="724" VPOS="1295" WIDTH="223" HEIGHT="53" STYLEREFS="StyleId-1" CONTENT="Josephus," WC="0.8188889" CC="060004401" />
            <SP ID="P38_SP00091" WIDTH="0" HPOS="0" VPOS="0" />
            <String ID="P38_S00107" HPOS="1011" VPOS="1293" WIDTH="71" HEIGHT="55" STYLEREFS="StyleId-1" CONTENT="the" WC="0.276666671" CC="587" />
            <SP ID="P38_SP00092" WIDTH="0" HPOS="0" VPOS="0" />
            <String ID="P38_S00108" HPOS="1154" VPOS="1295" WIDTH="118" HEIGHT="53" STYLEREFS="StyleId-1" CONTENT="great" WC="0.542" CC="100066" />
          </TextLine>
          <TextLine ID="P38_TL00017" HPOS="238" VPOS="1366" WIDTH="1036" HEIGHT="39">
            <String ID="P38_S00109" HPOS="238" VPOS="1367" WIDTH="224" HEIGHT="53" STYLEREFS="StyleId-1" CONTENT="Josephus" WC="0.83" CC="01021260" />
            <SP ID="P38_SP00093" WIDTH="0" HPOS="0" VPOS="0" />
            <String ID="P38_S00110" HPOS="501" VPOS="1363" WIDTH="178" HEIGHT="57" STYLEREFS="StyleId-1" CONTENT="Recites" WC="0.87" CC="2006000" />
            <SP ID="P38_SP00094" WIDTH="0" HPOS="0" VPOS="0" />
            <String ID="P38_S00111" HPOS="726" VPOS="1359" WIDTH="158" HEIGHT="61" STYLEREFS="StyleId-1" CONTENT="Jewish" WC="0.571666658" CC="705607" />
            <SP ID="P38_SP00095" WIDTH="0" HPOS="0" VPOS="0" />
            <String ID="P38_S00112" HPOS="919" VPOS="1357" WIDTH="216" HEIGHT="63" STYLEREFS="StyleId-1" CONTENT="historian," WC="0.601" CC="06241000663" />
            <SP ID="P38_SP00096" WIDTH="0" HPOS="0" VPOS="0" />
            <String ID="P38_S00113" HPOS="1170" VPOS="1351" WIDTH="104" HEIGHT="69" STYLEREFS="StyleId-1" CONTENT="tells," WC="0.725" CC="403601" />
          </TextLine>
          <TextLine ID="P38_TL00018" HPOS="234" VPOS="1429" WIDTH="1042" HEIGHT="38">
            <String ID="P38_S00114" HPOS="234" VPOS="1431" WIDTH="43" HEIGHT="38" STYLEREFS="StyleId-1" CONTENT="A" WC="0.66" CC="3" />
            <SP ID="P38_SP00097" WIDTH="0" HPOS="0" VPOS="0" />
            <String ID="P38_S00115" HPOS="304" VPOS="1429" WIDTH="193" HEIGHT="50" STYLEREFS="StyleId-1" CONTENT="Strange" WC="0.818571448" CC="0050070" />
            <SP ID="P38_SP00098" WIDTH="0" HPOS="0" VPOS="0" />
            <String ID="P38_S00116" HPOS="731" VPOS="1422" WIDTH="89" HEIGHT="57" STYLEREFS="StyleId-1" CONTENT="that" WC="0.83" CC="0060" />
            <SP ID="P38_SP00099" WIDTH="0" HPOS="0" VPOS="0" />
            <String ID="P38_S00117" HPOS="854" VPOS="1426" WIDTH="43" HEIGHT="53" STYLEREFS="StyleId-1" CONTENT="at" WC="0.905" CC="10" />
            <SP ID="P38_SP00100" WIDTH="0" HPOS="0" VPOS="0" />
            <String ID="P38_S00118" HPOS="930" VPOS="1432" WIDTH="25" HEIGHT="47" STYLEREFS="StyleId-1" CONTENT="a" WC="0.1" CC="9" />
            <SP ID="P38_SP00101" WIDTH="0" HPOS="0" VPOS="0" />
            <String ID="P38_S00119" HPOS="989" VPOS="1416" WIDTH="156" HEIGHT="63" STYLEREFS="StyleId-1" CONTENT="certain" WC="0.9114286" CC="0000500" />
            <SP ID="P38_SP00102" WIDTH="0" HPOS="0" VPOS="0" />
            <String ID="P38_S00120" HPOS="1175" VPOS="1414" WIDTH="101" HEIGHT="65" STYLEREFS="StyleId-1" CONTENT="time" WC="0.58" CC="5460" />
          </TextLine>
          <TextLine ID="P38_TL00019" HPOS="237" VPOS="1491" WIDTH="1039" HEIGHT="36">
            <String ID="P38_S00121" HPOS="237" VPOS="1497" WIDTH="219" HEIGHT="40" STYLEREFS="StyleId-1" CONTENT="Incident." WC="0.516666651" CC="393720854" />
            <SP ID="P38_SP00103" WIDTH="0" HPOS="0" VPOS="0" />
            <String ID="P38_S00122" HPOS="730" VPOS="1484" WIDTH="109" HEIGHT="53" STYLEREFS="StyleId-1" CONTENT="after" WC="0.664" CC="69001" />
            <SP ID="P38_SP00104" WIDTH="0" HPOS="0" VPOS="0" />
            <String ID="P38_S00123" HPOS="859" VPOS="1481" WIDTH="82" HEIGHT="56" STYLEREFS="StyleId-1" CONTENT="this" WC="0.995" CC="0000" />
            <SP ID="P38_SP00105" WIDTH="0" HPOS="0" VPOS="0" />
            <String ID="P38_S00124" HPOS="960" VPOS="1478" WIDTH="210" HEIGHT="59" STYLEREFS="StyleId-1" CONTENT="prophecy" WC="0.945" CC="04000000" />
            <SP ID="P38_SP00106" WIDTH="0" HPOS="0" VPOS="0" />
            <String ID="P38_S00125" HPOS="1190" VPOS="1488" WIDTH="85" HEIGHT="49" STYLEREFS="StyleId-1" CONTENT="was" WC="0.803333342" CC="050" />
          </TextLine>
          <TextLine ID="P38_TL00020" HPOS="735" VPOS="1545" WIDTH="539" HEIGHT="44">
            <String ID="P38_S00126" HPOS="735" VPOS="1543" WIDTH="178" HEIGHT="47" STYLEREFS="StyleId-1" CONTENT="uttered," WC="0.67125" CC="610006004" />
            <SP ID="P38_SP00107" WIDTH="0" HPOS="0" VPOS="0" />
            <String ID="P38_S00127" HPOS="954" VPOS="1542" WIDTH="82" HEIGHT="48" STYLEREFS="StyleId-1" CONTENT="and" WC="0.75666666" CC="070" />
            <SP ID="P38_SP00108" WIDTH="0" HPOS="0" VPOS="0" />
            <String ID="P38_S00128" HPOS="1078" VPOS="1540" WIDTH="88" HEIGHT="52" STYLEREFS="StyleId-1" CONTENT="just" WC="0.7675" CC="5300" />
            <SP ID="P38_SP00109" WIDTH="0" HPOS="0" VPOS="0" />
            <String ID="P38_S00129" HPOS="1205" VPOS="1539" WIDTH="68" HEIGHT="53" STYLEREFS="StyleId-1" CONTENT="be¬" WC="0.75" CC="700" />
          </TextLine>
          <TextLine ID="P38_TL00021" HPOS="239" VPOS="1615" WIDTH="1038" HEIGHT="36">
            <String ID="P38_S00130" HPOS="239" VPOS="1618" WIDTH="93" HEIGHT="39" STYLEREFS="StyleId-1" CONTENT="fore" WC="0.735" CC="3070" />
            <SP ID="P38_SP00110" WIDTH="0" HPOS="0" VPOS="0" />
            <String ID="P38_S00131" HPOS="359" VPOS="1616" WIDTH="70" HEIGHT="41" STYLEREFS="StyleId-1" CONTENT="the" WC="0.776666641" CC="600" />
            <SP ID="P38_SP00111" WIDTH="0" HPOS="0" VPOS="0" />
            <String ID="P38_S00132" HPOS="461" VPOS="1611" WIDTH="256" HEIGHT="46" STYLEREFS="StyleId-1" CONTENT="destruction" WC="0.91" CC="00000400103" />
            <SP ID="P38_SP00112" WIDTH="0" HPOS="0" VPOS="0" />
            <String ID="P38_S00133" HPOS="748" VPOS="1608" WIDTH="45" HEIGHT="49" STYLEREFS="StyleId-1" CONTENT="of" WC="0.67" CC="06" />
            <SP ID="P38_SP00113" WIDTH="0" HPOS="0" VPOS="0" />
            <String ID="P38_S00134" HPOS="824" VPOS="1606" WIDTH="70" HEIGHT="51" STYLEREFS="StyleId-1" CONTENT="the" WC="0.6666667" CC="0100" />
            <SP ID="P38_SP00114" WIDTH="0" HPOS="0" VPOS="0" />
            <String ID="P38_S00135" HPOS="923" VPOS="1603" WIDTH="173" HEIGHT="54" STYLEREFS="StyleId-1" CONTENT="Temple" WC="0.946666658" CC="100020" />
            <SP ID="P38_SP00115" WIDTH="0" HPOS="0" VPOS="0" />
            <String ID="P38_S00136" HPOS="1125" VPOS="1602" WIDTH="56" HEIGHT="55" STYLEREFS="StyleId-1" CONTENT="by" WC="0.83" CC="30" />
            <SP ID="P38_SP00116" WIDTH="0" HPOS="0" VPOS="0" />
            <String ID="P38_S00137" HPOS="1207" VPOS="1600" WIDTH="69" HEIGHT="57" STYLEREFS="StyleId-1" CONTENT="the" WC="0.75" CC="070" />
          </TextLine>
          <TextLine ID="P38_TL00022" HPOS="239" VPOS="1677" WIDTH="1038" HEIGHT="36">
            <String ID="P38_S00138" HPOS="239" VPOS="1681" WIDTH="201" HEIGHT="43" STYLEREFS="StyleId-1" CONTENT="Romans," WC="0.764285743" CC="0004704" />
            <SP ID="P38_SP00117" WIDTH="0" HPOS="0" VPOS="0" />
            <String ID="P38_S00139" HPOS="474" VPOS="1676" WIDTH="70" HEIGHT="48" STYLEREFS="StyleId-1" CONTENT="the" WC="0.6666667" CC="063" />
            <SP ID="P38_SP00118" WIDTH="0" HPOS="0" VPOS="0" />
            <String ID="P38_S00140" HPOS="577" VPOS="1675" WIDTH="125" HEIGHT="49" STYLEREFS="StyleId-1" CONTENT="doors" WC="0.77" CC="00740" />
            <SP ID="P38_SP00119" WIDTH="0" HPOS="0" VPOS="0" />
            <String ID="P38_S00141" HPOS="735" VPOS="1670" WIDTH="48" HEIGHT="54" STYLEREFS="StyleId-1" CONTENT="of" WC="0.465" CC="82" />
            <SP ID="P38_SP00120" WIDTH="0" HPOS="0" VPOS="0" />
            <String ID="P38_S00142" HPOS="812" VPOS="1669" WIDTH="92" HEIGHT="55" STYLEREFS="StyleId-1" CONTENT="that" WC="0.6525" CC="10300" />
            <SP ID="P38_SP00121" WIDTH="0" HPOS="0" VPOS="0" />
            <String ID="P38_S00143" HPOS="938" VPOS="1671" WIDTH="119" HEIGHT="53" STYLEREFS="StyleId-1" CONTENT="great" WC="0.634" CC="108000" />
            <SP ID="P38_SP00122" WIDTH="0" HPOS="0" VPOS="0" />
            <String ID="P38_S00144" HPOS="1086" VPOS="1662" WIDTH="191" HEIGHT="62" STYLEREFS="StyleId-1" CONTENT="building" WC="0.475" CC="6100403810" />
          </TextLine>
          <TextLine ID="P38_TL00023" HPOS="238" VPOS="1738" WIDTH="1039" HEIGHT="39">
            <String ID="P38_S00145" HPOS="238" VPOS="1741" WIDTH="161" HEIGHT="51" STYLEREFS="StyleId-1" CONTENT="opened" WC="1" CC="000000" />
            <SP ID="P38_SP00123" WIDTH="0" HPOS="0" VPOS="0" />
            <String ID="P38_S00146" HPOS="424" VPOS="1738" WIDTH="45" HEIGHT="54" STYLEREFS="StyleId-1" CONTENT="of" WC="0.815" CC="30" />
            <SP ID="P38_SP00124" WIDTH="0" HPOS="0" VPOS="0" />
            <String ID="P38_S00147" HPOS="491" VPOS="1735" WIDTH="109" HEIGHT="57" STYLEREFS="StyleId-1" CONTENT="their" WC="0.93" CC="00030" />
            <SP ID="P38_SP00125" WIDTH="0" HPOS="0" VPOS="0" />
            <String ID="P38_S00148" HPOS="621" VPOS="1747" WIDTH="97" HEIGHT="45" STYLEREFS="StyleId-1" CONTENT="own" WC="0.433333337" CC="1007" />
            <SP ID="P38_SP00126" WIDTH="0" HPOS="0" VPOS="0" />
            <String ID="P38_S00149" HPOS="743" VPOS="1731" WIDTH="161" HEIGHT="61" STYLEREFS="StyleId-1" CONTENT="accord," WC="0.87" CC="0006101" />
            <SP ID="P38_SP00127" WIDTH="0" HPOS="0" VPOS="0" />
            <String ID="P38_S00150" HPOS="929" VPOS="1729" WIDTH="82" HEIGHT="63" STYLEREFS="StyleId-1" CONTENT="and" WC="0.6766667" CC="090" />
            <SP ID="P38_SP00128" WIDTH="0" HPOS="0" VPOS="0" />
            <String ID="P38_S00151" HPOS="1032" VPOS="1726" WIDTH="92" HEIGHT="66" STYLEREFS="StyleId-1" CONTENT="that" WC="0.81" CC="0700" />
            <SP ID="P38_SP00129" WIDTH="0" HPOS="0" VPOS="0" />
            <String ID="P38_S00152" HPOS="1145" VPOS="1738" WIDTH="22" HEIGHT="54" STYLEREFS="StyleId-1" CONTENT="a" WC="0.2" CC="8" />
            <SP ID="P38_SP00130" WIDTH="0" HPOS="0" VPOS="0" />
            <String ID="P38_S00153" HPOS="1192" VPOS="1736" WIDTH="85" HEIGHT="56" STYLEREFS="StyleId-1" CONTENT="cer¬" WC="0.75" CC="0063" />
          </TextLine>
          <TextLine ID="P38_TL00024" HPOS="238" VPOS="1801" WIDTH="1051" HEIGHT="37">
            <String ID="P38_S00154" HPOS="238" VPOS="1804" WIDTH="86" HEIGHT="39" STYLEREFS="StyleId-1" CONTENT="tain" WC="0.57" CC="0943" />
            <SP ID="P38_SP00131" WIDTH="0" HPOS="0" VPOS="0" />
            <String ID="P38_S00155" HPOS="354" VPOS="1802" WIDTH="120" HEIGHT="50" STYLEREFS="StyleId-1" CONTENT="pious" WC="0.804" CC="05400" />
            <SP ID="P38_SP00132" WIDTH="0" HPOS="0" VPOS="0" />
            <String ID="P38_S00156" HPOS="502" VPOS="1811" WIDTH="100" HEIGHT="41" STYLEREFS="StyleId-1" CONTENT="man" WC="0.6666667" CC="0010" />
            <SP ID="P38_SP00133" WIDTH="0" HPOS="0" VPOS="0" />
            <String ID="P38_S00157" HPOS="629" VPOS="1797" WIDTH="96" HEIGHT="55" STYLEREFS="StyleId-1" CONTENT="who" WC="0.6" CC="560" />
            <SP ID="P38_SP00134" WIDTH="0" HPOS="0" VPOS="0" />
            <String ID="P38_S00158" HPOS="752" VPOS="1791" WIDTH="223" HEIGHT="61" STYLEREFS="StyleId-1" CONTENT="witnessed" WC="0.9588889" CC="030000000" />
            <SP ID="P38_SP00135" WIDTH="0" HPOS="0" VPOS="0" />
            <String ID="P38_S00159" HPOS="1003" VPOS="1789" WIDTH="72" HEIGHT="63" STYLEREFS="StyleId-1" CONTENT="the" WC="0.463333338" CC="0106" />
            <SP ID="P38_SP00136" WIDTH="0" HPOS="0" VPOS="0" />
            <String ID="P38_S00160" HPOS="1101" VPOS="1785" WIDTH="188" HEIGHT="67" STYLEREFS="StyleId-1" CONTENT="unusual'" WC="0.40875" CC="64746764" />
          </TextLine>
          <TextLine ID="P38_TL00025" HPOS="240" VPOS="1862" WIDTH="1039" HEIGHT="38">
            <String ID="P38_S00161" HPOS="240" VPOS="1863" WIDTH="215" HEIGHT="52" STYLEREFS="StyleId-1" CONTENT="spectacle," WC="0.899" CC="0000000603" />
            <SP ID="P38_SP00137" WIDTH="0" HPOS="0" VPOS="0" />
            <String ID="P38_S00162" HPOS="484" VPOS="1860" WIDTH="90" HEIGHT="55" STYLEREFS="StyleId-1" CONTENT="said" WC="0.87" CC="0050" />
            <SP ID="P38_SP00138" WIDTH="0" HPOS="0" VPOS="0" />
            <String ID="P38_S00163" HPOS="600" VPOS="1858" WIDTH="46" HEIGHT="57" STYLEREFS="StyleId-1" CONTENT="of" WC="0.835" CC="30" />
            <SP ID="P38_SP00139" WIDTH="0" HPOS="0" VPOS="0" />
            <String ID="P38_S00164" HPOS="671" VPOS="1857" WIDTH="71" HEIGHT="58" STYLEREFS="StyleId-1" CONTENT="the" WC="0.77" CC="060" />
            <SP ID="P38_SP00140" WIDTH="0" HPOS="0" VPOS="0" />
            <String ID="P38_S00165" HPOS="767" VPOS="1855" WIDTH="187" HEIGHT="60" STYLEREFS="StyleId-1" CONTENT="Temple," WC="0.871428549" CC="0000404" />
            <SP ID="P38_SP00141" WIDTH="0" HPOS="0" VPOS="0" />
            <String ID="P38_S00166" HPOS="981" VPOS="1852" WIDTH="47" HEIGHT="63" STYLEREFS="StyleId-1" CONTENT="&quot;I" WC="0.735" CC="22" />
            <SP ID="P38_SP00142" WIDTH="0" HPOS="0" VPOS="0" />
            <String ID="P38_S00167" HPOS="1055" VPOS="1852" WIDTH="125" HEIGHT="63" STYLEREFS="StyleId-1" CONTENT="know" WC="0.905" CC="0120" />
            <SP ID="P38_SP00143" WIDTH="0" HPOS="0" VPOS="0" />
            <String ID="P38_S00168" HPOS="1206" VPOS="1847" WIDTH="73" HEIGHT="68" STYLEREFS="StyleId-1" CONTENT="thy" WC="0.8333333" CC="005" />
          </TextLine>
          <TextLine ID="P38_TL00026" HPOS="241" VPOS="1926" WIDTH="1040" HEIGHT="36">
            <String ID="P38_S00169" HPOS="242" VPOS="1923" WIDTH="257" HEIGHT="42" STYLEREFS="StyleId-1" CONTENT="destruction" WC="0.780909061" CC="00094000270" />
            <SP ID="P38_SP00144" WIDTH="0" HPOS="0" VPOS="0" />
            <String ID="P38_S00170" HPOS="538" VPOS="1922" WIDTH="37" HEIGHT="43" STYLEREFS="StyleId-1" CONTENT="is" WC="0.845" CC="30" />
            <SP ID="P38_SP00145" WIDTH="0" HPOS="0" VPOS="0" />
            <String ID="P38_S00171" HPOS="615" VPOS="1926" WIDTH="42" HEIGHT="39" STYLEREFS="StyleId-1" CONTENT="at" WC="1" CC="00" />
            <SP ID="P38_SP00146" WIDTH="0" HPOS="0" VPOS="0" />
            <String ID="P38_S00172" HPOS="695" VPOS="1918" WIDTH="128" HEIGHT="47" STYLEREFS="StyleId-1" CONTENT="hand," WC="0.762" CC="70004" />
            <SP ID="P38_SP00147" WIDTH="0" HPOS="0" VPOS="0" />
            <String ID="P38_S00173" HPOS="864" VPOS="1914" WIDTH="228" HEIGHT="51" STYLEREFS="StyleId-1" CONTENT="according" WC="0.724444449" CC="010127580" />
            <SP ID="P38_SP00148" WIDTH="0" HPOS="0" VPOS="0" />
            <String ID="P38_S00174" HPOS="1128" VPOS="1918" WIDTH="46" HEIGHT="47" STYLEREFS="StyleId-1" CONTENT="to" WC="0.555" CC="08" />
            <SP ID="P38_SP00149" WIDTH="0" HPOS="0" VPOS="0" />
            <String ID="P38_S00175" HPOS="1211" VPOS="1913" WIDTH="70" HEIGHT="52" STYLEREFS="StyleId-1" CONTENT="the" WC="0.5466667" CC="3100" />
          </TextLine>
          <TextLine ID="P38_TL00027" HPOS="239" VPOS="1985" WIDTH="586" HEIGHT="44">
            <String ID="P38_S00176" HPOS="240" VPOS="1984" WIDTH="211" HEIGHT="53" STYLEREFS="StyleId-1" CONTENT="prophecy" WC="0.80875" CC="103002000" />
            <SP ID="P38_SP00150" WIDTH="0" HPOS="0" VPOS="0" />
            <String ID="P38_S00177" HPOS="479" VPOS="1982" WIDTH="49" HEIGHT="55" STYLEREFS="StyleId-1" CONTENT="of" WC="0.335" CC="66" />
            <SP ID="P38_SP00151" WIDTH="0" HPOS="0" VPOS="0" />
            <String ID="P38_S00178" HPOS="553" VPOS="1978" WIDTH="272" HEIGHT="59" STYLEREFS="StyleId-1" CONTENT="Zechariah.&quot;" WC="0.7609091" CC="00060340704" />
          </TextLine>
          <TextLine ID="P38_TL00028" HPOS="293" VPOS="2045" WIDTH="988" HEIGHT="40">
            <String ID="P38_S00179" HPOS="293" VPOS="2044" WIDTH="103" HEIGHT="40" STYLEREFS="StyleId-1" CONTENT="This" WC="0.745" CC="5040" />
            <SP ID="P38_SP00152" WIDTH="0" HPOS="0" VPOS="0" />
            <String ID="P38_S00180" HPOS="416" VPOS="2043" WIDTH="140" HEIGHT="41" STYLEREFS="StyleId-1" CONTENT="shows" WC="1" CC="00000" />
            <SP ID="P38_SP00153" WIDTH="0" HPOS="0" VPOS="0" />
            <String ID="P38_S00181" HPOS="572" VPOS="2047" WIDTH="48" HEIGHT="37" STYLEREFS="StyleId-1" CONTENT="to" WC="0.405" CC="74" />
            <SP ID="P38_SP00154" WIDTH="0" HPOS="0" VPOS="0" />
            <String ID="P38_S00182" HPOS="639" VPOS="2040" WIDTH="115" HEIGHT="44" STYLEREFS="StyleId-1" CONTENT="what" WC="1" CC="0000" />
            <SP ID="P38_SP00155" WIDTH="0" HPOS="0" VPOS="0" />
            <String ID="P38_S00183" HPOS="773" VPOS="2052" WIDTH="103" HEIGHT="32" STYLEREFS="StyleId-1" CONTENT="even" WC="0.84" CC="0006" />
            <SP ID="P38_SP00156" WIDTH="0" HPOS="0" VPOS="0" />
            <String ID="P38_S00184" HPOS="898" VPOS="2037" WIDTH="71" HEIGHT="47" STYLEREFS="StyleId-1" CONTENT="the" WC="0.89" CC="030" />
            <SP ID="P38_SP00157" WIDTH="0" HPOS="0" VPOS="0" />
            <String ID="P38_S00185" HPOS="987" VPOS="2038" WIDTH="166" HEIGHT="46" STYLEREFS="StyleId-1" CONTENT="ancient" WC="0.817142844" CC="4403000" />
            <SP ID="P38_SP00158" WIDTH="0" HPOS="0" VPOS="0" />
            <String ID="P38_S00186" HPOS="1170" VPOS="2035" WIDTH="111" HEIGHT="51" STYLEREFS="StyleId-1" CONTENT="Jews" WC="0.4425" CC="5861" />
          </TextLine>
          <TextLine ID="P38_TL00029" HPOS="243" VPOS="2106" WIDTH="1040" HEIGHT="38">
            <String ID="P38_S00187" HPOS="243" VPOS="2104" WIDTH="210" HEIGHT="54" STYLEREFS="StyleId-1" CONTENT="supposed" WC="0.6375" CC="06057108" />
            <SP ID="P38_SP00159" WIDTH="0" HPOS="0" VPOS="0" />
            <String ID="P38_S00188" HPOS="493" VPOS="2102" WIDTH="83" HEIGHT="56" STYLEREFS="StyleId-1" CONTENT="this" WC="0.695" CC="0660" />
            <SP ID="P38_SP00160" WIDTH="0" HPOS="0" VPOS="0" />
            <String ID="P38_S00189" HPOS="617" VPOS="2101" WIDTH="217" HEIGHT="57" STYLEREFS="StyleId-1" CONTENT="prophecy" WC="0.3425" CC="707106677" />
            <SP ID="P38_SP00161" WIDTH="0" HPOS="0" VPOS="0" />
            <String ID="P38_S00190" HPOS="873" VPOS="2099" WIDTH="203" HEIGHT="59" STYLEREFS="StyleId-1" CONTENT="referred." WC="0.7644445" CC="004200354" />
            <SP ID="P38_SP00162" WIDTH="0" HPOS="0" VPOS="0" />
            <String ID="P38_S00191" HPOS="1146" VPOS="2093" WIDTH="137" HEIGHT="65" STYLEREFS="StyleId-1" CONTENT="&quot;Leb¬" WC="0.622" CC="43073" />
          </TextLine>
          <TextLine ID="P38_TL00030" HPOS="238" VPOS="2168" WIDTH="1047" HEIGHT="40">
            <String ID="P38_S00192" HPOS="238" VPOS="2180" WIDTH="114" HEIGHT="31" STYLEREFS="StyleId-1" CONTENT="anon" WC="0.3" CC="6677" />
            <SP ID="P38_SP00163" WIDTH="0" HPOS="0" VPOS="0" />
            <String ID="P38_S00193" HPOS="369" VPOS="2178" WIDTH="99" HEIGHT="40" STYLEREFS="StyleId-1" CONTENT="may" WC="0.17" CC="8610" />
            <SP ID="P38_SP00164" WIDTH="0" HPOS="0" VPOS="0" />
            <String ID="P38_S00194" HPOS="488" VPOS="2163" WIDTH="133" HEIGHT="55" STYLEREFS="StyleId-1" CONTENT="either" WC="0.476666659" CC="058773" />
            <SP ID="P38_SP00165" WIDTH="0" HPOS="0" VPOS="0" />
            <String ID="P38_S00195" HPOS="641" VPOS="2161" WIDTH="163" HEIGHT="57" STYLEREFS="StyleId-1" CONTENT="signify" WC="0.6614286" CC="31024210" />
            <SP ID="P38_SP00166" WIDTH="0" HPOS="0" VPOS="0" />
            <String ID="P38_S00196" HPOS="819" VPOS="2162" WIDTH="77" HEIGHT="56" STYLEREFS="StyleId-1" CONTENT="the" WC="0.44" CC="790" />
            <SP ID="P38_SP00167" WIDTH="0" HPOS="0" VPOS="0" />
            <String ID="P38_S00197" HPOS="916" VPOS="2160" WIDTH="176" HEIGHT="58" STYLEREFS="StyleId-1" CONTENT="Temple" WC="0.52" CC="706770" />
            <SP ID="P38_SP00168" WIDTH="0" HPOS="0" VPOS="0" />
            <String ID="P38_S00198" HPOS="1111" VPOS="2158" WIDTH="107" HEIGHT="60" STYLEREFS="StyleId-1" CONTENT="built" WC="0.416" CC="77527" />
            <SP ID="P38_SP00169" WIDTH="0" HPOS="0" VPOS="0" />
            <String ID="P38_S00199" HPOS="1236" VPOS="2156" WIDTH="49" HEIGHT="62" STYLEREFS="StyleId-1" CONTENT="of" WC="0.285" CC="76" />
          </TextLine>
        </TextBlock>
      </PrintSpace>
    </Page>
  </Layout>
</alto>