1507 2504
233 279 47 26 lo
318 282 100 28 LIFE
449 284 95 28 AND
578 284 273 29 PROPHECIES
884 282 55 31 OF
971 275 285 38 ZECHARIAH.

229 389 184 40 mulated
438 390 120 40 those
582 391 118 50 plans
727 387 142 54 which
891 385 85 56 had
1002 382 124 59 made
1151 381 133 60 Israel

228 462 23 26 a
269 457 119 43 great
405 463 122 37 name
546 463 157 37 among
720 449 70 51 the
808 448 167 52 nations
994 444 48 56 of
1058 443 73 57 the
1147 440 135 60 earth.

285 510 38 39 It
349 524 85 26 was
462 511 117 41 there
605 511 92 41 that
722 510 69 42 the
818 514 121 46 great
968 505 205 55 Solomon
1199 504 85 56 had

226 572 171 38 startled
419 572 69 38 the
510 573 134 39 world
667 572 53 49 by
741 570 65 51 his
829 574 121 47 great
972 567 84 54 and
1078 567 203 54 astound¬

226 633 74 49 ing
329 632 189 50 wisdom.
579 633 138 49 There
746 632 71 50 the
845 631 115 51 good
991 629 120 53 King
1141 630 138 52 Heze-

224 694 96 38 kiah
345 694 82 38 had
452 695 108 38 done
585 694 88 39 that
697 691 141 42 which
860 705 88 28 was
975 692 145 52 "right
1142 692 46 52 in
1211 691 68 53 tbe

224 754 114 51 sight
361 754 47 51 of
432 754 70 51 the
526 754 156 51 Lord/'
708 755 84 50 and
816 754 85 51 had
926 753 193 52 "walked
1141 756 43 49 in
1208 753 70 52 the

223 815 204 52 footsteps
446 816 49 51 of
514 816 64 51 his
600 815 201 52 fathers."

279 879 38 38 It
343 892 84 26 was
454 884 95 34 true
572 879 91 40 that
687 878 72 43 the
784 887 121 44 great
928 880 181 51 prophet
1135 879 142 52 Isaiah

221 940 83 40 had
327 941 92 39 said
445 941 46 40 of
515 940 81 41 this
624 941 116 51 Holy
767 941 117 52 City:
912 941 137 52 "Woe
1074 950 42 43 to
1142 944 134 49 Ariel,

223 1009 40 33 to
292 1002 132 49 Ariel,
456 1004 68 47 the
555 1003 83 52 city
668 1004 142 51 where
837 1005 145 50 David
1012 1005 150 50 dwelt!
1193 1005 83 50 add

218 1078 52 38 ye
284 1077 102 39 year
406 1072 40 44 to
468 1078 123 39 year:
613 1066 56 51 let
690 1067 113 50 them
826 1066 73 51 kill
917 1067 224 50 sacrifices.
1196 1068 82 49 Yet

218 1128 23 38 I
256 1127 86 42 will
359 1127 176 43 distress
550 1128 132 49 Ariel,
702 1129 83 48 and
803 1128 117 49 there
935 1129 112 48 shall
1063 1131 49 46 be
1130 1130 145 47 heavi-

221 1189 82 42 iess
326 1190 84 41 and
432 1203 187 37 sorrow;
643 1193 83 47 and
749 1191 35 49 it
805 1192 110 48 shall
939 1192 47 48 be
1010 1198 103 42 unio
1139 1205 66 35 me
1229 1205 47 35 as

220 1258 101 33 unto
350 1252 130 44 Ariel.
539 1253 102 43 And
669 1254 24 42 I
720 1254 87 42 will
833 1260 120 47 camp
984 1254 169 53 against
1181 1254 93 53 thee

220 1313 137 40 round
381 1314 140 49 about,
544 1316 84 47 and
650 1314 87 49 zvill
759 1316 67 51 lay
848 1315 118 53 si>g?
988 1316 169 52 against
1181 1317 94 51 thee

219 1374 103 40 with
346 1389 24 25 a
396 1382 158 43 mount,
580 1378 83 47 and
684 1378 25 47 I
731 1377 87 48 will
840 1377 111 48 raise
971 1378 113 52 forts
1106 1378 169 52 against

221 1436 117 39 thee"
371 1437 164 50 (Isaiah
557 1438 173 49 xxix:i,
755 1452 38 35 2,
817 1439 68 51 3).

273 1498 38 40 It
331 1512 85 26 was
436 1506 95 33 true
550 1500 91 40 that
662 1514 126 38 every
807 1502 121 50 word
948 1501 47 51 of
1013 1501 84 51 this
1120 1502 152 50 dismal

219 1560 210 53 prophecy
458 1575 87 38 was
576 1562 178 51 literally
786 1563 200 50 fulfilled;
1017 1565 75 48 but
1122 1564 32 49 it
1183 1576 89 37 was

217 1621 88 39 also
327 1628 93 33 true
441 1623 91 39 that
554 1623 73 40 the
648 1638 115 26 same
785 1626 182 51 prophet
987 1626 85 51 had
1092 1639 179 38 encour¬

218 1685 107 48 aged
355 1684 129 49 Israel
512 1691 45 42 to
583 1686 98 47 look
709 1687 189 46 forward
924 1694 47 39 to
995 1688 72 45 the
1095 1689 178 51 passing

217 1757 118 37 away
361 1745 48 49 of
434 1746 117 48 these
579 1748 196 46 dreadful
800 1749 124 45 times
951 1750 42 44 in
1019 1751 144 43 words
1191 1750 80 44 full

217 1804 46 39 of
289 1806 183 40 comfort
498 1808 82 40 and
608 1818 377 44 encouragement:
1044 1814 228 53 "Comfort

217 1879 62 38 ye,
309 1867 182 51 comfort
517 1883 50 37 ye
595 1884 70 37 my
693 1874 162 49 people,
881 1874 116 49 saith
1021 1889 112 38 your
1162 1877 107 50 God.

219 1926 139 52 Speak
397 1928 279 54 comfortably
714 1939 39 43 to
791 1935 248 50 Jerusalem,
1077 1938 83 47 and
1198 1952 72 38 cry

217 1995 101 33 unto
346 1990 86 47 her,
460 1991 88 46 that
575 1993 75 44 her
673 1994 184 51 warfare
881 1995 40 50 is
946 1998 323 51 accomplished,

220 2052 87 39 that
334 2051 74 40 her
432 2051 178 52 iniquity
636 2053 38 50 is
698 2056 242 50 pardoned;
966 2058 74 51 for
1063 2060 78 49 she
1167 2062 103 47 hath

218 2111 190 41 received
439 2113 46 52 of
513 2114 69 51 the
610 2115 153 50 Lord's
790 2117 115 48 hand
933 2120 154 45 double
1114 2120 73 52 for
1215 2124 55 48 all

219 2174 74 40 her
321 2173 113 41 sins"
473 2173 165 54 (Isaiah
668 2176 109 51 xl:i,
807 2176 70 52 2).
