1542 2525
235 287 45 26 12
322 289 100 29 LIFE
453 288 95 30 AND
581 290 274 30 PROPHECIES
887 289 56 31 OF
975 288 283 32 ZECHARIAH.

238 397 67 39 the
339 396 145 42 chains
517 398 45 51 of
593 398 104 51 gold
730 398 144 52 before
907 397 70 53 the
1010 398 160 52 oracle;
1202 401 82 49 and

236 466 185 45 overlaid
442 468 32 43 it
494 467 102 44 with
620 468 113 53 gold.
783 468 102 53 And
908 469 70 52 the
997 470 136 51 whole
1155 472 128 49 house

234 550 88 28 was
343 539 184 42 overlaid
548 540 104 42 with
670 540 115 53 gold,
805 541 108 52 until
935 542 48 51 he
1006 542 83 51 had
1109 543 174 50 finished

240 609 67 40 the
334 610 152 42 house:
511 612 87 40 also
626 612 66 41 the
719 612 136 42 whole
879 613 106 42 altar
1009 616 89 41 that
1119 630 89 29 was
1233 619 50 53 by

239 681 67 40 the
333 682 134 41 oracle
494 683 49 40 he
571 682 187 43 overlaid
782 685 104 42 with
911 687 129 53 gold"
1074 687 43 54 (I
1145 688 136 54 Kings

236 751 41 39 vi
292 751 182 53 -.21-22).

278 822 39 40 It
335 836 87 28 was
442 823 71 42 the
532 838 189 41 memory
740 828 49 51 of
806 828 81 51 this
909 832 270 53 magnificent
1198 834 81 51 edi¬

236 895 75 41 fice
337 895 139 42 which
500 897 100 53 they
626 898 85 52 had
738 901 45 49 in
807 902 118 48 mind
952 917 44 33 as
1022 904 100 55 they
1149 908 130 52 gazed

234 969 271 53 sorrowfully
522 984 113 39 upon
652 972 72 51 the
740 975 117 48 ruins
874 976 138 47 which
1030 979 249 44 confronted

233 1040 127 46 them.

706 1142 39 40 It
767 1157 87 27 was
880 1151 43 34 at
946 1146 81 42 this
1051 1148 117 53 point
1191 1150 88 51 that

237 1209 284 45 Zechariah's
704 1214 73 41 the
812 1218 120 40 work
969 1219 47 41 of
1052 1220 225 42 Zechariah

233 1281 144 40 Work
410 1284 173 53 Begun.
704 1288 128 53 really
852 1290 147 53 began.
1050 1292 40 51 It
1109 1308 85 35 was
1214 1294 64 49 his

699 1364 44 35 to
854 1375 234 43 encourage
1194 1368 82 50 and

232 1424 245 51 strengthen
506 1430 226 45 sorrowful
760 1436 81 40 and
868 1435 151 54 failing
1044 1437 151 52 hearts.

285 1493 106 43 Ezra
411 1497 118 51 gives
550 1506 44 42 to
611 1502 86 46 him
716 1506 83 42 and
817 1506 69 42 the
903 1511 178 51 prophet
1099 1511 174 55 Haggai

228 1565 70 41 the
319 1567 131 42 credit
475 1570 68 41 for
563 1573 177 55 stirring
759 1591 69 39 up,
852 1580 55 51 by
929 1581 110 50 their
1058 1585 215 53 prophetic

229 1641 247 47 utterances,
510 1642 70 46 the
610 1648 196 49 patriotic
838 1653 258 44 enthusiasm
1127 1657 48 41 of
1207 1660 66 39 the

224 1706 112 52 Jews
356 1715 45 43 to
421 1715 203 50 complete
644 1719 69 46 the
734 1722 239 56 rebuilding
993 1728 46 50 of
1058 1729 70 49 the
1148 1731 125 47 Tem¬

226 1779 77 50 ple.

282 1851 104 53 Says
411 1856 132 48 Ezra:
584 1861 145 44 "Then
756 1868 70 41 the
845 1874 214 52 prophets,
1084 1878 187 56 Haggai,

225 1922 67 40 the
311 1927 191 50 prophet,
523 1933 84 44 and
626 1936 247 54 Zechariah,
897 1944 70 46 the
984 1960 80 30 son
1084 1951 47 51 of
1148 1951 122 53 Iddo,

218 1996 252 50 prophesied
488 2009 101 37 unto
612 2007 68 39 the
696 2008 115 43 Jews
829 2013 90 41 that
935 2030 110 30 were
1063 2021 45 42 in
1126 2024 142 43 Jndah

219 2067 82 39 and
330 2067 233 46 Jerusalem
592 2076 44 41 in
669 2079 66 41 the
765 2096 122 30 name
920 2089 46 52 of
996 2092 67 49 the
1098 2096 93 45 God
1221 2102 46 53 of

222 2137 142 52 Israel,
386 2152 102 37 even
505 2152 103 37 unto
629 2149 138 43 them"
794 2153 136 54 (Ezra
948 2164 122 54 v:i).
