1517 2510
239 280 47 37 16
325 291 101 29 LIFE
456 291 96 30 AND
585 290 274 31 PROPHECIES
890 288 57 33 OF
978 282 285 39 ZECHARIAH.

576 659 288 44 CHAPTER
896 660 58 43 II.

366 768 122 40 First
518 768 210 41 Division
756 768 47 41 of
830 768 79 41 the
936 769 283 53 Prophecies.

707 868 93 41 The
848 868 159 43 visions
1058 882 72 29 are
1179 874 109 37 most

240 924 97 41 The
366 924 186 43 Visions
710 925 207 42 beautiful
936 931 45 38 to
1001 927 287 51 contemplate.

241 979 276 45 Considered
543 985 90 39 and
712 988 119 41 Take
877 988 69 41 for
990 989 189 41 instance
1220 988 70 42 the

243 1036 295 55 Interpreted.
709 1051 92 42 first
821 1051 49 42 of
890 1050 242 43 them—the
1153 1050 132 43 vision

240 1105 98 41 The
361 1106 187 42 Horses.
709 1113 49 41 of
778 1113 71 41 the
869 1112 170 44 horses:

765 1175 51 42 "I
841 1190 91 29 saw
959 1177 53 53 by
1040 1176 135 56 night,
1204 1178 83 54 and

243 1235 149 43 behold
418 1250 26 28 a
468 1251 98 28 man
590 1237 145 54 riding
758 1246 113 46 upon
894 1254 26 38 a
943 1240 75 52 red
1043 1241 135 51 horse,
1203 1240 83 52 and

239 1298 52 41 he
316 1299 125 40 stood
468 1314 159 39 among
654 1300 69 53 the
748 1302 153 52 myrtle
927 1310 109 44 trees
1062 1304 90 50 that
1175 1316 111 38 were

240 1359 43 43 in
312 1361 68 41 the
411 1362 183 50 bottom;
623 1363 84 49 and
737 1363 155 49 behind
919 1364 86 48 him
1032 1377 110 35 were
1173 1365 113 47 there

238 1423 76 41 red
338 1424 160 50 horses,
523 1426 199 52 speckled
746 1425 86 53 and
853 1426 139 52 white.
1049 1428 121 50 Then
1191 1427 95 51 said

238 1482 36 54 I,
308 1486 37 50 O
378 1500 71 38 my
479 1485 130 53 Lord,
639 1488 117 50 what
785 1502 71 36 are
885 1491 142 47 these?
1082 1490 103 48 And
1215 1490 69 48 the

238 1550 126 51 angel
400 1550 90 51 that
526 1550 141 51 talked
700 1550 106 51 with
838 1566 68 35 me
939 1550 94 51 said
1065 1559 102 42 unto
1203 1564 79 38 me,

236 1610 25 41 I
277 1609 87 42 will
384 1611 119 42 shew
525 1612 93 41 thee
639 1612 117 42 what
779 1613 116 42 these
919 1615 61 42 be.
1032 1614 24 43 *
1109 1614 25 43 *
1184 1613 25 44 *
1259 1613 25 44 *

241 1672 117 41 Then
388 1674 69 40 the
485 1674 125 52 angel
637 1673 48 55 of
713 1674 70 54 the
810 1675 118 53 Lord
956 1677 218 51 answered
1202 1676 82 52 and

234 1733 104 51 said,
370 1734 37 50 0
436 1736 118 48 Lord
581 1737 48 52 of
655 1737 130 52 hosts,
814 1737 97 52 how
937 1738 102 54 long
1064 1738 92 54 wilt
1183 1740 102 52 thou

236 1803 74 34 not
344 1799 104 39 have
480 1810 141 41 mercy
658 1812 54 39 on
743 1799 237 52 Jerusalem
1012 1801 84 50 and
1130 1814 53 37 on
1217 1802 66 49 the

234 1856 119 42 cities
375 1859 45 51 of
438 1858 153 52 Judah,
615 1860 168 53 against
802 1861 141 52 which
965 1862 102 51 thou
1088 1864 95 49 hast
1202 1863 82 50 had

232 1917 266 53 indignation
522 1921 115 49 these
661 1922 257 48 three-score
938 1926 86 44 and
1045 1932 70 38 ten
1134 1928 152 51 years?

235 1978 24 27 *
316 1980 25 25 *
399 1980 24 26 *
482 1981 24 25 *
563 1981 62 41 So
656 1982 70 42 the
755 1985 127 52 angel
911 1985 91 52 that
1031 1988 254 49 communed

234 2040 104 43 with
369 2054 67 30 me
467 2040 95 44 said
594 2049 103 38 unto
730 2058 80 39 me,
847 2046 84 53 Cry
967 2047 116 52 thou,
1116 2049 166 56 saying,

231 2103 116 41 Thus
369 2102 112 42 saith
507 2102 69 45 the
599 2105 117 42 Lord
740 2106 48 52 of
812 2106 140 52 hosts;
975 2109 25 49 I
1022 2123 71 35 am
1115 2110 167 53 jealous

231 2157 73 55 for
334 2158 235 54 Jerusalem
602 2160 86 52 and
715 2161 75 57 for
820 2162 113 56 Zion
964 2164 106 54 with
1102 2179 27 39 a
1159 2174 123 48 great
