1500 2500
222 280 49 36 26
313 289 100 27 LIFE
444 288 95 28 AND
573 281 272 35 PROPHECIES
878 280 55 36 OF
966 273 282 43 ZECHARIAH.

226 411 124 26 seven
374 394 183 43 months'
582 393 128 49 siege,
736 386 250 56 completely
1008 383 195 59 subdued
1228 382 43 60 it.

227 460 69 39 He
330 459 205 40 scattered
568 454 71 45 the
673 451 256 48 inhabitants
962 447 87 52 and
1082 444 191 55 replaced

227 521 113 38 them
378 519 101 40 with
517 514 210 46 colonists,
762 511 157 50 mostly
956 508 190 53 Carians.
1183 505 91 56 The

226 583 117 49 place
371 579 127 53 again
526 590 95 42 rose
648 582 45 50 to
721 573 282 59 prominence,
1033 569 95 63 and,
1157 569 115 63 later,

228 642 70 38 fell
320 642 89 38 into
430 640 71 40 the
521 639 134 41 hands
679 637 47 43 of
749 636 225 50 Cleopatra
994 646 45 40 as
1062 646 25 40 a
1108 637 166 49 present

226 703 112 38 from
358 703 188 47 Aintony,
565 700 72 50 the
655 706 121 44 great
795 695 168 55 Rbman
982 694 184 56 general.
1188 693 85 57 For

228 777 23 26 a
281 764 101 39 time
414 764 31 39 it
478 775 86 28 was
598 759 241 52 practically
873 756 294 55 independent,
1199 755 73 56 but

228 825 69 40 the
320 826 79 39 last
422 830 113 35 trace
559 822 46 43 of
625 822 55 43 its
704 820 313 51 independence
1038 831 87 40 was
1149 818 123 53 taken

229 887 111 40 from
369 887 31 42 it
428 887 55 50 by
508 885 72 52 the
606 885 169 52 Roman
801 883 210 54 Emperor
1037 881 233 56 Augustus.

285 949 149 40 Under
467 949 166 40 Roman
668 946 102 49 rule,
805 945 32 50 it
871 943 126 53 again
1033 942 239 54 flourished.

227 1012 42 39 A
290 1010 215 41 Christian
527 1010 149 49 colony
697 1021 87 38 was
807 1020 104 39 even
934 1005 191 54 founded
1144 1004 128 55 there,

231 1073 82 40 and
339 1073 43 40 in
407 1072 70 41 the
503 1071 101 42 time
628 1069 44 44 of
699 1069 62 44 St.
787 1069 170 51 Jerome
980 1067 32 53 it
1036 1080 87 40 was
1148 1065 125 55 again

231 1134 70 39 the
330 1134 175 47 noblest,
534 1138 110 43 most
674 1131 204 50 beautiful
909 1131 83 50 and
1019 1135 111 46 most
1155 1141 118 40 pros¬

232 1209 151 38 perous
404 1195 83 52 city
505 1194 49 53 of
575 1193 227 54 Phoenicia.

288 1258 83 39 But
397 1257 51 40 its
475 1257 238 51 prosperity
738 1268 86 40 was
850 1254 46 54 of
922 1253 118 55 short
1066 1252 207 56 duration.

233 1320 91 40 The
363 1320 206 40 Saracens
608 1318 238 51 conquered
880 1316 33 53 it
950 1317 83 52 and
1066 1314 103 55 then
1205 1314 69 55 the

232 1382 234 41 Crusaders
499 1380 190 43 subdued
722 1380 43 47 it,
796 1379 83 48 and
909 1377 154 52 finally,
1095 1376 42 53 in
1172 1374 102 55 1516

231 1445 55 39 A.
314 1444 67 47 D.,
409 1444 32 47 it
465 1442 152 52 passed
642 1442 91 52 into
755 1440 73 54 the
850 1439 134 55 hands
1010 1438 47 56 of
1084 1438 129 56 Selim
1240 1437 33 57 I,

233 1506 82 40 and
343 1506 51 40 its
425 1504 154 52 glories
608 1503 159 53 ceased.
824 1503 129 53 From
979 1500 90 56 that
1096 1499 98 57 time
1221 1511 51 45 on

234 1568 31 39 it
298 1567 221 51 gradually
554 1567 80 51 lost
667 1565 186 53 prestige
885 1566 85 52 and
1003 1574 155 44 power,
1194 1560 81 58 and

232 1630 147 49 to-day
411 1629 70 50 the
512 1627 232 52 desolation
776 1626 84 53 and
891 1623 307 56 wretchedness
1231 1620 47 59 of

232 1691 90 39 that
344 1703 104 27 once
470 1688 270 53 magnificent
764 1688 83 53 city
872 1700 70 41 are
964 1685 206 56 painfully
1194 1683 81 58 evi¬

234 1753 111 39 dent.

288 1813 113 50 Only
421 1813 186 50 between
629 1824 123 39 3,000
772 1814 83 49 and
874 1822 124 41 4,000
1017 1810 147 53 people
1182 1821 94 42 now

235 1874 119 40 dwell
388 1874 112 40 amid
532 1873 70 41 the
634 1873 115 41 ruins
783 1872 47 42 of
862 1873 52 41 its
947 1872 167 42 ancient
1144 1871 132 52 glory,

232 1934 127 50 eking
379 1940 73 44 out
473 1947 23 37 a
518 1939 145 45 scanty
683 1933 136 51 living
837 1933 42 51 in
901 1933 286 51 insignificant
1204 1946 74 38 ex¬

233 1999 114 46 ports
372 1993 46 52 of
443 1999 153 46 cotton,
620 1996 108 49 wool
753 1995 82 50 and
858 1994 137 51 wood.

288 2055 38 38 It
354 2054 33 39 is
417 2054 91 39 said
534 2053 90 40 that
653 2053 104 40 such
787 2055 226 40 renowned
1041 2055 237 42 characters

234 2129 44 26 as
319 2113 224 42 Frederick
583 2114 260 41 Barbarossa
881 2116 85 39 and
1004 2115 165 54 Origen
1207 2130 73 39 are

231 2175 147 42 buried
398 2173 146 44 within
565 2173 71 44 the
655 2173 127 44 limits
803 2175 49 42 of
871 2175 84 42 this
979 2178 180 41 doomed
1182 2179 96 52 city.
