1517 2510
236 287 47 34 14
321 288 100 33 life
452 289 96 32 and
581 291 274 30 prophecies
887 291 56 30 of
975 286 284 35 zechariah.

234 396 158 41 visions
416 396 138 42 which
577 398 72 41 did
671 410 48 29 so
740 398 126 41 much
887 405 47 34 to
956 409 240 41 encourage
1216 399 70 51 the

238 458 140 40 hearts
417 459 46 39 of
499 459 72 40 the
609 459 160 51 people.
839 459 95 51 God
973 459 194 51 revealed
1205 460 81 50 His

236 531 202 39 purposes
465 521 43 49 in
534 521 82 49 His
643 534 97 36 own
764 534 107 37 way,
899 521 85 50 and
1008 522 83 49 His
1117 529 168 42 servant

235 580 152 53 simply
408 582 144 51 makes
574 582 156 51 known
751 588 46 45 to
818 582 70 51 the
908 583 148 52 people
1076 583 114 52 what
1211 585 71 50 has

236 641 102 40 been
366 644 192 41 revealed
583 649 44 36 to
653 644 102 44 him.

704 727 92 40 The
873 730 155 40 second
1105 730 177 43 division

242 784 149 53 Chaps
422 787 45 50 ix
494 794 48 43 to
571 789 58 48 xi,
710 789 140 54 (chap,
882 791 46 52 ix
955 797 45 46 to
1026 793 69 52 xi)
1132 794 146 51 speaks

236 847 175 41 Second
435 849 221 42 Division,
707 846 47 45 of
780 848 234 43 Damascus
1041 850 84 42 and
1151 850 131 42 Phoe¬

703 909 108 41 nicia
828 910 83 40 and
929 910 70 42 the
1016 911 115 43 cities
1150 913 46 41 of
1211 914 68 41 the

237 968 255 50 Philistines,
524 970 268 54 threatening
819 972 115 52 them
963 974 104 50 with
1096 975 90 49 dire
1214 989 65 35 ca¬

232 1031 178 41 lamities
431 1033 83 40 and
533 1033 98 40 final
651 1034 272 41 destruction.
972 1035 41 42 It
1030 1037 91 41 also
1136 1037 142 43 makes

233 1094 188 40 mention
459 1095 42 40 of
538 1096 135 51 Javan
719 1096 224 54 (Greece),
979 1099 83 51 and
1097 1100 180 52 predicts

231 1156 91 40 that
352 1156 141 53 Judah
525 1157 105 52 shall
661 1159 171 50 become
861 1167 168 45 greater
1057 1162 101 50 than
1188 1164 88 48 that

230 1224 191 46 country,
447 1223 226 47 renowned
695 1221 69 49 for
784 1222 53 48 its
860 1222 212 48 literature
1094 1225 82 45 and
1197 1231 76 39 art.

286 1281 39 39 It
352 1281 112 41 hints
493 1284 193 52 strongly
712 1290 46 46 at
781 1285 71 51 the
878 1286 197 50 probable
1101 1285 174 51 reunion

231 1344 47 39 of
312 1344 130 49 Israel
477 1346 84 47 and
593 1345 165 52 Judah;
793 1347 74 50 but
901 1348 230 49 somewhat
1163 1362 111 35 mars

231 1406 83 39 this
355 1406 234 52 prediction
630 1408 55 52 by
740 1409 196 53 showing
988 1411 285 52 symbolically

226 1467 72 40 the
316 1468 295 53 impossibility
633 1469 46 52 of
700 1472 102 49 such
822 1485 23 36 a
865 1472 134 53 thing.

284 1529 49 40 In
363 1531 83 39 this
477 1534 154 39 second
663 1532 180 42 division
875 1534 226 41 Zechariah
1131 1535 141 41 makes

227 1591 30 39 it
287 1592 112 50 plain
431 1600 44 42 to
507 1594 130 48 Israel
669 1596 91 46 that
790 1596 70 46 the
891 1603 121 46 great
1043 1598 156 53 empire
1230 1597 44 54 of

226 1651 179 54 Assyria
439 1656 85 49 and
559 1656 144 52 Egypt
739 1659 139 49 would
915 1660 49 48 be
999 1659 197 49 humbled
1232 1659 40 49 in

223 1714 71 40 the
318 1716 96 40 dust
438 1718 83 39 and
544 1718 91 40 that
659 1718 128 42 God's
812 1721 148 51 people
982 1721 142 51 would
1146 1721 126 52 again

224 1789 160 43 occupy
416 1793 25 39 a
471 1781 301 53 commanding
802 1783 183 51 position
1015 1796 159 39 among
1203 1783 70 52 the

222 1840 167 40 nations
412 1840 46 40 of
480 1842 71 39 the
574 1844 127 39 earth.

690 1923 49 39 In
770 1924 71 40 the
870 1925 115 43 third
1015 1926 180 42 division
1226 1927 46 41 of

227 1982 160 50 Chaps,
413 1983 59 49 xii
497 1990 47 42 to
566 1984 88 48 xiv,
689 1984 66 48 his
795 1986 246 51 prophecies
1082 2003 65 34 we
1185 1990 86 47 find

220 2042 142 41 Third
396 2044 219 42 Division,
686 2045 256 50 predictions
964 2048 197 55 showing
1180 2050 91 53 that

687 2106 105 40 dark
822 2107 121 42 times
977 2111 144 42 would
1153 2126 116 28 come

218 2167 45 37 to
284 2162 153 54 Judah.
493 2163 39 53 It
557 2166 141 50 would
722 2168 53 48 be
798 2182 25 34 a
845 2182 146 34 severe
1015 2172 144 45 ordeal
1183 2175 83 42 and
