1500 2500
239 254 101 30 LIFE
371 253 98 31 AND
502 254 278 31 PROPHECIES
812 255 56 30 OF
899 253 284 32 ZECHARIAH.
1225 254 47 38 17

217 364 207 54 jealousy.
479 364 23 54 *
557 365 23 53 *
634 365 24 53 *
711 365 23 53 *
790 365 233 55 Therefore
1047 365 98 55 thus
1166 363 112 57 saith

220 429 70 41 the
314 428 141 51 Lord;
479 430 24 49 I
528 443 68 36 am
620 431 202 48 returned
846 435 42 44 to
912 429 236 50 Jerusalem
1173 427 105 52 with

219 491 200 51 mercies;
443 505 72 40 my
540 492 129 53 house
692 492 109 53 shall
825 493 51 52 be
900 490 104 55 built
1026 491 45 54 in
1094 491 46 54 it,
1164 490 113 55 saith

223 555 69 41 the
333 555 119 43 Lord
495 555 47 53 of
584 555 130 53 hosts,
757 555 84 53 and
885 568 25 40 a
952 554 85 54 line
1076 554 110 54 shall
1230 554 48 54 be

219 619 213 42 stretched
452 618 120 53 forth
593 625 116 46 upon
728 617 263 54 Jerusalem"
1022 614 255 57 (Zechariah

220 693 16 28 i
256 679 353 54 :8-9-i2-i4-i6).

279 738 117 40 Here
426 751 89 28 was
548 751 24 28 a
605 737 234 53 prediction
872 750 49 40 so
952 736 115 54 plain
1097 736 93 54 that
1220 748 57 42 no

223 814 83 28 one
340 798 109 44 need
482 813 68 29 err
583 800 45 42 in
664 799 281 54 interpreting
978 799 45 54 it.
1088 798 95 55 The
1217 798 59 55 in¬

222 864 222 53 dignation
472 862 48 55 of
546 863 73 54 the
647 862 116 55 Lord
791 862 167 55 against
985 861 291 56 Jerusalem—

222 939 98 28 seen
345 926 42 41 in
413 925 71 42 the
508 925 90 42 dire
622 925 229 42 calamities
876 924 140 43 which
1041 924 85 43 had
1149 923 127 44 fallen

223 1002 115 39 upon
372 990 180 51 it—was
587 995 46 46 to
666 988 52 53 be
753 987 223 54 removed:
1011 1000 144 41 mercy
1188 1000 89 41 was

222 1057 46 36 to
293 1051 53 42 be
373 1050 149 43 shown
549 1052 73 41 the
650 1050 97 53 city,
775 1050 83 53 and
886 1063 129 40 some,
1044 1049 37 54 if
1107 1055 76 48 not
1210 1048 67 55 all,

220 1114 49 41 of
284 1114 53 41 its
358 1113 162 42 former
536 1115 124 53 glory
678 1112 143 56 would
839 1118 158 50 return.
1045 1112 94 56 The
1156 1118 121 50 great

221 1176 264 53 comforting
506 1176 168 53 feature
699 1175 47 54 of
767 1176 74 53 the
862 1175 138 54 vision
1024 1189 50 40 or
1096 1174 180 55 prophe¬

220 1253 63 39 cy,
320 1252 88 40 was
445 1239 72 53 the
554 1239 88 53 fact
677 1238 92 54 that
803 1238 73 54 the
911 1238 117 54 Lord
1063 1237 85 55 had
1185 1238 91 54 "re¬

223 1296 155 41 turned
400 1301 46 36 to
470 1296 235 54 Jerusalem
730 1295 105 55 with
857 1294 203 56 mercies"
1087 1294 84 56 and
1195 1294 83 56 His

226 1358 132 42 house
381 1358 143 44 would
546 1358 53 44 be
618 1358 109 44 built
749 1358 44 44 in
815 1358 45 44 it.

282 1421 40 44 It
359 1434 88 31 was
485 1421 91 54 just
613 1420 105 55 such
755 1420 262 55 comforting
1053 1420 141 55 words
1232 1433 47 42 as

224 1483 122 42 those
366 1483 95 42 that
482 1483 71 42 the
578 1483 201 42 returned
803 1483 129 42 exiles
955 1483 162 42 needed
1140 1489 46 36 to
1209 1496 70 29 en¬

226 1559 186 40 courage
430 1546 115 53 them
567 1546 42 53 in
632 1546 111 53 their
764 1551 120 48 great
905 1546 299 53 undertaking.

695 1659 63 42 At
777 1659 74 42 the
872 1659 112 42 close
1002 1660 50 42 of
1072 1661 73 41 the
1165 1674 116 29 same

225 1724 99 41 The
341 1725 122 41 Four
479 1725 171 42 Horns,
698 1722 274 53 chapter—in
997 1722 73 53 the
1094 1726 82 49 last
1199 1723 83 52 five

698 1797 267 31 verses—we
997 1786 89 42 find
1119 1800 27 28 a
1181 1786 101 42 sim¬

227 1844 80 42 ilar
336 1845 235 53 prediction
601 1846 44 52 in
675 1846 90 54 just
794 1861 45 39 as
867 1848 114 52 clear
1010 1848 84 52 and
1122 1847 160 53 unmis¬

228 1908 167 42 takable
424 1908 236 55 language:
705 1909 149 54 "Then
883 1911 121 54 lifted
1030 1913 26 52 I
1081 1919 58 47 up
1168 1913 114 53 mine

226 1984 109 40 eyes,
358 1971 85 53 and
461 1985 102 39 saw,
585 1975 85 49 and
691 1974 153 50 behold
863 1974 103 54 four
986 1975 141 53 horns.
1178 1975 105 53 And

225 2035 26 41 I
271 2034 94 43 said
391 2041 105 36 unto
527 2035 70 42 the
624 2037 127 53 angel
781 2037 90 53 that
900 2037 140 53 talked
1067 2037 107 53 with
1200 2050 82 40 me,

231 2098 130 42 What
395 2098 51 43 be
479 2098 146 43 these?
683 2099 105 44 And
835 2099 53 44 he
933 2098 222 45 answered
1200 2112 83 37 me,

231 2160 135 43 These
398 2174 72 30 are
502 2160 71 44 the
602 2161 132 44 horns
763 2161 144 44 which
937 2163 108 42 have
1072 2160 212 45 scattered
