1500 2500
239 278 103 30 LIFE
373 278 98 30 AND
505 277 279 31 PROPHECIES
815 278 56 30 OF
902 277 284 31 ZECHARIAH.
1226 280 48 35 29

218 390 84 42 and
338 403 112 40 gone
484 401 102 42 over
619 387 255 56 completely
905 393 46 50 to
983 386 73 57 the
1088 386 109 57 idols
1231 385 47 58 of

219 454 109 41 their
359 465 272 40 conquerors.

272 515 141 42 These
447 513 226 44 violations
709 514 50 43 of
793 512 131 45 God's
958 511 83 46 law
1074 516 117 41 must
1223 510 54 47 be

217 579 153 42 atoned
399 578 70 43 for
496 578 43 43 in
569 589 118 32 some
712 589 110 39 way.
880 574 44 54 If
951 573 100 55 "the
1077 573 124 55 glory
1229 571 48 57 of

218 644 70 40 the
316 643 124 41 latter
466 640 162 44 house"
654 639 37 45 is
721 645 45 39 to
791 638 53 46 be
871 637 198 53 "greater
1096 636 104 54 than
1229 633 49 57 of

219 707 70 40 the
316 704 201 49 former,"
546 703 101 50 then
674 701 73 52 the
772 700 131 53 Lord,
931 700 86 53 and
1042 700 72 53 He
1142 697 133 56 alone,

221 770 34 40 is
273 774 47 36 to
337 769 52 41 be
410 767 72 43 the
502 765 142 54 object
662 764 51 55 of
730 764 112 55 their
861 761 237 58 affections.

275 829 139 42 These
431 829 147 52 things
600 841 73 40 are
692 826 125 55 made
837 825 114 56 plain
970 830 47 51 to
1036 824 73 57 the
1127 822 150 59 people

219 895 56 51 by
302 893 85 53 this
417 897 121 49 great
567 889 193 57 prophet,
791 890 84 56 and
902 887 113 59 their
1041 886 133 60 hopes
1206 885 70 61 for

220 957 70 41 the
314 955 144 43 future
479 968 72 30 are
572 951 286 51 wonderfully
878 948 268 55 brightened.
1183 946 93 57 The

222 1033 103 38 very
351 1017 87 54 fact
461 1019 91 52 that
576 1015 154 56 simple
751 1014 229 57 obedience
1002 1018 47 53 to
1072 1011 96 60 God
1191 1009 86 62 will

222 1080 123 42 make
372 1080 110 42 their
508 1084 179 48 country
714 1082 168 50 greater
907 1076 105 56 than
1037 1074 74 58 the
1136 1078 139 54 great¬

224 1150 61 34 est
311 1143 180 53 empires
514 1143 50 53 of
586 1141 73 55 the
683 1139 149 57 world,
858 1152 87 44 was
971 1138 51 58 of
1045 1136 117 60 itself
1186 1134 91 62 suf¬

225 1206 138 41 ficient
388 1211 46 36 to
459 1203 158 53 inspire
641 1203 128 53 them.

721 1296 82 42 We
869 1300 151 38 cannot
1094 1305 183 41 suppose

226 1364 97 41 The
354 1361 209 44 Nation's
720 1359 93 46 that
835 1359 74 46 the
932 1356 181 54 prophet
1135 1361 144 49 meant

229 1428 243 41 Greatness
520 1431 50 38 to
616 1425 58 44 be
721 1428 48 41 to
790 1435 163 38 convey
973 1419 74 54 the
1069 1419 95 54 idea
1186 1417 94 56 that

225 1490 198 51 Largely
453 1486 227 55 Spiritual.
719 1484 132 57 Israel
898 1483 85 58 and
1028 1480 154 61 Judah,
1228 1493 46 48 as

721 1546 243 54 kingdoms,
1025 1543 143 57 would
1228 1542 51 58 be

224 1620 169 46 greater
419 1613 41 53 in
490 1617 143 49 extent
660 1611 47 55 of
734 1609 200 57 territory
959 1608 84 58 and
1069 1606 46 60 in
1138 1603 140 63 actual

225 1677 262 51 possessions
518 1674 101 54 than
648 1674 73 54 the
751 1678 121 50 great
903 1670 179 58 empires
1110 1666 168 62 named,

224 1740 74 40 but
320 1740 98 51 they
439 1737 144 54 would
605 1737 54 54 be
678 1740 172 51 greater
869 1733 44 58 in
934 1731 195 60 spiritual
1150 1729 131 62 bless¬

226 1803 117 52 ings;
368 1801 74 54 the
469 1798 249 57 "Branch";
743 1797 74 58 the
844 1796 88 59 Son
958 1793 48 62 of
1032 1792 96 63 God
1154 1791 127 64 Him¬

226 1864 92 50 self,
340 1863 143 51 would
505 1862 52 52 be
577 1858 215 56 identified
812 1856 104 58 with
935 1855 85 59 this
1042 1868 94 46 new
1155 1853 125 61 king¬

227 1927 98 41 dom
353 1924 140 44 which
522 1924 71 44 the
620 1920 203 48 returned
850 1920 130 48 exiles
1007 1930 113 38 were
1144 1913 136 55 build¬

227 1990 86 53 ing.
365 1989 72 54 He
459 1986 145 57 would
625 1985 99 58 give
745 1989 47 54 to
812 1982 84 61 this
918 1979 210 64 kingdom
1149 1991 26 52 a
1198 1976 84 67 dis¬

227 2051 178 43 tinction
439 2049 84 45 and
557 2060 172 34 renown
759 2057 133 37 never
919 2041 150 53 before
1100 2036 184 58 enjoyed

225 2116 57 52 by
302 2128 84 40 any
407 2112 201 56 previous
631 2108 209 60 kingdom
863 2119 49 49 or
934 2104 292 64 government.

283 2178 140 42 These
453 2174 147 51 things
631 2169 144 56 would
807 2167 142 58 surely
976 2165 193 60 happen;
1199 2158 86 67 and
