1500 2500
237 270 102 30 LIFE
369 270 99 30 AND
502 270 279 31 PROPHECIES
813 272 55 29 OF
900 271 283 30 ZECHARIAH.
1220 274 50 35 43

216 381 203 43 Holiness
450 381 113 43 Unto
594 380 88 44 The
710 379 143 45 Lord"
880 380 34 44 is
941 380 234 46 inscribed;
1201 380 75 46 but

217 445 82 41 His
325 443 216 43 followers
567 442 110 44 have
700 455 128 37 every
852 454 151 38 reason
1028 441 70 51 for
1122 441 153 51 believ¬

220 508 74 52 ing
333 508 91 52 that
462 504 270 56 Zechariah's
774 503 215 57 prophecy
1031 503 85 57 will
1158 515 117 45 come

217 577 107 34 true.

275 632 39 41 It
336 632 34 41 is
394 630 214 53 promised
631 629 91 54 that
743 629 83 54 this
849 628 168 55 blissful
1039 632 107 51 state
1170 626 105 57 shall

219 697 199 39 continue
439 702 46 34 to
505 694 72 42 the
603 693 80 43 end
706 691 47 45 of
773 691 71 45 the
867 690 147 46 world.

276 757 93 41 The
408 761 162 37 contest
608 756 189 42 between
836 754 119 44 truth
1007 752 84 46 and
1144 763 130 35 error,

224 820 315 53 righteousness
578 818 83 55 and
700 817 77 56 sin,
816 816 112 57 piety
966 815 84 58 and
1086 814 188 59 impiety,

226 883 81 41 will
342 883 50 41 be
425 896 24 28 a
483 883 102 50 long
618 882 84 51 and
737 892 144 41 severe
916 890 102 43 one;
1052 878 75 55 but
1161 875 115 58 right

226 945 103 41 shall
368 944 233 51 ultimately
641 943 98 52 win.

279 1007 92 40 The
407 1006 212 41 followers
656 1006 47 41 of
740 1005 69 42 the
847 1003 224 44 Nazarene
1105 1000 84 47 will
1225 1000 50 47 be

227 1071 135 50 sorely
394 1069 127 52 beset,
556 1067 82 54 and
670 1066 110 55 their
812 1079 79 42 sun
925 1064 84 57 will
1040 1064 54 57 be
1125 1063 150 58 almost

226 1138 83 43 set;
328 1131 75 50 but
422 1130 87 53 just
529 1144 45 39 as
594 1130 72 53 the
684 1128 150 55 shades
852 1128 49 55 of
921 1126 123 57 night
1064 1140 71 43 are
1154 1125 122 58 gath¬

227 1194 129 52 ering,
381 1193 56 53 "it
460 1192 105 54 shall
587 1192 50 54 be
660 1190 149 56 light."

284 1255 112 42 Such
433 1256 33 41 is
502 1255 70 42 the
604 1254 142 51 happy
783 1253 80 52 end
899 1253 46 52 of
979 1253 71 52 the
1084 1250 193 55 struggle

228 1318 46 40 of
294 1318 72 40 the
389 1317 156 42 church
571 1316 46 43 of
643 1316 94 43 God
761 1329 44 30 as
830 1315 216 52 predicted
1069 1314 54 53 by
1148 1312 129 55 Zech-

227 1380 128 43 ariah.

283 1443 49 40 In
362 1442 83 41 this
477 1442 193 51 struggle
698 1440 167 53 against
896 1439 75 54 sin,
1003 1439 84 54 and
1115 1438 164 55 victory

227 1518 99 28 over
354 1505 43 48 it,
423 1504 91 52 Jew
542 1504 83 52 and
653 1502 165 54 Gentile
845 1501 108 55 alike
979 1500 105 56 shall
1111 1498 168 58 partici¬

227 1574 107 46 pate,
358 1567 74 53 but
457 1567 98 53 only
580 1567 120 53 those
724 1565 46 55 of
796 1564 101 56 each
921 1564 105 56 class
1051 1562 99 58 who
1173 1561 107 59 fight

228 1630 133 41 under
381 1629 69 42 the
470 1629 159 42 banner
651 1628 47 43 of
718 1626 217 51 Calvary's
957 1625 147 52 Lamb.

726 1688 141 40 There
890 1688 75 40 has
989 1687 104 41 been
1119 1685 115 51 quite
1260 1697 22 39 a

236 1759 95 42 The
366 1756 285 52 Authorship
727 1749 204 59 diversity
961 1747 46 61 of
1035 1747 173 61 opinion
1237 1758 45 50 as

229 1821 46 41 of
302 1821 248 41 Zechariah
726 1818 47 44 to
791 1814 71 48 the
881 1808 248 54 authorship
1149 1808 46 54 of
1213 1806 70 56 the

231 1879 236 52 Disputed.
727 1873 121 58 Book
918 1871 48 60 of
1037 1867 243 64 Zechariah.

731 1935 128 41 Some
878 1947 100 37 very
997 1931 170 53 learned
1187 1930 97 54 Bib¬

228 2002 91 40 lical
339 2001 140 41 critics
496 2000 109 42 have
626 1997 235 45 contended
880 1995 89 47 that
985 1995 102 50 only
1104 1993 71 52 the
1194 1991 90 54 fir.;t

231 2071 93 45 part
351 2064 47 52 of
424 2064 70 52 the
519 2062 120 54 work
666 2074 76 42 can
769 2059 49 57 be
846 2056 189 60 ascribed
1060 2061 45 55 to
1131 2050 156 66 Zecha¬

232 2127 106 48 riah,
362 2127 84 48 and
471 2125 33 50 it
526 2128 154 47 cannot
704 2121 49 54 be
779 2118 149 57 denied
951 2116 90 59 that
1066 2114 71 61 the
1160 2113 128 62 inter¬

230 2191 68 39 nal
327 2187 221 43 evidences
576 2183 125 47 favor
726 2180 83 50 this
838 2177 276 53 supposition.
1141 2173 50 57 In
1217 2172 72 58 the
