1500 2499
222 263 104 33 LIFE
353 261 101 35 AND
488 262 279 34 PROPHECIES
796 262 58 34 OF
884 261 285 35 ZECHARIAH.
1207 263 51 34 3'J

201 378 47 52 of
268 376 228 54 trembling
516 381 103 49 unto
642 373 57 57 all
718 372 68 58 the
806 372 150 58 people
974 371 140 59 round
1134 371 128 59 about

203 440 125 43 when
364 440 98 53 they
496 437 110 56 shall
643 438 49 55 be
726 436 46 57 in
806 436 116 57 siege
959 433 102 60 both
1096 432 168 61 against

203 503 146 43 Judah
378 502 84 44 and
495 499 169 53 against
695 492 444 60 JerusalemThis
1172 492 34 60 is
1240 505 24 47 a

204 572 110 35 most
336 564 199 54 gracious
558 560 250 58 prediction,
831 557 38 61 if
889 571 25 47 a
936 556 165 62 strictly
1123 553 141 65 spirit¬

208 630 68 40 ual
308 625 322 53 interpretation
662 624 35 54 is
730 628 77 50 put
836 633 116 45 upon
985 619 44 59 it.
1090 617 51 61 In
1173 615 92 63 that

207 705 133 35 sense,
367 691 32 49 it
426 689 143 51 would
595 686 185 54 indicate
806 684 73 56 the
903 679 242 61 wonderful
1171 691 95 49 suc¬

209 769 89 28 cess
323 754 50 43 of
395 753 72 44 the
490 752 92 45 first
607 760 224 43 preacners
856 747 49 56 of
928 745 71 58 the
1024 742 162 61 gospel.

266 819 82 40 We
375 817 128 42 know
529 814 93 45 that
650 814 43 45 in
722 813 109 51 spite
858 809 47 55 of
931 807 53 57 all
1012 803 254 61 opposition,

213 883 71 40 the
314 878 242 45 immediate
589 886 239 37 successors
861 871 49 52 of
941 882 79 41 our
1052 867 117 56 Lord
1201 878 65 45 ac¬

214 941 259 55 complished
495 955 24 41 a
540 947 110 49 most
671 934 241 62 wonderful
934 932 132 64 work.
1118 930 40 66 It
1181 941 87 55 was

216 1015 43 34 at
281 1006 235 55 Jerusalem
539 1002 93 59 that
658 1001 100 60 they
782 997 159 64 tarried
966 995 68 66 for
1059 993 72 68 the
1156 1004 113 57 com¬

217 1072 75 52 ing
320 1068 47 56 of
395 1069 70 55 the
494 1065 117 59 Holy
641 1062 146 62 Spirit,
817 1061 84 63 and
927 1059 33 65 it
989 1071 87 53 was
1107 1056 43 68 in
1177 1053 92 71 that

219 1134 84 51 city
340 1132 93 53 that
468 1131 99 54 they
605 1125 193 60 received
832 1123 74 62 the
954 1126 122 59 great
1127 1129 143 56 power

219 1194 136 43 which
379 1193 124 44 made
523 1193 115 44 them
663 1186 227 51 invincible
911 1185 42 52 in
978 1183 110 54 their
1110 1181 163 56 attacks

221 1272 112 38 upon
359 1257 65 53 sin
450 1257 84 53 and
560 1252 391 58 unrighteousness.

275 1319 236 54 Jerusalem
537 1315 153 58 should
715 1315 172 58 become
915 1311 53 62 "a
993 1309 282 64 burdensome

223 1392 119 33 stone
372 1391 41 34 to
445 1382 55 43 all
529 1381 90 44 that
647 1376 155 49 should
832 1375 163 50 burden
1026 1370 252 55 themselves

223 1446 104 43 -with
348 1444 74 45 it."

283 1508 189 51 Perhaps
508 1521 64 38 we
606 1517 98 42 may
739 1500 151 59 gather
923 1499 115 60 from
1071 1496 84 63 this
1188 1492 91 67 that

227 1573 70 40 the
323 1572 137 52 grand
486 1566 375 58 accomplishment
887 1562 45 62 of
959 1561 82 63 this
1068 1557 212 67 prophecy

229 1636 33 40 is
292 1640 71 47 yet
393 1633 42 54 in
464 1632 74 55 the
570 1630 159 57 future,
761 1627 83 60 and
874 1625 92 62 that
996 1623 31 64 it
1058 1620 150 67 relates
1238 1621 45 66 to

230 1699 120 40 times
387 1697 123 42 when
546 1693 132 46 Israel
714 1689 107 50 shall
854 1688 50 51 be
938 1681 228 58 converted
1202 1677 80 62 and

233 1759 187 42 festored
448 1765 47 36 to
521 1756 111 45 their
660 1766 99 35 own
787 1749 111 52 land.

288 1823 50 40 In
369 1821 216 42 whatever
613 1816 110 51 light
753 1827 65 40 we
845 1824 99 43 may
974 1807 109 60 view
1113 1805 46 62 it,
1189 1804 33 63 it
1252 1800 34 67 is

234 1893 210 46 pregnant
473 1882 103 57 with
604 1880 111 59 hope
743 1875 85 64 and
855 1872 124 67 cheer
1007 1870 69 69 for
1103 1867 92 72 that
1225 1875 64 64 sa¬

234 1949 98 41 cred
350 1947 98 51 city.
483 1945 83 53 We
585 1955 97 43 may
701 1938 94 60 well
814 1934 162 64 believe
992 1931 91 67 that
1102 1929 80 69 "In
1202 1926 90 72 that

235 2012 82 52 day
344 2011 117 53 there
486 2005 110 59 shall
621 2005 49 59 be
695 2016 27 48 a
743 1998 199 66 fountain
965 1993 163 71 opened
1154 1996 41 68 to
1223 1986 70 78 the

238 2076 132 40 house
403 2072 47 51 of
479 2067 157 56 David,
668 2064 85 59 and
784 2070 41 53 to
858 2059 70 64 the
956 2052 261 71 inhabitants
1250 2046 47 77 of

238 2135 250 46 Jerusalem,
506 2131 72 52 for
594 2128 67 55 sin
679 2126 83 57 and
779 2124 72 59 for
868 2110 314 73 uncleanness."
1202 2107 95 76 Has

238 2207 76 35 not
331 2198 92 44 that
442 2189 252 53 foundation
709 2187 106 55 been
834 2180 163 62 opened
1015 2175 70 67 for
1100 2171 63 71 lo!
1181 2167 118 75 these
