1500 2500
220 269 50 48 36
309 279 101 38 LIFE
440 278 96 39 AN®
568 272 275 45 PROPHECIES
873 271 57 46 OF
960 267 281 50 ZECHARIA2.

223 388 70 40 the
315 385 282 54 neighboring
616 382 131 57 fields,
769 379 139 60 which
928 391 112 48 were
1058 377 72 62 the
1150 376 118 63 pride

225 450 47 39 of
297 450 91 39 that
417 448 124 41 river.

281 511 103 39 This
410 514 107 36 state
541 507 47 43 of
614 506 146 44 affairs
787 518 86 32 was
897 504 91 46 also
1013 502 179 48 foretold
1215 502 54 51 by

226 571 214 53 Jeremiah
465 569 114 55 xlix:
588 580 135 44 19-20,
751 568 84 56 and
860 566 91 58 also
972 565 124 59 Jesus
1122 564 146 60 speaks

230 634 46 39 of
303 634 32 39 it
364 634 42 39 in
437 633 124 40 Matt.
591 630 273 50 xxiii:34-37.

283 694 138 40 There
446 706 78 28 can
548 692 51 42 be
621 706 58 28 no
702 689 184 53 possible
907 689 130 53 doubt
1061 703 45 39 as
1133 694 46 48 to
1199 687 69 55 the

230 756 199 51 meaning
464 754 47 53 of
544 754 73 53 the
652 753 225 54 prophecy,
915 751 68 56 for
1020 751 249 56 subsequent

230 823 143 35 events
408 817 107 41 have
548 817 102 51 long
684 815 113 53 since
828 813 230 55 confirmed
1090 814 114 54 what
1235 813 33 55 is

233 880 98 40 here
355 879 222 41 indicated.

287 942 39 39 It
352 942 34 39 is
412 949 46 34 to
483 941 51 42 be
559 940 167 43 noticed
751 939 92 44 that
868 952 103 31 even
996 937 124 46 while
1143 943 126 40 utter¬

232 1005 76 50 ing
341 1005 118 50 these
495 1002 158 53 doleful
688 1000 266 55 predictions,
991 999 71 56 the
1096 998 173 57 prophet

234 1066 140 51 points
403 1070 46 47 to
477 1078 25 39 a
528 1064 96 53 bow
652 1063 48 54 of
728 1063 122 54 hope.
907 1062 93 55 The
1027 1062 108 55 flock
1164 1061 35 56 is
1229 1065 42 52 to

233 1128 52 40 be
307 1126 283 52 slaughtered,
614 1126 77 52 but
712 1125 72 53 the
807 1124 117 54 Lord
949 1124 111 54 "will
1085 1123 95 55 feed
1202 1123 69 55 the

233 1189 110 40 flock
368 1188 48 42 of
441 1187 255 53 slaughter."
751 1187 94 53 The
869 1185 155 55 Father
1048 1184 223 56 appointed

233 1252 122 51 Jesus
386 1264 44 39 as
460 1250 71 53 the
561 1249 139 54 "good
732 1247 244 56 Shepherd"
1004 1253 47 50 to
1079 1247 95 56 feed
1201 1246 70 57 the

236 1313 122 40 flock.
418 1312 96 41 "He
543 1326 118 27 came
689 1317 45 36 to
763 1311 98 42 seek
891 1313 83 40 and
1002 1315 47 38 to
1077 1322 98 31 save
1202 1308 70 45 the

235 1375 120 47 lost,"
377 1375 83 47 and
480 1374 82 48 His
584 1373 192 52 personal
797 1372 193 53 ministry
1011 1385 86 40 was
1116 1384 157 41 among

238 1437 98 40 "the
358 1438 82 39 lost
464 1436 127 51 sheep
613 1435 48 52 of
683 1435 71 52 the
774 1436 134 51 house
930 1434 48 53 of
1000 1432 171 55 Israel."

291 1500 69 39 He
381 1499 72 40 did
474 1503 175 46 attempt
669 1504 46 45 to
735 1497 96 52 feed
850 1496 72 53 the
940 1495 121 54 flock,
1082 1495 76 54 but
1175 1493 97 56 they

237 1561 170 40 refused
430 1559 71 42 the
526 1561 103 40 food
652 1560 71 41 He
745 1558 164 43 offered
931 1559 127 51 them,
1085 1557 83 53 and
1192 1555 80 55 th;s

238 1623 157 40 refusal
432 1636 86 27 was
555 1621 110 42 their
699 1620 201 53 undoing.
966 1620 39 53 It
1042 1618 233 55 eventually

234 1684 186 52 brought
444 1684 128 52 about
595 1682 70 54 the
692 1682 237 54 fulfillment
954 1681 47 55 of
1024 1681 72 55 the
1119 1679 153 57 proph¬

237 1760 73 37 ecy
335 1745 256 53 concerning
614 1745 107 53 their
747 1743 268 55 destruction.

728 1806 92 41 The
847 1805 179 54 prophet
1053 1805 147 54 speaks
1228 1803 47 56 of

236 1876 97 39 The
363 1876 113 40 Two
728 1868 148 52 taking
896 1868 110 52 "two
1027 1875 161 45 staves;
1209 1868 66 52 the

236 1934 172 46 Staves,
425 1935 176 50 Beauty
732 1943 77 42 one
846 1932 26 53 I
923 1931 131 54 called
1103 1932 174 53 Beauty,

234 1995 88 38 and
349 1994 166 40 Bands.
730 1992 85 42 and
845 1992 70 42 the
947 1993 121 41 other
1094 1994 28 40 I
1150 1991 129 43 called

726 2053 169 50 Bands;
930 2055 84 48 and
1046 2055 24 48 I
1101 2053 75 54 fed
1209 2053 67 54 the

234 2116 127 52 flock.
426 2114 134 54 Three
593 2115 233 53 shepherds
859 2115 86 53 also
979 2117 26 51 I
1037 2123 72 45 cut
1140 2115 65 53 off
1233 2115 44 53 in

237 2190 79 29 one
338 2176 171 50 month;
531 2176 86 50 and
637 2190 74 41 my
731 2177 99 54 soul
850 2177 172 54 loathed
1043 2177 128 54 them,
1195 2176 86 55 and
