1500 2500
221 296 48 24 20
307 289 100 31 LIFE
438 288 95 32 AND
566 280 275 40 PROPHECIES
873 277 55 43 OF
960 270 283 50 ZECHARIAH.

224 397 90 40 that
334 396 56 41 sit
414 394 143 51 before
583 392 115 53 thee:
722 388 73 57 for
818 386 97 59 they
941 395 72 50 are
1036 394 98 51 men
1158 393 114 52 won¬

224 458 125 40 dered
374 462 64 42 at;
461 455 84 51 for,
570 450 163 56 behold,
757 450 24 56 I
802 447 89 59 will
914 445 125 61 bring
1059 443 120 63 forth
1202 456 69 50 my

222 524 183 41 servant,
433 517 68 48 the
529 511 280 54 Branch"—a
837 507 171 58 distinct
1035 505 83 60 and
1145 504 127 61 direct

225 580 213 39 reference
463 583 46 36 to
533 575 73 44 the
631 572 173 52 coming
828 569 48 55 of
903 568 156 56 Christ.

280 640 42 38 If
343 640 117 38 there
481 650 86 28 was
590 648 79 30 one
688 639 127 39 event
835 643 119 35 more
974 630 103 48 than
1098 629 173 49 another

227 708 43 32 to
305 699 140 42 which
480 698 71 43 the
582 696 147 45 nation
763 692 154 49 looked
951 691 187 50 forward
1173 689 100 52 with

227 761 142 53 joyful
402 758 306 56 anticipations,
741 756 34 58 it
805 768 87 46 was
925 754 72 60 the
1028 753 168 61 coming
1225 753 46 61 of

226 824 71 39 the
342 822 165 48 "Child,
552 820 71 50 the
666 817 273 53 Wonderful,
987 815 283 55 Counsellor,"

228 886 70 41 He
323 886 32 41 it
380 897 85 30 was
492 883 97 44 who
613 881 152 46 should
791 886 159 41 restore
976 878 130 49 Israel
1132 884 45 43 to
1199 876 73 51 her

228 948 177 52 pristine
429 946 122 54 glory
576 944 83 56 and
684 943 99 57 give
803 944 76 56 her
904 942 72 58 the
999 940 136 60 proud
1160 940 114 60 place

231 1011 73 39 she
342 1008 202 50 occupied
582 1005 122 53 when
743 1005 70 53 the
850 1005 93 53 first
979 1002 174 56 Temple
1187 1014 85 44 was

228 1070 117 41 built.
403 1069 171 50 During
601 1068 120 51 those
749 1072 174 47 seventy
948 1078 121 41 years
1096 1064 45 55 of
1167 1064 107 55 slav¬

232 1146 85 38 ery,
357 1131 123 53 when
519 1131 118 53 there
674 1142 87 42 was
800 1128 180 56 literally
1016 1126 178 58 nothing
1230 1131 45 53 to

232 1197 121 38 cheer
378 1197 84 38 and
488 1206 237 37 encourage
748 1192 72 51 the
845 1190 139 53 hearts
1012 1189 47 54 of
1082 1189 71 54 the
1178 1201 97 42 peo¬

231 1258 79 51 ple,
344 1256 71 53 the
446 1256 191 53 glowing
669 1257 83 52 and
784 1253 260 56 comforting
1072 1250 202 59 promises

232 1319 47 41 of
315 1319 83 41 His
435 1318 171 51 coming
641 1317 123 52 made
800 1317 54 52 by
890 1314 72 55 the
997 1313 159 56 Isaiahs
1194 1311 82 58 and

230 1381 232 53 Jeremiahs
486 1379 228 55 preceding
736 1378 70 56 the
829 1377 199 57 captivity
1051 1389 97 45 may
1171 1375 106 59 have

233 1445 81 39 lost
350 1457 116 27 some
500 1442 48 42 of
584 1442 109 42 their
728 1441 100 43 hold
862 1452 114 38 upon
1011 1438 70 52 the
1116 1436 159 54 people.

234 1507 85 41 But
352 1512 42 36 at
427 1505 70 43 the
531 1505 91 43 first
655 1503 146 51 lifting
833 1501 46 53 of
911 1501 72 53 the
1017 1500 157 54 clouds,
1208 1497 69 57 the

235 1568 184 51 promise
461 1567 33 52 is
538 1565 196 54 renewed
774 1564 103 55 with
920 1562 234 57 emphasis;
1196 1559 82 60 and

231 1630 229 40 Zechariah
488 1630 35 40 is
551 1628 70 42 the
649 1628 252 42 instrument
928 1625 154 45 chosen
1109 1629 45 41 to
1180 1624 98 46 bear

231 1692 71 40 the
334 1692 100 51 glad
465 1691 157 52 tidings
656 1696 44 47 to
730 1689 71 54 the
832 1688 157 55 nation.
1052 1686 126 57 First,
1208 1684 71 59 the

232 1755 147 50 people
413 1766 71 39 are
517 1752 175 53 assured
725 1750 89 55 that
848 1749 130 56 God's
1011 1748 133 57 house
1174 1744 106 61 shall

231 1816 51 39 be
315 1816 117 46 built,
467 1812 382 52 notwithstanding
882 1812 192 52 seeming
1107 1807 173 57 difficul¬

232 1877 75 38 ties
322 1890 9 33 ;
359 1878 82 45 and
467 1875 210 50 secondly,
704 1874 99 51 they
830 1887 72 38 are
926 1872 180 53 cheered
1129 1872 57 53 by
1210 1869 71 56 the

231 1937 179 40 renewal
434 1936 46 41 of
502 1936 70 41 the
594 1935 202 50 promises
819 1933 48 52 of
885 1947 28 38 a
935 1933 195 52 Saviour.
1167 1933 114 52 How

230 1998 34 39 is
282 1997 73 40 the
376 1997 90 40 first
491 1996 46 41 of
561 1996 116 41 these
701 2000 120 46 great
844 1993 206 53 promises
1072 2000 47 46 to
1141 1995 52 51 be
1218 2008 63 38 re¬

232 2057 172 41 deemed
414 2057 17 41 ?

258 2148 5 7 .
287 2118 59 41 So
367 2131 126 37 many
516 2116 263 52 unexpected
803 2115 237 53 difficulties
1064 2131 72 37 are
1161 2131 120 39 crop¬

232 2180 104 53 ping
358 2184 74 49 out
457 2178 90 55 that
570 2177 72 56 the
664 2177 96 56 task
784 2189 134 44 seems
946 2177 153 56 almost
1125 2179 157 54 impos-
