1500 2500
229 292 102 30 LIFE
364 291 96 31 AND
495 287 278 35 PROPHECIES
805 287 55 35 OF
892 284 284 38 ZECHARIAH.
1216 283 46 39 27

262 402 121 40 Thus
406 400 38 42 is
469 396 270 46 Zechariah's
766 393 214 54 prophecy
1004 392 169 55 against
1198 390 71 57 the

210 466 84 52 city
322 462 183 56 literally
535 460 192 58 fulfilled.
785 457 88 61 She
901 455 72 63 did
1002 454 143 64 "build
1175 453 93 65 her¬

210 528 84 53 self
322 542 25 39 a
374 524 269 57 stronghold,
673 521 84 60 and
788 521 160 60 heaped
977 526 57 55 up
1064 516 131 65 silver
1224 526 46 55 as

216 592 68 41 the
315 591 110 48 dust,
456 587 84 52 and
571 587 82 52 fine
682 584 103 55 gold
813 596 46 43 as
889 582 68 57 the
988 580 105 59 mire
1125 579 46 60 of
1202 577 68 62 the

210 652 190 50 streets,"
424 651 76 51 but
522 650 70 52 the
615 648 118 54 Lord
755 644 73 58 did
851 643 150 59 "smite
1026 642 77 60 her
1124 647 145 55 pozver

211 717 45 41 in
275 715 69 43 the
362 714 98 44 sea"
481 712 85 46 and
584 710 74 48 she
677 722 88 36 was
785 706 182 52 actually
985 700 230 58 devoured.

717 802 66 51 By
820 799 72 54 the
929 795 263 58 destruction'
1228 791 46 62 of

214 876 98 40 The
342 869 294 47 Restoration
716 863 116 53 Tyre
856 860 84 56 and
964 861 55 55 its
1046 856 227 60 neighbor-

215 937 49 42 of
291 934 252 55 Jerusalem
716 926 76 63 ing
823 927 185 62 country
1041 920 73 69 the
1148 918 125 71 glory

217 997 248 43 Promised.
716 988 85 52 and
825 997 173 43 renown
1021 981 47 59 of
1088 981 72 59 the
1180 993 93 47 new

713 1048 237 54 Jerusalem
1005 1043 144 59 would
1203 1043 69 59 be¬

219 1132 118 27 come
357 1129 118 30 more
498 1113 274 54 pronounced
794 1111 95 56 and,
913 1123 45 44 as
981 1108 36 59 if
1039 1114 44 53 to
1106 1106 165 61 further

222 1193 237 39 encourage
489 1178 70 54 the
589 1176 160 56 people,
777 1174 71 58 the
878 1171 179 61 prophet
1086 1181 103 51 goes
1220 1179 54 53 on

222 1253 44 30 to
295 1243 71 40 tell
398 1241 115 42 them
546 1241 91 42 that
671 1237 121 46 other
824 1234 179 52 empires
1035 1232 85 54 and
1151 1230 123 56 king¬

222 1306 120 40 doms
366 1302 137 44 which
526 1303 83 43 had
631 1301 43 45 in
698 1300 71 46 the
789 1311 102 35 near
912 1302 95 46 past
1029 1296 109 52 done
1160 1293 114 55 them

223 1368 134 47 harm,
385 1366 141 49 would
553 1364 52 51 be
631 1360 187 55 brought
844 1361 82 54 low
952 1359 84 56 and
1061 1355 214 60 humbled.

225 1430 48 40 In
301 1429 171 51 chapter
499 1442 42 38 x,
568 1439 64 41 we
659 1425 107 55 have
793 1436 53 44 an
874 1419 291 61 encouraging
1191 1417 85 63 pic¬

225 1498 93 34 ture
348 1490 45 42 of
423 1489 73 43 the
525 1486 228 55 gathering
780 1484 50 57 of
861 1483 131 58 Israel
1025 1482 83 59 and
1137 1479 140 62 Judah

230 1554 113 40 from
385 1563 158 40 among
580 1548 73 55 the
694 1547 173 56 various
910 1544 167 59 nations
1121 1553 158 50 among

227 1615 135 41 which
389 1614 99 52 they
513 1612 84 54 had
623 1611 103 55 been
754 1608 231 58 scattered:

282 1678 50 41 "I
357 1676 87 43 zvill
469 1675 127 51 bring
622 1674 111 52 them
763 1670 130 56 again
919 1669 89 57 also
1037 1675 75 51 out
1137 1668 48 58 of
1212 1667 69 59 the

229 1740 97 41 land
350 1739 48 52 of
420 1739 159 52 Egypt,
607 1736 82 55 cmd
713 1736 154 55 gather
893 1733 112 58 them
1031 1737 74 54 out
1130 1730 47 61 of
1200 1729 83 62 As¬

228 1802 112 51 syria
356 1816 12 37 1
395 1801 82 52 and
506 1801 22 52 I
557 1798 87 55 zvill
674 1797 124 56 bring
829 1795 113 58 them
969 1793 88 60 into
1089 1791 69 62 the
1185 1789 98 64 land

231 1865 44 51 of
302 1862 146 54 Gilead
475 1862 81 54 and
582 1860 227 56 Lebanon;
834 1857 83 59 and
940 1854 119 62 place
1080 1853 108 63 shall
1211 1858 74 58 not

234 1927 47 40 be
309 1925 139 53 found
477 1925 73 53 for
583 1922 124 56 them.
769 1919 23 59 *
935 1918 23 60 *
1019 1916 24 62 *
1103 1916 85 62 and
1217 1913 69 65 the

229 1987 122 54 pride
370 1987 49 54 of
436 1984 182 57 Assyria
636 1982 111 59 shall
768 1982 49 59 be
839 1979 186 62 brought
1044 1978 138 63 down,
1203 1975 84 66 and

233 2051 70 40 the
339 2055 166 46 sceptre
545 2047 48 54 of
630 2046 148 55 Egypt
815 2041 110 60 shall
964 2042 150 59 depart
1152 2050 135 51 away.

228 2113 100 41 And
362 2113 22 41 I
418 2110 86 44 zvill
537 2106 250 53 strengthen
823 2104 111 55 them
968 2102 45 57 in
1046 2101 69 58 the
1147 2098 142 61 Lord;

230 2170 87 42 Kind
355 2169 97 51 they
488 2164 107 56 shall
630 2162 109 58 walk
775 2166 56 54 up
868 2158 83 62 and
985 2158 125 62 dozvn
1145 2154 45 66 in
1225 2152 66 68 his
