1500 2500
243 277 102 31 LIFE
377 279 98 29 AND
508 280 279 32 PROPHECIES
819 282 55 30 OF
906 283 284 33 ZECHARIAH.
1228 281 50 41 37

220 391 109 41 their
352 391 97 41 soul
473 390 88 42 also
588 391 213 44 abhorred
824 391 95 44 me"
953 391 183 53 (Verses
1162 392 117 52 7-8).

218 453 65 53 By
301 452 73 54 the
393 452 115 54 "two
526 453 167 53 staves"
714 453 35 53 is
770 453 150 53 shown
938 455 75 51 the
1031 453 247 53 symbolical

217 516 218 41 character
455 515 50 42 of
525 516 73 42 the
622 515 248 53 prediction.
923 516 95 52 The
1040 529 81 39 one
1144 515 134 53 called

220 580 164 52 Beauty
410 579 272 53 represented
704 578 74 54 the
801 578 138 54 honor
962 578 85 54 and
1071 578 207 54 privilege

221 642 137 42 which
394 642 72 42 the
502 642 114 53 Jews
653 642 223 53 possessed
914 642 43 53 in
992 641 73 54 the
1102 641 174 54 oracles,

221 705 218 41 instituted
463 705 189 53 worship
675 705 84 53 and
781 705 177 53 Temple
980 704 47 54 of
1051 704 118 54 God;
1192 704 85 54 and

221 768 220 52 especially
462 768 56 52 by
535 768 74 52 the
628 767 196 53 ministry
843 767 48 53 of
911 767 156 53 Christ,
1088 767 84 53 and
1192 766 83 54 His

221 830 193 53 apostles,
444 831 98 52 who
569 830 211 53 preached
810 830 70 53 the
910 831 147 52 gospel
1087 836 44 47 to
1158 829 115 54 them

220 892 145 43 before
389 893 54 42 all
468 893 154 42 others.

278 977 197 42 "Bands"
514 977 180 42 denoted
731 977 70 42 the
838 977 249 42 connection
1121 975 48 44 of
1204 975 71 44 the

223 1040 142 41 nation
394 1040 135 41 under
558 1053 80 28 one
665 1045 280 48 government
971 1040 84 53 and
1082 1040 71 53 the
1179 1039 97 54 har¬

225 1116 128 39 mony
394 1103 90 52 that
523 1102 85 53 had
647 1103 44 52 in
732 1117 120 38 some
890 1116 195 39 measure
1127 1102 147 53 united

223 1165 115 41 them
375 1179 45 27 as
458 1165 71 41 the
564 1165 111 42 flock
712 1165 47 42 of
797 1165 107 42 God.
972 1165 86 42 But
1093 1179 46 28 as
1176 1164 99 53 they

225 1228 139 41 would
395 1233 74 36 not
499 1229 214 52 generally
742 1229 126 52 profit
898 1228 55 53 by
979 1228 72 53 the
1080 1227 196 54 ministry

220 1290 45 41 of
282 1290 154 50 Christ,
471 1292 53 48 he
539 1291 143 49 would
700 1289 97 51 "cut
812 1290 65 50 off
892 1291 120 49 three
1046 1289 230 54 shepherds

719 1348 43 40 in
798 1361 81 28 one
913 1347 191 42 month."
1170 1346 105 43 This

226 1411 146 41 Three
412 1412 102 41 Shei
533 1412 136 41 herds
719 1410 204 52 probably
958 1409 134 53 refers
1126 1415 47 47 to
1204 1410 73 52 the

229 1474 88 42 Cut
343 1474 81 42 Off
446 1475 48 41 in
719 1472 120 44 three
919 1472 171 53 leading
1170 1475 109 50 sects

225 1536 100 41 One
352 1538 177 40 Month.
726 1548 161 40 among
927 1535 70 53 thje
1037 1534 130 54 Je(WS,
1208 1532 72 56 the

722 1597 236 49 Pharisees,
1036 1596 242 50 Sadducees

224 1660 82 41 and
338 1660 242 42 Herodians
611 1661 99 41 who
738 1659 234 53 pretended
1001 1665 46 47 to
1074 1659 52 53 be
1157 1657 123 55 shep¬

224 1722 125 41 herds
385 1725 84 40 and
504 1736 112 29 were
652 1723 54 42 all
742 1720 217 54 degraded
994 1720 84 54 and
1113 1725 70 49 cut
1216 1717 65 57 off

226 1784 217 53 suddenly.
508 1785 124 52 "One
665 1783 178 54 month"
877 1782 34 55 is
945 1796 53 41 an
1033 1781 248 56 expression

227 1847 239 53 commonly
502 1848 106 52 used
644 1852 43 48 at
723 1846 93 54 that
852 1845 101 55 time
988 1850 46 50 to
1070 1844 152 56 denote
1258 1855 24 45 a

226 1909 117 41 short
371 1910 114 40 time.
542 1910 116 40 How
684 1908 110 52 fully
819 1907 83 53 this
929 1906 238 54 prediction
1194 1916 88 44 was

225 1973 172 42 verified
425 1986 78 29 can
529 1973 52 42 be
609 1984 98 31 seen
735 1970 43 45 in
805 1969 72 46 the
905 1969 86 46 fact
1018 1967 93 48 that
1138 1965 144 50 Christ

220 2034 179 53 ignored
426 2034 118 53 these
571 2038 109 49 sects
706 2031 125 56 when
858 2030 70 57 He
953 2024 331 63 commissioned

229 2101 80 42 His
351 2101 184 54 apostles
572 2105 48 50 to
658 2096 155 59 preach
852 2095 81 60 His
973 2092 161 63 gospel.
1201 2088 84 67 His

225 2174 222 54 righteous
475 2173 92 55 soul
592 2167 223 61 "loathed''
839 2166 110 62 their
972 2164 133 64 pride,
1128 2161 158 67 hypoc-
