1500 2499
236 268 102 28 LIFE
370 267 96 29 AND
501 267 277 29 PROPHECIES
811 268 55 28 OF
898 268 283 29 ZECHARIAH.

698 644 82 41 III.

242 778 175 40 Second
452 775 209 43 Division
693 775 48 43 of
773 774 87 44 His
893 773 286 53 Prophecies.

683 857 93 41 The
804 858 154 40 second
988 855 182 43 division
1197 855 70 43 be-

248 924 163 52 Chaps.
441 924 46 52 ix
515 929 48 47 to
593 923 58 53 xi.
697 921 96 55 gins
812 919 102 57 with
932 918 172 58 chapter
1122 918 45 58 ix
1185 916 83 60 and

683 983 178 41 extends
887 990 46 34 to
957 981 174 52 chapter
1155 980 58 53 xi.

270 1051 39 40 It
334 1063 128 39 opens
489 1049 54 53 by
570 1047 198 55 assuring
791 1046 71 56 the
888 1045 148 57 people
1061 1043 47 59 of
1136 1042 130 60 God's

217 1113 172 42 defence
408 1112 46 43 of
472 1111 82 44 His
573 1110 171 45 church.

272 1177 39 40 It
340 1176 34 41 is
405 1176 101 41 here
533 1177 92 40 that
655 1174 250 46 Damascus,
937 1170 217 50 Phoenicia
1184 1168 85 52 and

217 1240 69 41 the
317 1239 115 42 cities
466 1238 47 43 of
543 1237 72 44 the
647 1236 243 45 Philistines
921 1248 71 33 are
1021 1231 247 50 threatened

219 1303 102 41 with
351 1301 259 43 destruction
640 1300 82 44 and
752 1298 108 46 ruin.

275 1365 117 41 Here
415 1363 72 43 the
511 1362 256 53 predictions
792 1374 72 41 are
888 1365 74 50 not
986 1358 184 57 general,
1197 1357 74 58 but

220 1428 177 53 specific,
425 1440 47 41 so
497 1426 90 55 that
611 1439 57 42 no
693 1424 179 57 mistake
896 1436 77 45 can
1000 1422 50 59 be
1075 1420 123 61 made
1225 1432 45 49 as

220 1498 44 34 to
291 1491 72 41 the
395 1490 137 52 places
565 1502 48 40 or
645 1487 145 55 people
823 1485 188 57 referred
1041 1490 46 52 to>
1115 1484 56 58 by
1200 1482 71 60 the

222 1553 191 53 prophet.

276 1616 139 53 Tyrus
443 1615 81 54 and
549 1614 133 55 Zidon
715 1613 138 56 (Tyre
877 1612 82 57 and
986 1608 177 61 Sidon),
1188 1613 86 56 two

224 1686 119 47 great
381 1678 84 55 and
504 1676 254 57 flourishing
798 1675 116 58 cities
955 1672 46 61 of
1042 1669 230 64 Phoenicia,

223 1756 71 28 are
320 1741 244 43 mentioned
590 1741 56 51 by
675 1752 123 40 name
828 1750 44 42 as
902 1734 191 58 destined
1121 1739 45 53 to
1194 1731 81 61 feel

222 1807 70 40 the
311 1805 115 42 force
447 1803 45 44 of
513 1803 130 44 God's
664 1800 137 47 wrath
821 1799 82 48 and
923 1797 134 50 suffer
1078 1797 70 50 for
1166 1793 109 54 their

224 1869 258 41 wickedness
510 1866 84 44 and
619 1862 244 54 opposition
889 1868 46 48 to
958 1861 72 55 the
1056 1856 150 60 people
1228 1853 50 63 of

227 1931 104 42 God.

282 1994 70 41 He
370 1992 149 54 speaks
539 1991 46 55 of
602 1990 115 56 Tyre
734 1988 43 58 in
793 2000 102 46 very
914 1983 114 63 plain
1044 1984 236 62 language:

284 2057 127 40 "And
447 2056 139 52 Tyrus
617 2052 71 56 did
721 2049 118 59 build
868 2046 159 62 herself
1057 2059 26 49 a
1111 2052 171 56 strong¬

229 2121 111 49 hold,
365 2119 83 51 and
476 2115 159 55 heaped
662 2121 57 49 up
743 2112 130 58 silver
896 2123 46 47 as
968 2109 70 61 the
1063 2107 110 63 dust,
1200 2102 84 68 and

228 2184 82 42 Hue
330 2182 102 54 gold
453 2193 46 43 as
523 2178 67 58 the
611 2178 105 58 mire
738 2176 47 60 of
806 2174 67 62 the
893 2177 162 59 streets.
1106 2164 177 72 Behold,
