1507 2504
244 279 101 29 LIFE
376 280 97 29 AND
507 279 277 34 PROPHECIES
817 283 55 30 OF
903 283 284 32 ZECHARIAH.

224 390 115 41 sible.
399 391 93 41 The
521 393 244 52 opposition
795 394 48 51 of
870 394 72 51 the
972 394 187 51 Gentiles
1191 409 87 36 was

223 460 44 35 to
293 454 51 41 be
373 455 216 52 expected,
620 456 75 51 but
724 457 141 50 others
895 458 166 49 besides
1093 457 186 50 Gentiles

220 530 70 28 are
315 517 211 55 opposing
547 518 71 54 the
642 519 242 54 rebuilding
907 521 44 52 of
977 521 129 52 God's
1129 521 147 52 house.

691 611 97 52 Just
809 624 141 39 across
973 612 71 51 the
1063 612 84 51 line
1166 612 113 51 lived

227 674 99 42 The
368 676 292 43 Samaritans'
694 688 27 31 a
753 674 149 53 people
935 674 99 53 who
1068 675 136 52 ought
1235 681 43 46 to

223 737 287 53 Opposition.
694 738 53 52 be
778 736 185 54 friendly
992 743 47 47 to
1066 738 118 52 these
1215 751 63 39 re-

221 797 282 42 Zerubbabel
691 800 155 40 turned
911 800 143 41 exiles.
1156 800 121 53 They

221 857 312 54 Encouraged.
687 875 71 36 are
782 863 229 48 connected
1035 862 104 49 with
1159 863 115 48 them

689 919 55 52 by
764 920 80 51 ties
867 919 47 52 of
935 920 149 51 blood;
1108 921 43 50 in
1174 920 98 51 fact,

220 978 98 55 they
349 994 72 39 are
451 981 92 52 first
573 982 182 51 cousins,
788 982 127 53 being
944 982 73 53 the
1046 983 124 52 lineal
1202 983 70 52 de¬

223 1043 223 41 scendants
484 1044 49 41 of
571 1044 130 49 Esau,
741 1044 167 53 Jacob's
950 1059 96 38 own
1086 1045 185 52 brother.

219 1106 86 41 But
326 1106 118 43 these
466 1106 261 43 Samaritans
750 1121 71 28 are
842 1107 130 53 really
991 1108 72 52 the
1082 1108 191 52 bitterest

219 1175 235 46 opponents
483 1169 49 52 of
559 1168 71 53 the
658 1170 120 51 work
804 1170 128 54 being
959 1171 231 53 attempted
1217 1172 55 52 by

221 1230 258 43 Zerubbabel
502 1232 82 42 and
605 1233 65 41 his
693 1232 174 42 friends.

276 1293 105 42 This
408 1294 111 52 good
543 1295 134 51 man's
700 1294 122 52 heart
846 1296 140 53 might
1010 1296 109 53 have
1144 1294 128 55 failed

219 1355 85 42 him
328 1356 83 41 had
433 1362 73 36 not
529 1357 70 41 the
620 1357 189 41 cheerful
832 1357 231 42 Zechariah
1084 1358 188 55 brought

220 1418 87 41 him
334 1419 69 41 the
429 1433 191 40 message
644 1420 48 53 of
714 1422 72 51 the
809 1420 139 53 Lord:
988 1420 134 53 "This
1143 1422 39 51 is
1206 1424 69 49 the

220 1481 120 41 word
367 1482 46 52 of
439 1482 71 52 the
533 1483 118 51 Lord
675 1490 103 44 unto
804 1485 279 50 Zerubbabel,
1108 1485 165 54 saying,

222 1541 91 43 Not
346 1544 51 52 by
432 1543 150 54 might,
616 1558 80 39 nor
730 1546 52 52 by
816 1552 155 48 power}
1008 1548 73 52 but
1115 1549 52 52 by
1201 1561 71 41 my

220 1604 133 54 spirit,
381 1606 111 52 saith
521 1607 68 51 the
615 1607 145 51 Lord"
796 1607 257 54 (Zechariah
1080 1608 137 54 iv:6).

691 1690 131 41 From
904 1690 200 54 cheering
1203 1691 72 53 the

226 1751 97 41 The
356 1752 166 54 Flying
555 1754 116 52 Roll,
692 1754 142 52 hearts
866 1753 46 53 of
943 1753 71 53 the
1042 1755 233 51 workmen,

691 1814 74 42 the
786 1815 180 53 prophet
989 1830 143 39 passes
1157 1828 57 41 on-
1234 1822 43 47 to

223 1876 176 41 another
424 1876 131 53 phase
582 1877 47 52 of
654 1878 71 51 the
751 1892 93 37 new
871 1878 234 51 conditions
1134 1879 47 50 of
1204 1878 72 51 the

222 1939 244 52 practically
493 1953 93 38 new
614 1940 220 53 kingdom.
891 1942 50 51 In
968 1940 71 53 the
1064 1942 138 51 vision
1228 1940 49 53 of

223 1999 71 43 the
323 2001 156 54 Flying
507 2002 111 53 Roll,
648 2003 174 53 chapter
849 2018 41 38 v,
919 2003 53 53 he
1000 2003 141 53 shows
1170 2004 107 52 that,

223 2063 40 41 in
295 2065 114 49 time,
439 2065 94 49 vice
561 2066 83 48 and
675 2065 257 54 immorality
961 2065 106 54 shall
1095 2066 53 53 be
1176 2065 103 54 ban¬

226 2126 119 42 ished
382 2127 113 42 from
531 2128 72 41 the
639 2128 100 43 land
773 2128 86 43 and
893 2126 73 45 the
1000 2128 92 43 rule
1125 2128 50 43 of
1209 2127 74 44 the

226 2189 115 43 Lord
365 2189 49 43 of
437 2191 118 41 hosts
582 2189 105 43 shall
711 2190 52 42 be
788 2189 202 43 absolute.
1030 2188 71 44 All
1128 2187 47 45 of
1201 2187 81 45 this
