1500 2500
203 291 49 36 18
290 301 102 28 LIFE
421 299 97 30 AND
551 291 274 38 PROPHECIES
858 288 55 41 OF
946 281 282 48 ZECHARIAH.

205 408 155 49 Judah,
378 408 134 49 Israel
533 403 81 54 and
633 399 249 58 Jerusalem,
932 396 102 61 And
1055 394 68 63 the
1143 393 115 64 Lord

208 470 172 40 showed
411 480 66 30 me
507 466 101 51 four
637 467 253 50 carpenters.
954 458 118 59 Then
1102 456 91 61 said
1221 456 34 61 I,

214 532 127 39 What
359 542 115 29 came
494 528 114 43 these
628 532 40 39 to
689 524 83 47 dof
817 521 102 50 And
938 521 53 50 he
1006 519 144 52 spake,
1166 531 91 40 say¬

211 593 88 50 ing,
334 592 132 51 These
497 602 70 41 are
597 589 69 54 the
695 587 128 56 horns
850 581 140 62 which
1019 582 108 61 have
1153 587 105 56 scat¬

216 657 113 37 tered
354 651 155 47 Judah,
532 663 48 35 so
610 648 89 50 that
723 660 53 38 no
802 658 99 40 man
927 643 71 55 did
1023 643 68 55 lift
1114 650 55 48 up
1196 642 63 56 his

216 715 127 38 head:
376 714 73 39 but
479 712 112 41 these
622 722 71 31 are
722 720 116 33 come
869 714 41 39 to
938 707 96 52 fray
1066 706 123 53 them,
1219 712 39 47 to

218 782 87 33 cast
339 781 73 34 out
446 773 70 42 the
549 772 129 43 horns
712 770 46 52 of
791 770 70 52 the
896 768 198 54 Gentiles,
1126 768 132 54 which

215 837 121 52 lifted
361 843 56 46 up
446 835 106 54 their
576 836 108 53 horn
710 846 100 43 over
837 833 66 56 the
930 831 97 58 land
1054 830 45 59 of
1123 829 136 60 Judah

219 907 39 32 to
283 906 154 33 scatter
462 898 72 41 it."

273 962 101 40 Had
403 966 73 36 not
505 960 141 52 Judah
674 959 105 53 been
810 956 206 56 scattered
1044 956 122 56 when
1193 954 68 58 the

217 1030 121 45 great
363 1023 152 52 armies
545 1021 46 54 of
618 1022 71 53 the
716 1020 196 55 Persians
939 1019 198 56 marched
1164 1030 96 45 over

219 1087 51 39 its
300 1086 94 40 hills
423 1086 84 40 and
537 1085 169 50 valleys,
736 1084 146 51 laying
909 1088 129 47 waste
1067 1082 52 53 its
1149 1079 111 56 cities

221 1158 84 40 and
334 1158 167 40 towns?

277 1231 100 40 Had
402 1239 73 34 not
500 1229 181 44 "horns"
705 1229 168 52 pierced
895 1228 71 53 the
988 1228 119 53 heart
1130 1227 43 54 of
1195 1225 69 56 the

221 1306 145 40 nation
394 1305 121 41 when
543 1304 71 42 the
641 1303 106 43 rude
769 1302 136 44 hands
932 1300 48 46 of
1005 1300 71 46 the
1103 1299 162 47 Gentile

222 1379 195 40 invaders
443 1390 111 29 were
578 1375 184 44 directed
787 1375 167 52 against
976 1373 91 54 that
1088 1386 81 41 one
1192 1372 74 55 ob¬

224 1453 97 51 ject,
347 1452 165 52 dearest
533 1456 46 48 to
598 1450 71 54 the
692 1450 119 54 heart
834 1448 45 56 of
901 1447 70 57 the
991 1445 156 59 Jewish
1170 1458 97 46 peo¬

224 1524 209 53 ple,—the
458 1523 203 54 Temple?

282 1597 151 51 Surely
461 1609 56 39 no
543 1595 122 53 other
694 1594 147 54 people
866 1594 50 54 of
944 1593 137 55 which
1109 1590 157 58 history

225 1669 118 52 gives
396 1682 86 39 any
509 1673 178 48 account
711 1667 87 54 had
825 1666 104 55 been
956 1678 49 43 so
1033 1662 233 59 effectually

228 1742 219 40 scattered.

283 1815 85 38 But
399 1815 70 38 the
503 1827 115 26 same
650 1825 145 39 power
826 1811 91 53 that
949 1808 223 56 permitted
1204 1806 69 58 the

226 1885 232 50 scattering
483 1884 84 51 will
595 1883 128 52 bring
748 1883 69 52 the
844 1887 214 48 remnants
1085 1879 190 56 together

227 1956 138 51 again,
398 1956 83 51 and
511 1955 124 52 make
663 1954 49 53 of
742 1953 116 54 them
888 1966 82 41 one
1001 1954 274 53 harmonious

227 2027 135 41 whole
387 2025 70 43 for
479 2025 71 43 the
573 2025 125 51 glory
720 2024 49 52 of
792 2024 83 52 His
901 2037 136 39 name.

283 2097 43 40 If
378 2096 70 41 the
499 2096 147 51 people
696 2095 161 52 needed
909 2101 367 48 encouragement,

225 2168 232 43 Zechariah
480 2166 191 52 supplied
696 2166 92 52 that
813 2167 119 51 need.
