1529 2517
243 267 47 32 42
333 266 100 33 LIFE
463 267 95 32 AND
592 269 272 32 PROPHECIES
895 271 54 31 OF
981 271 277 36 ZECHARIAH.

246 375 101 47 nies,
380 388 115 34 some
526 378 47 44 of
605 379 112 43 them
749 380 130 42 sinful
911 382 42 40 in
983 383 71 41 the
1085 392 194 44 extreme,

246 436 28 39 it
298 437 69 40 fed
390 438 70 39 the
482 439 166 40 nations
672 454 112 38 upon
807 442 70 50 the
899 445 128 47 husks
1051 447 103 45 until
1178 449 103 50 spir¬

245 497 161 53 ituality
428 500 82 50 had
533 502 149 48 almost
705 504 172 52 entirely
900 507 95 49 died
1017 515 72 41 out
1111 511 80 45 and
1213 511 67 45 the

245 559 105 51 light
377 575 85 35 was
489 562 161 48 neither
678 565 136 45 "clear
837 580 78 30 nor
939 569 130 41 dark"

300 621 85 41 For
407 624 89 40 that
519 627 226 49 particular
766 629 157 51 period,
948 632 69 48 the
1039 632 104 53 light
1165 648 114 37 came

243 689 41 33 at
303 682 205 56 "evening
525 689 142 49 time,"
687 690 119 48 when
827 704 24 34 a
870 692 157 46 Luther
1047 695 230 44 thundered

244 746 165 49 against
431 749 68 46 the
524 749 78 46 evil
625 753 200 49 practices
847 754 47 48 of
917 757 68 45 the
1009 755 165 47 Church
1197 759 80 43 and

242 807 132 41 shook
402 809 29 40 it
456 817 45 36 to
526 812 51 41 its
603 827 100 38 very
730 815 280 50 foundations.

296 870 90 42 The
417 873 157 53 "living
603 877 177 49 waters"
809 879 88 47 that
925 888 110 38 went
1062 888 74 38 out
1165 882 109 44 from

240 932 231 50 Jerusalem
501 936 100 46 bore
631 951 111 39 upon
773 939 107 51 their
910 942 144 48 bosom
1086 944 69 46 the
1184 944 90 46 first

240 1007 260 40 messengers
517 998 49 49 of
586 998 69 49 the
673 1002 158 50 gospel,
851 1002 82 50 and
952 1004 97 52 they
1068 1006 81 50 and
1166 1006 108 50 their

241 1070 234 28 successors
506 1060 108 41 have
639 1062 103 40 been
773 1064 160 42 carried
961 1066 54 52 by
1045 1066 118 52 those
1190 1082 82 36 wa¬

239 1125 82 35 ters
350 1121 88 39 into
464 1123 141 50 nearly
633 1137 123 39 every
783 1125 205 51 habitable
1015 1133 91 46 part
1130 1129 48 50 of
1204 1131 65 48 the

238 1181 134 50 globe.

293 1243 89 40 The
403 1245 257 42 millennium
683 1249 212 50 predicted
918 1250 52 51 by
991 1251 82 50 this
1096 1253 175 52 prophet

239 1305 72 39 has
335 1315 72 34 not
428 1314 67 43 yet
518 1309 177 48 arrived.

291 1367 91 40 The
408 1369 99 40 time
534 1371 121 40 when
682 1373 95 40 "the
804 1374 117 41 Lord
944 1376 107 41 shall
1076 1378 47 40 be
1150 1378 118 52 King

237 1442 100 27 over
357 1429 56 41 all
432 1433 67 40 the
523 1434 139 49 earth;
683 1434 43 49 in
750 1437 89 46 that
859 1437 79 52 day
961 1438 112 51 there
1093 1439 107 50 shall
1221 1441 47 48 be

239 1504 76 28 one
344 1493 127 48 Lord,
502 1495 80 46 and
615 1497 62 44 his
704 1509 121 32 name
855 1499 115 49 one,"
999 1498 76 50 has
1104 1506 72 42 not
1206 1513 62 35 ar¬

236 1553 126 40 rived.
417 1554 84 41 But
524 1558 95 39 who
644 1556 148 43 doubts
818 1560 50 39 its
893 1561 197 52 coming?

726 1620 42 40 Is
810 1627 73 34 not
924 1622 68 40 the
1036 1625 144 50 gospel
1222 1623 45 52 of

246 1683 97 40 The
383 1683 283 42 Millennium
726 1682 137 43 Christ
945 1686 172 52 making
1196 1687 71 51 al-

231 1746 203 53 Coming.
724 1760 130 39 vance
941 1748 136 52 daily?
1163 1748 102 52 Was

720 1808 118 42 there
858 1822 95 29 ever
974 1824 24 27 a
1017 1811 100 41 time
1136 1810 41 42 in
1197 1810 69 42 the

228 1867 159 51 history
412 1868 46 50 of
480 1870 69 48 the
572 1870 133 48 world
730 1871 120 47 when
875 1872 103 46 such
1001 1871 263 47 tremendous

228 1929 149 40 strides
407 1943 108 27 were
543 1932 123 41 made
695 1932 53 54 by
778 1933 114 53 truth
920 1935 82 51 and
1031 1934 233 53 righteous¬

227 2005 93 27 ness
347 2005 43 27 as
416 1994 123 40 now?

282 2055 37 39 It
347 2054 32 40 is
408 2061 91 34 true
527 2056 88 40 that
643 2056 70 41 the
741 2056 146 54 "King
911 2058 49 52 of
985 2059 151 53 kings"
1165 2059 97 53 does

225 2123 85 44 not,
339 2130 44 37 as
412 2124 80 44 yet,
523 2118 98 50 hold
650 2119 102 49 such
781 2121 212 47 universal
1021 2134 115 40 sway
1163 2134 101 40 over

222 2179 70 41 the
316 2180 115 41 earth
454 2180 89 41 that
567 2179 140 54 "upon
731 2182 66 51 the
824 2183 99 50 bells
947 2185 45 52 of
1016 2185 66 52 the
1107 2185 153 52 horses,
