1500 2499
230 284 101 30 LIFE
361 282 98 32 AND
490 276 278 38 PROPHECIES
798 275 56 39 OF
884 270 283 44 ZECHARIAH.
1207 270 45 44 II

263 394 112 41 Both
398 391 47 44 of
465 391 117 44 these
604 386 245 56 prophecies
871 397 112 45 were
1002 379 168 63 uttered
1188 379 71 63 be¬

210 458 93 42 fore
327 458 72 42 the
424 456 173 44 shadow
624 452 47 48 of
693 450 72 50 the
790 453 120 49 great
935 443 216 59 Captivity
1177 441 84 61 had

212 522 129 41 fallen
362 532 114 40 upon
497 518 71 54 the
588 514 160 58 people.

268 584 92 40 The
388 586 122 49 great
537 593 100 42 man
667 579 98 56 who
794 573 165 62 uttered
988 571 117 64 them
1133 579 128 56 never

211 647 112 43 lived
346 654 44 36 to
411 658 70 32 see
502 642 110 48 their
635 640 252 50 fulfillment,
909 637 76 53 but
1007 633 256 57 subsequent

217 709 266 54 generations
507 706 85 57 did.

270 773 40 42 It
327 785 86 30 was
432 768 195 47 reserved
645 766 66 49 for
728 762 175 53 another
917 767 49 48 to
980 757 129 58 speak
1126 755 138 60 "com-

216 835 184 51 fortably
417 839 45 47 to
478 829 261 57 Jerusalem"
761 836 41 50 at
820 840 26 46 a
863 824 100 62 time
980 821 123 65 when
1123 816 140 70 words

218 899 48 40 of
295 897 185 42 comfort
510 905 111 34 were
655 890 119 49 sadly
805 885 174 54 needed,
1013 883 164 56 indeed.

272 961 64 39 As
383 958 148 42 before
575 953 149 47 stated,
772 950 71 50 the
889 945 200 55 returned
1136 942 131 58 exiles

220 1023 152 42 looked
401 1034 114 38 upon
545 1033 25 39 a
598 1021 179 51 country
807 1011 186 61 desolate
1020 1009 42 63 in
1093 1007 72 65 the
1195 1017 73 55 ex¬

223 1094 144 33 treme.
429 1084 60 43 At
520 1079 233 55 Jerusalem
785 1075 72 59 the
890 1073 114 61 sight
1037 1082 87 52 was
1157 1066 113 68 truly

225 1147 225 53 appalling.
513 1143 93 57 The
639 1141 83 59 city
756 1152 86 48 was
876 1137 43 63 in
951 1134 73 66 the
1055 1132 136 68 hands
1222 1127 50 73 of

227 1218 229 44 strangers,
494 1207 85 55 and
617 1205 54 57 its
709 1201 100 61 holy
844 1199 137 63 places
1019 1191 254 71 shamefully

230 1271 253 43 desecrated.

695 1358 91 39 The
810 1354 174 51 Temple
1008 1364 87 41 was
1121 1363 24 42 a
1168 1348 107 57 heap

226 1432 99 39 The
345 1428 201 52 Temple.
696 1421 47 59 of
803 1416 129 64 ruins.
1022 1412 106 68 This
1187 1420 88 60 was

695 1493 138 29 worse
848 1479 103 43 than
968 1476 160 46 broken
1145 1470 130 52 walls,

230 1552 148 41 ruined
402 1548 236 53 highways,
663 1558 50 43 or
737 1539 251 62 dismantled
1012 1538 159 63 homes.

284 1615 51 39 In
356 1613 111 41 their
488 1608 214 54 captivity,
721 1607 73 55 the
815 1604 119 58 older
954 1614 97 48 men
1073 1598 84 64 had
1178 1610 98 52 con¬

230 1676 155 52 stantly
409 1673 159 55 spoken
593 1670 48 58 of
661 1669 93 59 that
775 1665 271 63 magnificent
1068 1662 82 66 pile
1172 1658 107 70 built

229 1741 55 51 by
309 1739 72 53 the
407 1743 120 49 great
555 1734 217 58 Solomon.

287 1802 121 50 They
437 1810 129 42 never
597 1795 112 57 tired
739 1792 45 60 of
816 1790 216 62 depicting
1058 1786 57 66 its
1142 1791 137 61 trans¬

233 1865 180 41 cendent
438 1862 154 49 beauty
618 1871 59 40 as,
707 1854 201 57 standing
933 1864 113 47 upon
1073 1848 73 63 the
1174 1850 108 61 crest

234 1928 49 41 of
305 1927 73 42 the
401 1924 86 49 hill,
514 1924 33 49 it
572 1935 110 39 gave
705 1919 106 55 back
835 1918 43 56 in
903 1912 218 62 prismatic
1144 1909 137 65 colors

235 1992 69 40 the
327 1988 127 44 white
478 1984 187 52 saluting
687 1996 95 40 rays
805 1980 48 56 of
871 1978 72 58 the
965 1974 201 62 morning
1189 1983 93 53 sun.

235 2053 121 53 They
372 2051 89 55 told
479 2048 109 58 their
607 2044 188 62 children
814 2054 102 52 over
934 2039 83 67 and
1036 2048 103 58 over
1157 2034 129 72 again

236 2118 97 41 how
372 2113 230 46 "Solomon
639 2106 184 53 overlaid
863 2105 69 54 the
968 2101 132 58 house
1137 2094 150 65 within

237 2180 103 42 with
363 2185 105 46 pure
489 2174 126 57 gold;
638 2171 86 60 and
746 2170 53 61 he
819 2167 125 64 made
965 2178 27 53 a
1010 2159 204 72 partition
1237 2157 53 74 by
