1500 2500
244 272 102 30 LIFE
377 271 96 31 AND
507 267 277 35 PROPHECIES
816 268 55 34 OF
904 266 283 36 ZECHARIAH.
1221 266 47 36 19

689 381 52 40 In
773 380 73 41 the
874 377 117 44 third
1021 377 176 52 chapter
1226 376 49 53 of

218 448 99 43 The
352 445 164 46 Vision
550 444 48 47 of
685 444 86 47 this
793 441 264 50 remarkable
1076 441 128 50 series
1222 439 49 52 of

215 512 172 52 Joshua
402 511 47 53 in
467 509 154 55 Filthy
688 504 174 60 visions,
884 503 73 61 the
979 504 131 60 hopes
1134 501 46 63 of
1204 499 70 65 the

217 575 255 41 Garments.
688 567 151 54 people
865 580 72 41 are
965 564 139 57 raised
1131 570 46 51 to
1203 562 72 59 the

687 630 170 54 highest
907 628 119 56 point
1075 625 194 59 possible.

220 696 155 49 Christ,
400 698 71 47 the
495 694 204 51 Messiah,
724 694 34 51 is
783 691 227 54 promised.

273 792 94 40 The
389 790 206 42 attention
619 789 47 43 of
690 788 69 44 the
783 787 147 52 people
956 786 46 53 is,
1029 785 71 54 for
1121 798 27 41 a
1169 783 101 56 time

216 854 127 41 takern
357 853 112 42 from
485 851 74 44 the
572 851 146 51 things
736 849 138 53 which
888 860 182 42 concern
1086 845 75 57 the
1174 856 100 46 peo¬

220 917 66 51 ple
330 913 297 55 immediately,
672 911 85 57 and
799 911 34 57 is
876 908 164 60 carried
1084 906 189 62 forward

222 980 90 40 into
361 978 71 42 the
483 982 121 47 great
657 975 156 54 future.
916 973 50 56 In
1017 970 71 59 the
1136 968 136 61 vision

220 1042 54 41 he
289 1054 90 31 sees
397 1039 177 53 Joshua,
593 1038 72 54 the
681 1042 121 50 great
820 1035 123 57 High
961 1034 150 58 Priest,
1130 1031 145 61 stand¬

223 1106 76 52 ing
319 1103 147 55 before
487 1102 72 56 the
581 1101 124 57 angel
729 1099 46 59 of
796 1100 73 58 the
890 1097 128 61 Lord,
1041 1094 169 64 clothed
1233 1094 42 64 in

223 1168 120 51 filthy
370 1170 300 49 garments—a
700 1163 96 56 sign
825 1161 47 58 of
899 1160 72 59 the
998 1158 180 61 nation's
1208 1157 69 62 de¬

224 1229 238 55 gradation.
519 1227 163 57 Joshua
708 1227 35 57 is
772 1225 129 59 about
928 1230 46 54 to
998 1221 124 63 make
1149 1221 129 63 inter¬

224 1293 164 42 cession
417 1292 69 43 for
511 1290 71 45 the
609 1288 160 55 people,
797 1287 83 56 and
908 1286 144 57 Satan,
1079 1284 72 59 the
1176 1282 100 61 arch

226 1369 160 39 enemy,
411 1355 34 53 is
470 1353 129 55 ready
621 1359 46 49 to
689 1351 123 57 resist
834 1349 100 59 him.

283 1457 398 52 Notwithstanding
771 1453 166 56 Satan's
1026 1449 253 60 opposition,

226 1521 197 53 Joshua's
442 1519 120 55 filthy
584 1522 216 52 garments
822 1529 71 45 are
911 1515 127 59 taken
1057 1513 115 61 from
1190 1511 90 63 him

229 1584 82 42 and
343 1585 53 41 he
427 1582 181 44 receives
642 1580 84 46 this
760 1579 264 51 comforting
1054 1588 227 42 assurance

227 1649 83 41 and
333 1646 204 54 promise:
589 1644 49 56 "I
661 1644 107 56 have
791 1642 152 58 caused
967 1641 113 59 thine
1102 1639 179 61 iniquity

228 1718 42 33 to
286 1717 101 46 pass
402 1709 115 54 from
537 1708 107 55 thee,
663 1706 86 57 and
764 1707 26 56 I
806 1704 89 59 will
910 1703 137 60 clothe
1066 1702 93 61 thee
1177 1701 104 62 with

229 1788 26 26 a
276 1773 161 52 change
465 1771 47 54 of
535 1766 397 59 raimentThus
960 1766 34 59 is
1020 1766 149 59 shown
1192 1762 92 63 that

231 1835 70 41 the
325 1847 174 40 prayers
522 1832 48 55 of
593 1831 74 56 the
692 1830 179 57 afflicted
895 1828 148 59 people
1066 1826 87 61 had
1177 1825 105 62 been

231 1899 132 41 heard
387 1896 84 44 and
494 1909 142 42 mercy
661 1892 208 59 extended
890 1891 166 60 toward
1077 1889 130 62 them.

286 1992 172 43 Certain
479 1990 110 45 rules
608 1989 49 46 of
674 1988 182 47 conduct
874 2000 71 35 are
963 1985 86 50 laid
1069 1986 127 49 down
1216 1981 70 54 for

233 2054 71 43 the
334 2054 210 54 guidance
577 2053 48 55 of
658 2051 70 57 the
760 2050 161 58 people,
954 2048 83 60 and
1067 2047 103 61 then
1202 2044 84 64 this

230 2118 273 53 magnificent
522 2115 186 56 promise
727 2114 35 57 is
781 2112 145 59 made:
948 2111 149 60 "Hear
1113 2122 112 49 now,
1249 2107 40 64 O,

230 2182 165 44 Joshua
414 2180 69 46 the
503 2178 106 54 high
626 2176 144 58 priest,
792 2177 114 57 thou,
928 2176 84 58 and
1031 2174 74 60 thy
1123 2171 167 63 fellows
