2404 3666
282 70 92 46 534

860 78 255 54 Southern
1148 88 281 52 Workman

275 214 196 43 teachers
493 232 71 28 are
585 225 94 39 well
696 229 225 54 equipped,
948 247 174 36 courses
1145 243 44 40 of
1212 244 259 46 instruction
1493 265 72 27 are
1600 255 198 43 identical
1821 260 40 39 in
1888 260 103 42 kind

270 280 83 40 and
377 289 148 36 extent
548 289 102 40 with
674 293 123 42 those
815 297 205 45 intended
1044 305 64 41 for
1134 307 237 46 Caucasian
1394 317 205 53 children,
1620 323 82 47 and
1723 324 75 46 the
1821 334 169 47 system

270 345 33 39 is
325 346 135 58 justly
482 352 225 52 far-famed
745 361 65 43 for
832 364 53 40 its
909 368 321 55 thoroughness
1271 379 82 44 and
1377 385 258 42 excellence.
1697 389 104 42 And
1830 400 73 46 yet
1930 394 57 52 its

268 413 260 45 wholesome
551 421 212 45 influence
800 443 113 39 upon
938 434 72 48 the
1046 438 111 44 class
1193 443 101 39 with
1328 446 138 42 which
1490 451 85 40 this
1612 455 149 41 article
1799 458 118 41 deals
1953 461 33 39 is

267 482 190 55 scarcely
479 491 42 46 at
544 487 53 50 all
619 489 268 48 discernible.
951 500 286 48 Educational
1259 511 122 51 plans
1421 515 84 47 and
1541 520 204 42 methods
1785 532 117 33 must
1933 527 52 39 be

458 553 200 42 devised,modified
682 559 81 40 and
787 561 184 55 adapted
996 581 45 35 so
1063 582 46 34 as
1129 578 42 38 to
1195 576 126 40 reach
1346 578 72 41 the
1434 581 220 45 humblest
1686 588 45 39 of
1760 590 124 40 these
1898 593 84 40 and

262 612 65 39 lift
366 615 116 41 them
518 625 44 33 to
595 621 152 53 higher
776 630 228 44 standards
1040 638 82 38 and
1146 641 149 40 nobler
1322 646 148 41 modes
1493 649 44 39 of
1559 651 86 40 life.
1721 655 106 41 This
1851 658 33 39 is
1908 660 74 40 the

259 686 123 44 great
399 682 270 48 educational
692 693 109 39 need
825 695 44 40 of
891 697 73 41 the
988 701 86 55 city
1098 704 161 53 Negro.

373 748 47 39 In
443 750 52 39 all
518 751 262 47 discussions
795 761 44 39 of
854 762 85 41 this
955 768 206 52 problem,
1187 785 62 35 we
1272 788 70 32 are
1362 779 191 42 referred
1578 790 43 34 to
1642 785 226 56 Hampton
1891 792 84 49 and

257 810 241 56 Tuskegee,
524 831 45 35 as
593 820 29 46 if
645 822 102 56 they
770 839 110 39 were
903 831 212 54 adequate
1139 843 42 42 to
1215 852 127 33 cover
1374 845 73 40 the
1483 850 139 39 entire
1646 851 112 43 field.
1830 856 145 43 These

253 878 278 55 institutions,
557 888 126 45 noble
705 902 44 31 as
774 893 102 55 they
898 909 71 39 are
991 901 149 47 within
1157 905 111 43 their
1290 909 125 41 circle
1434 914 82 39 and
1542 928 142 41 scope,
1709 919 54 50 do
1786 929 75 40 not
1883 925 84 44 and

252 956 78 28 can
353 954 75 33 not
452 951 130 40 touch
606 954 83 40 this
711 966 148 44 aspect
882 963 43 47 of
962 965 72 45 the
1075 969 207 51 problem.
1365 975 117 45 Such
1524 994 272 33 movements
1819 1002 45 26 as
1896 991 74 40 the

253 1009 111 42 Hart
400 1014 126 41 Farm
553 1017 156 43 School
732 1025 81 39 will
836 1026 54 41 do
913 1028 66 41 for
1001 1032 72 40 the
1092 1035 136 41 urban
1264 1039 146 54 Negro
1432 1046 113 47 what
1570 1049 124 44 these
1727 1059 83 34 two
1843 1065 124 42 great

246 1076 269 45 institutions
538 1097 73 28 are
635 1088 237 44 calculated
897 1101 43 33 to
963 1096 54 41 do
1039 1099 66 40 for
1128 1103 63 39 his
1214 1107 113 38 rural
1347 1107 189 45 brother.

355 1144 253 59 According
630 1158 43 45 to
697 1155 72 48 the
793 1170 155 33 census
971 1164 44 39 of
1050 1177 112 40 1900,
1189 1171 122 46 there
1333 1187 111 30 were
1468 1187 286 49 seventy-two
1777 1187 122 49 cities
1923 1191 40 45 in

242 1209 74 39 the
335 1210 163 43 United
525 1215 147 43 States
705 1223 100 39 with
829 1237 23 27 a
876 1225 147 55 Negro
1040 1235 251 50 population
1321 1240 45 45 of
1389 1241 81 44 five
1505 1246 216 43 thousand
1764 1253 83 39 and
1889 1268 74 39 up¬

240 1277 127 49 ward,
392 1282 232 53 averaging
666 1296 233 39 seventeen
923 1293 214 45 thousand
1162 1303 116 49 each,
1303 1312 290 52 aggregating
1615 1315 120 52 eight
1759 1318 198 49 hundred

239 1341 215 43 thousand
478 1347 42 39 in
538 1349 66 40 all.
668 1352 118 42 Here
809 1358 81 39 will
932 1360 52 40 be
1019 1363 133 42 found
1190 1374 96 35 tens
1311 1372 43 39 of
1377 1376 240 43 thousands
1639 1381 46 40 of
1705 1382 250 54 dependent

236 1408 84 38 and
343 1412 226 49 neglected
594 1416 190 45 children
804 1425 93 38 who
921 1426 72 40 fall
1016 1432 169 40 outside
1219 1436 44 39 of
1285 1438 74 39 the
1382 1442 94 50 pale
1499 1443 44 49 of
1584 1448 266 44 established
1886 1454 70 39 ed¬

235 1475 215 41 ucational
468 1479 82 40 and
574 1485 130 39 moral
725 1486 250 46 influences.
1037 1495 94 42 The
1154 1512 167 45 agency
1352 1507 141 50 which
1517 1513 178 44 reaches
1717 1516 85 41 and
1826 1531 123 30 saves

236 1539 85 39 this
344 1542 109 40 class
475 1546 81 39 will
579 1549 156 41 relieve
768 1554 91 41 that
878 1557 133 51 phase
1029 1562 44 46 of
1096 1564 74 44 the
1194 1567 203 44 situation
1416 1574 139 41 which
1580 1578 33 39 is
1636 1591 45 28 as
1704 1591 128 32 acute
1864 1587 83 39 and

234 1604 251 52 imperative
506 1624 46 32 as
574 1626 82 42 any
678 1618 135 50 other.

343 1672 93 42 The
457 1679 198 48 question
676 1686 211 55 naturally
903 1691 131 50 arises
1056 1707 45 34 as
1117 1703 44 38 to
1178 1699 72 42 the
1273 1700 114 42 basis
1403 1706 43 38 of
1469 1718 179 44 support
1672 1713 45 49 of
1734 1715 73 47 the
1833 1717 113 45 Hart

230 1735 129 43 Farm
385 1738 168 45 School.
614 1745 93 41 The
732 1749 137 42 Board
891 1755 45 38 of
961 1756 241 47 Children's
1228 1765 244 47 Guardians
1494 1786 107 43 pays
1624 1777 67 52 for
1714 1781 74 48 the
1811 1786 130 43 main¬

229 1807 182 37 tenance
444 1808 81 38 and
559 1811 269 45 subsistence
849 1819 45 39 of
914 1833 24 26 a
960 1824 233 52 stipulated
1227 1834 183 42 number
1431 1839 44 38 of
1497 1840 118 55 boys,
1638 1844 77 51 but
1738 1847 104 48 does
1866 1860 74 35 not

228 1870 246 40 contribute
490 1876 185 41 towards
707 1880 74 40 the
802 1882 304 57 development
1128 1895 45 44 of
1211 1897 72 42 the
1312 1900 261 47 institution.
1656 1910 284 56 Comparison

224 1932 140 41 shows
387 1936 93 40 that
504 1941 73 39 the
600 1955 75 38 per
698 1948 138 51 capita
857 1951 230 48 allowance
1110 1958 65 41 for
1213 1963 84 40 this
1320 1969 117 39 work
1471 1971 96 41 falls
1605 1975 119 42 short
1762 1980 44 40 of
1842 1983 95 40 that

221 1998 176 42 allotted
435 2008 43 33 to
514 2008 191 48 punitive
740 2013 82 43 and
860 2022 235 40 corrective
1117 2025 281 48 institutions.
1462 2036 41 40 A
1526 2037 83 41 few
1630 2041 197 45 hundred
1852 2048 85 41 dol¬

219 2063 94 49 lars,
338 2065 186 47 donated
547 2071 56 55 by
624 2075 162 51 private
809 2081 317 62 philanthropy,
1151 2092 106 51 have
1280 2095 109 48 been
1412 2103 105 40 used
1541 2105 67 40 for
1630 2108 73 41 the
1726 2113 210 43 mainten¬

218 2141 105 28 ance
345 2131 44 39 of
411 2132 104 56 boys
539 2137 123 51 other
684 2142 103 46 than
811 2147 136 41 wards
971 2151 43 39 of
1036 2155 73 38 the
1133 2156 138 43 Board
1309 2164 44 39 of
1388 2166 244 46 Children's
1671 2174 257 49 Guardians.

218 2194 93 39 The
333 2196 176 43 balance
531 2203 75 39 has
625 2204 107 42 been
755 2213 273 43 contributed
1052 2219 55 55 by
1132 2222 82 52 Mr.
1241 2226 112 48 Hart
1389 2232 184 54 himself,
1598 2239 234 58 absorbing
1855 2249 74 48 the

214 2261 138 40 entire
365 2268 314 42 accumulation
696 2273 44 39 of
762 2275 63 39 his
844 2277 108 42 life's
968 2285 129 40 work.

326 2327 50 39 In
399 2329 72 40 the
511 2338 251 49 conception
800 2343 83 44 and
906 2351 224 40 execution
1154 2355 44 39 of
1239 2358 84 41 this
1360 2364 116 39 work
1501 2366 81 41 Mr.
1606 2370 113 42 Hart
1742 2375 77 41 has
1848 2388 75 31 not

211 2391 99 55 only
334 2396 158 50 proved
516 2397 172 49 himself
706 2409 43 37 to
780 2405 52 41 be
854 2421 52 27 an
930 2412 205 45 educator
1157 2421 43 38 of
1234 2436 93 28 rare
1351 2431 203 56 sagacity,
1582 2435 76 52 but
1699 2452 24 35 a
1757 2442 163 51 philan¬

212 2456 182 53 thropist
418 2473 44 36 as
484 2464 106 45 well.
653 2467 83 42 For
754 2470 29 39 it
807 2473 33 39 is
863 2474 72 41 the
951 2480 119 50 spirit
1093 2484 45 46 of
1160 2492 94 38 true
1277 2491 306 63 philanthropy
1606 2503 139 51 which
1763 2509 153 45 strives

210 2528 43 33 to
280 2524 122 39 reach
426 2528 81 38 and
527 2534 42 34 to
594 2543 97 30 save
714 2546 105 30 even
843 2547 103 34 unto
984 2545 73 39 the
1087 2555 247 41 uttermost.
