2299 3598
733 249 113 45 The
880 247 130 47 Hart
1041 245 148 49 Farm
1218 239 186 55 School

1838 248 93 45 529

213 377 200 54 pursuits
433 377 47 54 of
500 375 87 56 city
606 374 84 57 life,
713 372 84 59 and
821 368 138 63 would
981 378 181 53 prepare
1183 365 120 66 them
1325 370 45 61 to
1392 363 58 68 fill
1478 375 25 56 a
1523 362 120 69 place
1668 357 138 74 which
1826 356 105 75 does

220 452 77 32 not
490 441 68 43 exist—for
580 441 133 43 them.
774 438 65 46 To
861 436 129 52 equip
1011 447 24 41 a
1055 433 85 55 boy
1161 432 103 56 with
1286 445 23 43 a
1342 428 262 60 mechanical
1642 425 121 63 trade
1786 422 99 66 with
1907 434 24 54 a

223 511 136 39 moral
380 508 216 52 certainty
618 506 94 54 that
733 505 56 55 he
809 502 84 58 will
925 502 109 58 have
1073 512 57 48 no
1161 498 280 62 opportunity
1473 495 45 65 of
1551 493 148 67 plying
1719 492 44 68 it,
1796 490 35 70 is
1852 489 83 71 like

224 577 151 52 giving
394 575 88 54 him
505 587 24 42 a
544 572 121 57 knife
694 570 101 59 with
816 570 112 59 keen
950 567 83 62 and
1056 565 175 64 pointed
1249 564 124 65 blade
1406 562 123 67 when
1551 562 53 67 he
1637 560 76 69 has
1754 556 183 73 nothing

231 651 46 32 to
299 649 88 34 cut.

351 708 86 39 The
458 703 297 44 fundamental
794 703 95 44 idea
909 702 45 45 of
985 701 73 46 the
1090 699 145 48 school
1256 698 34 49 is
1313 703 44 44 to
1378 696 142 51 imbue
1556 694 73 53 the
1659 692 84 55 boy
1777 688 101 59 with
1914 700 23 47 a

231 777 96 38 love
345 776 67 39 for
426 771 279 53 agricultural
719 769 193 55 pursuits
924 768 83 56 and
1022 766 102 58 with
1138 763 202 61 practical
1353 761 250 63 knowledge
1619 758 45 66 of
1678 758 73 66 the
1764 754 175 70 method

228 843 89 39 and
341 841 129 52 profit
493 840 44 53 of
559 838 244 55 intelligent
824 835 200 58 farming,
1048 846 46 47 so
1116 833 93 60 that
1232 831 53 62 he
1307 829 80 64 will
1410 828 106 65 have
1544 839 54 54 no
1636 823 139 70 desire
1816 828 44 65 to
1882 832 59 61 re¬

238 917 101 32 turn
363 915 44 34 to
430 907 75 42 the
525 905 84 44 vile
639 904 85 45 and
747 902 124 53 filthy
888 900 218 55 condition
1127 898 46 57 of
1194 898 73 57 the
1288 897 87 58 city
1395 894 110 61 alley
1543 892 110 63 from
1692 890 175 65 whence
1887 885 55 70 he

233 987 142 28 •came.
454 973 42 42 A
519 972 98 43 visit
641 978 43 37 to
707 970 74 45 the
803 967 146 48 school
971 965 137 50 would
1131 963 205 52 convince
1357 972 80 43 one
1473 958 92 57 that
1601 967 171 48 success
1792 954 77 61 has
1890 951 55 64 al¬

240 1041 135 52 ready
406 1039 111 54 been
549 1036 221 57 achieved.
843 1034 66 59 To
942 1044 72 49 see
1036 1031 75 62 the
1150 1029 107 64 boys
1278 1027 196 66 running,
1508 1022 207 71 frolicing,
1756 1018 186 75 playing,

239 1107 188 50 sniffing
441 1106 100 51 with
560 1110 90 47 zest
667 1103 74 54 the
758 1101 179 56 bracing
949 1099 73 58 air,
1040 1096 175 61 moving
1228 1091 237 66 cheerfully
1479 1090 82 67 and
1580 1083 366 74 enthusiastically

898 2486 144 32 Clearing
1056 2485 74 33 New
1143 2479 124 39 Ground

280 2595 139 39 about
443 2588 114 46 their
579 2583 133 51 tasks,
735 2592 82 42 one
839 2574 140 60 would
1002 2570 124 64 think
1148 2568 92 66 that
1275 2564 102 70 they
1398 2571 111 63 were
1538 2570 55 64 on
1613 2568 25 66 a
1667 2553 136 81 picnic
1824 2563 47 71 or
1891 2549 98 85 holi¬

280 2662 90 50 day
393 2653 241 59 excursion.

401 2723 96 38 The
517 2715 224 52 discipline
754 2711 46 56 of
817 2709 74 58 the
912 2702 148 65 school
1074 2701 34 66 is
1122 2697 149 70 kindly
1284 2693 84 74 and
1382 2687 203 80 paternal.
1620 2685 81 82 Mr.
1722 2684 110 83 Hart
1846 2679 144 88 walks,

290 2790 157 48 works,
471 2786 126 52 talks,
620 2781 134 57 plays,
774 2781 92 57 eats
888 2770 100 68 with
1012 2768 74 70 the
1106 2765 119 73 boys,
1250 2760 81 78 and
1350 2758 102 80 they
1473 2753 151 85 render
1643 2750 85 88 him
1760 2747 73 91 the
1853 2745 143 93 loving

291 2857 239 41 obedience
550 2850 85 48 due
667 2860 25 38 a
704 2842 103 56 kind
829 2842 152 56 parent
1004 2833 144 65 rather
1170 2829 103 69 than
1312 2819 201 79 enforced
1533 2815 218 83 yieldance
1772 2819 44 79 to
1836 2824 24 74 a
1890 2809 106 89 rigid

292 2918 338 55 disciplinarian.
689 2905 231 68 Although
944 2902 122 71 these
1088 2897 107 76 boys
1216 2904 71 69 are
1328 2883 255 90 technically
1623 2880 133 93 under
1794 2882 204 91 sentence

287 2992 53 39 •of
361 2992 92 44 law,
478 2986 124 50 there
623 2992 72 44 are
709 2989 56 47 no
786 2971 139 65 bonds
946 2981 48 55 or
1014 2963 103 73 cells
1149 2974 48 62 or
1209 2957 239 79 bludgeons
1461 2963 48 73 or
1525 2948 154 88 stripes
1699 2957 47 79 or
1767 2943 72 93 the
1856 2940 145 96 slight¬

295 3064 68 33 est
405 3049 258 56 suggestion
684 3044 46 61 of
951 3031 184 74 these—nothing
1153 3027 77 78 but
1271 3023 73 82 the
1365 3020 78 85 law
1464 3015 44 90 of
1538 3009 227 96 reciprocal
1796 3007 205 98 kindness

290 3124 90 40 and
405 3117 267 47 confidence.
731 3108 67 56 As
819 3119 54 45 an
895 3100 204 64 evidence
1119 3093 46 71 of
1185 3091 74 73 the
1280 3095 172 69 success
1472 3081 45 83 of
1552 3078 84 86 this
1657 3074 146 90 kindly
1823 3072 81 92 and
1935 3083 68 81 pa¬

299 3188 140 42 ternal
460 3181 240 53 discipline,
739 3175 83 59 Mr.
849 3171 126 63 Hart,
998 3171 42 63 at
1072 3161 199 73 frequent
1293 3148 214 86 intervals,
1530 3142 176 92 permits
1726 3139 74 95 the
1820 3138 119 96 boys,
1962 3137 42 97 in

300 3254 162 55 squads
484 3250 46 59 of
550 3250 112 59 from
686 3250 74 59 ten
783 3246 44 63 to
849 3238 176 71 twenty,
1050 3235 44 74 to
1114 3237 56 72 go
1191 3229 44 80 to
1256 3220 74 89 the
1350 3216 87 93 city
1457 3212 83 97 and
1575 3208 97 101 visit
1694 3205 108 104 their
1832 3208 173 101 parents

293 3323 92 39 and
593 3312 102 50 friends,with
720 3308 74 54 the
811 3301 152 61 simple
984 3290 262 72 admonition
1261 3285 92 77 that
1375 3281 103 81 they
1498 3288 71 74 are
1595 3271 147 91 placed
1764 3282 113 80 upon
1898 3267 111 95 their

304 3391 149 44 honor,
478 3383 83 52 and
584 3392 72 43 are
678 3370 210 65 expected
910 3374 45 61 to
972 3369 147 66 return
1136 3363 43 72 at
1192 3368 25 67 a
1230 3345 229 90 stipulated
1479 3343 113 92 time.
1625 3335 223 100 Although
1864 3335 52 100 he
1933 3334 76 101 has

306 3449 235 60 permitted
565 3447 87 62 this
673 3439 190 70 practice
876 3435 40 74 in
931 3433 158 76 dozens
1110 3423 44 86 of
1167 3423 226 86 instances,
1410 3412 120 97 there
1544 3407 76 102 has
1634 3410 73 99 not
1719 3401 109 108 been
1841 3412 24 97 a
1878 3399 135 110 single
