2299 3599
116 20 4 2 "
153 32 5 4 ■
180 16 20 20 11,1
1080 1 167 35 .■~m~r.-~r.-T
1300 3 3 33 ....

52 85 27 13 m
98 83 11 15 ■•
131 75 42 23 ^
352 74 49 24 ,.'—paa||yj-■.■-.■■
413 87 8 11 ..
479 72 14 26 a4

501 90 50 33 -"MBiaBrl*!:.■•.■*:■

837 199 113 46 The
982 198 132 47 Hart
1144 196 147 49 Farm
1321 188 187 57 School
1953 190 94 55 533

335 343 116 39 rious
473 344 232 42 existence.
765 346 72 40 All
859 343 230 53 municipal
1110 344 269 52 movements
1401 337 40 59 in
1465 335 72 61 the
1552 334 144 62 future
1718 328 175 68 looking
1913 332 44 64 to
1973 322 74 74 the

337 410 130 39 social
489 409 267 42 betterment
777 412 45 39 of
843 412 74 39 the
936 411 149 50 Negro
1105 415 115 46 must
1243 405 158 56 reckon
1422 402 104 59 with
1547 400 123 61 these
1705 396 172 65 factors.

451 476 96 39 The
570 477 114 40 Hart
708 479 128 38 Farm
860 476 157 41 School
1032 475 265 51 experiment
1319 468 274 58 incidentally
1607 465 160 61 throws
1787 459 129 67 much
1937 456 109 70 light

339 555 117 39 upon
478 542 75 52 the
573 544 168 53 vitality
755 544 44 53 of
820 544 75 53 the
918 543 147 54 Negro
1083 553 107 44 race.
1252 539 80 58 We
1352 537 103 60 hear
1489 533 127 64 much
1638 532 41 65 in
1720 529 123 68 these
1881 526 106 71 days
2008 535 43 62 a-

340 609 109 40 bout
471 609 74 40 the
565 610 270 39 destruction
853 610 44 39 of
919 610 73 39 the
1019 608 145 49 Negro
1186 604 187 53 through
1391 602 73 55 the
1486 599 221 58 operation
1728 595 44 62 of
1792 593 100 64 vital
1929 591 121 66 laws..

348 676 172 51 During
537 676 73 51 the
627 684 97 44 past
747 676 96 52 four
863 687 137 41 years,
1026 674 73 54 the
1124 672 112 56 Hart
1261 671 126 57 Farm
1413 666 155 62 School
1590 665 75 63 has
1687 661 82 67 had
1792 673 54 55 on
1869 660 54 68 its
1946 657 105 71 rolls-

346 742 99 39 four
480 743 196 38 hundred
714 742 119 52 boys,
871 740 73 54 the
976 750 181 44 average
1189 736 258 58 attendance
1481 733 130 61 being
1636 729 129 65 about
1787 727 128 67 forty.
1975 722 79 72 Al¬

347 808 168 51 though
537 808 124 51 these
681 807 109 54 boys
811 818 120 43 came
952 805 102 56 with
1077 810 187 51 systems
1280 799 225 62 enfeebled
1527 797 57 64 by
1604 794 211 67 privation
1842 791 81 70 and
1947 800 100 61 neg¬

349 875 99 48 lect,
473 874 123 49 there
618 874 77 49 has
717 878 76 45 not
814 872 111 51 been
947 883 25 40 a
992 870 138 53 single
1146 868 130 55 death
1297 879 79 44 nor
1395 866 77 57 has
1505 864 81 59 Mr.
1613 862 111 61 Hart
1759 857 131 66 heard
1912 855 45 68 of
1973 854 78 69 the

349 940 132 40 death
517 940 46 40 of
578 953 84 39 any
682 939 85 53 boy
788 938 97 54 who
906 937 76 55 has
1003 935 110 57 been
1134 935 42 57 in
1197 932 259 60 attendance
1478 941 112 51 upon
1613 927 64 65 his
1717 924 158 68 school.
1953 920 97 72 The

352 1006 103 39 vital
474 1005 209 40 salvation
704 1004 45 41 of
771 1004 73 41 the
866 1003 86 51 city
976 1002 147 52 Negro
1138 998 194 56 depends
1354 1008 114 46 upon
1481 994 66 60 his
1586 992 129 62 being
1749 989 129 65 taken
1909 992 73 62 out
2004 984 47 70 of

355 1073 75 38 the
453 1072 134 39 slums
605 1070 82 41 and
710 1070 133 52 alleys
876 1068 84 54 and
997 1065 148 57 placed
1168 1063 154 59 amidst
1346 1073 116 49 more
1483 1058 256 64 wholesome
1779 1054 186 68 sanitary
1982 1063 68 59 en¬

355 1138 289 38 vironments.

1046 2535 67 27 The
1127 2530 230 34 Dining-Room

498 2631 71 39 On
587 2627 74 43 the
682 2626 175 50 present
879 2615 114 61 basis
1014 2613 45 63 of
1078 2609 244 67 admission,
1345 2619 24 57 a
1389 2605 84 71 boy
1493 2607 114 69 must
1629 2600 52 76 be
1698 2597 134 79 under
1866 2594 209 82 technical

386 2705 206 34 sentence
613 2691 45 48 of
675 2690 72 49 the
768 2690 145 49 courts
932 2679 149 60 before
1101 2677 54 62 he
1176 2675 35 64 is
1231 2671 168 68 eligible
1419 2675 43 64 at
1483 2665 141 74 public
1663 2664 165 75 charge,
1869 2657 207 82 although

383 2767 54 39 all
459 2764 108 51 boys
589 2769 100 46 over
709 2753 119 62 eight
857 2758 124 57 years
1002 2743 45 72 of
1066 2754 80 61 age
1166 2751 71 64 are
1257 2735 143 80 gladly
1421 2731 206 84 received.
1704 2726 172 89 Indeed,
1900 2725 121 90 there
2043 2724 36 91 is

387 2845 55 27 no
483 2838 152 34 reason
669 2821 94 51 why
800 2817 73 55 the
894 2810 187 62 training
1111 2805 82 67 and
1225 2806 231 66 treatment
1487 2795 149 77 should
1658 2800 74 72 not
1765 2792 52 80 be
1846 2789 166 83 applied
2035 2796 45 76 to

391 2892 221 46 hundreds
634 2888 44 50 of
693 2886 105 52 boys
820 2880 94 58 who
944 2888 70 50 are
1046 2871 192 67 roaming
1262 2868 41 70 in
1320 2879 24 59 a
1375 2859 314 79 semi-nomadic
1720 2864 111 74 state
1845 2855 129 83 about
2004 2855 76 83 the

390 2966 160 38 streets
570 2954 83 50 and
694 2950 146 54 alleys.
900 2944 142 60 There
1081 2949 70 55 are
1193 2944 128 60 seven
1353 2926 210 78 thousand
1596 2925 145 79 Negro
1779 2922 107 82 boys
1924 2920 42 84 in
2007 2920 74 84 the

393 3026 184 44 District
599 3020 45 50 of
667 3011 223 59 Columbia
911 3008 194 62 between
1142 3001 72 69 the
1235 3009 101 61 ages
1358 2995 44 75 of
1424 3001 71 69 ten
1517 2991 82 79 and
1621 2989 200 81 nineteen
1843 2997 136 73 years.
2042 2984 40 86 It

389 3099 36 37 is
446 3108 25 28 a
491 3083 251 53 reasonable
776 3077 200 59 estimate
1007 3077 44 59 to
1076 3080 74 56 say
1173 3064 91 72 that
1305 3060 107 76 fully
1444 3055 212 81 one-third
1692 3053 43 83 of
1756 3052 116 84 them
1913 3062 70 74 are
2006 3055 76 81 not

392 3156 183 47 reached
598 3150 82 53 and
702 3138 242 65 influenced
966 3136 67 67 for
1052 3131 111 72 good
1199 3129 56 74 by
1294 3125 185 78 existing
1517 3117 266 86 educational
1827 3116 82 87 and
1949 3115 134 88 moral

392 3223 216 57 agencies.
671 3215 118 65 Here
810 3206 124 74 again
963 3210 180 70 appears
1183 3194 74 86 the
1276 3197 121 83 great
1432 3185 266 95 educational
1737 3181 191 99 problem
1968 3181 42 99 in
2031 3181 59 99 its

395 3286 260 61 application
673 3288 43 59 to
739 3277 72 70 the
833 3272 86 75 city
943 3268 160 79 Negro.
1136 3262 94 85 The
1250 3260 283 87 government
1555 3251 146 96 makes
1722 3247 138 100 ample
1875 3246 215 101 provision

400 3362 66 39 for
483 3358 75 43 the
575 3345 227 56 education
824 3337 44 64 of
890 3336 73 65 the
980 3328 168 73 colored
1164 3328 174 73 citizens
1366 3321 44 80 of
1439 3321 74 80 the
1541 3315 200 86 National
1772 3312 166 89 capital.
1997 3311 96 90 The
