2345 3629
826 207 111 47 The
970 207 132 47 Hart
1133 209 147 47 Farm
1311 210 184 49 School

1929 238 84 46 53i

303 311 129 42 these
455 318 138 51 rights
617 321 107 48 shall
746 323 52 46 be
815 325 206 52 abridged
1044 336 153 46 except
1220 330 66 52 for
1306 333 202 49 violation
1526 337 43 45 of
1590 339 90 43 law.
1741 342 92 41 The
1856 345 92 40 idea
1970 349 44 38 of

299 378 78 40 the
402 381 212 53 Republic
637 387 34 47 is
694 395 44 39 to
759 391 200 50 acquaint
982 394 73 47 the
1095 395 108 55 boys
1225 396 101 54 with
1349 400 74 50 the
1462 402 242 48 beneficent
1740 410 194 42 function
1967 414 46 39 of

302 456 301 44 government,
627 452 46 48 of
694 454 74 46 the
790 456 259 51 impersonal
1071 461 223 46 character
1329 467 45 40 of
1393 468 155 52 justice
1587 475 82 45 and
1706 477 73 43 the
1813 478 196 43 adminis¬

304 512 159 40 tration
480 515 44 39 of
547 517 89 50 law,
660 520 83 47 and
768 527 43 40 to
833 523 125 44 make
982 526 118 41 them
1121 530 112 49 good
1256 532 175 47 citizens
1455 538 124 41 when
1601 540 101 55 they
1724 543 107 52 have
1867 548 141 47 reach¬

304 575 51 39 ed
379 578 75 40 the
476 580 77 40 full
573 589 167 36 stature
763 587 43 38 of
830 590 229 42 manhood.

413 644 67 41 As
511 659 53 28 an
602 650 259 43 illustration
884 655 44 40 of
951 657 72 40 the
1048 661 197 55 working
1267 665 43 51 of
1332 667 83 49 this
1441 668 221 55 Republic,
1686 687 23 36 a
1724 676 82 55 boy
1829 678 134 53 threw
1978 694 24 37 a

301 709 161 41 missile
484 714 83 38 and
590 717 150 39 struck
762 732 82 27 one
866 721 45 39 of
933 723 73 40 the
1023 725 156 42 female
1201 731 226 43 assistants
1442 735 44 39 of
1504 737 72 39 the
1592 740 156 41 school.
1783 742 80 42 Mr.
1890 745 111 41 Hart

299 777 245 41 assembled
567 781 75 39 the
657 784 147 40 school
827 788 83 39 and
932 790 177 51 pointed
1132 802 74 39 out
1238 797 42 44 in
1301 811 24 30 a
1344 803 174 47 general
1539 817 90 41 way
1652 807 73 51 the
1748 810 78 48 evil
1849 812 152 46 effects

298 854 116 38 upon
438 845 74 47 the
535 851 269 54 community
827 854 44 51 of
894 855 158 54 having
1068 862 290 50 wrong-doers
1371 878 55 40 go
1448 871 281 52 unpunished,
1754 875 73 48 the
1849 884 150 39 nature

297 907 45 39 of
364 921 53 27 an
439 914 175 49 assault,
638 916 83 47 and
745 921 229 55 especially
1006 925 74 51 the
1103 926 178 50 heinous
1317 932 220 44 character
1558 937 44 39 of
1622 950 52 26 an
1702 942 159 38 assault
1884 956 112 39 upon

296 986 179 40 women,
500 980 82 46 and
603 982 147 44 hinted
774 985 225 57 delicately
1022 998 42 44 at
1088 993 73 49 the
1176 993 265 49 abominable
1459 1001 79 41 evil
1559 1005 191 51 growing
1770 1015 72 41 out
1857 1009 45 47 of
1923 1010 73 46 the

295 1042 186 40 assaults
504 1046 82 38 and
617 1061 167 29 rumors
806 1051 44 40 of
871 1056 184 39 assaults
1088 1059 92 39 that
1204 1061 91 39 lead
1320 1070 43 32 to
1386 1065 103 39 such
1511 1067 243 52 deplorable
1794 1080 199 45 outrages

294 1106 43 39 in
360 1108 75 39 the
476 1109 154 53 South,
654 1115 83 47 and
770 1118 75 44 the
862 1119 107 54 duty
1000 1135 46 38 as
1068 1125 93 48 well
1178 1138 45 35 as
1255 1128 72 45 the
1350 1130 273 51 enlightened
1648 1136 272 45 self-interest
1953 1142 44 39 of

292 1174 107 38 each
433 1176 153 40 citizen
619 1187 44 31 to
695 1194 72 27 see
799 1183 93 40 that
930 1187 74 39 the
1036 1188 80 39 law
1130 1190 33 39 is
1178 1193 157 50 upheld
1366 1196 81 47 and
1480 1197 212 46 enforced.
1754 1202 120 41 With
1906 1206 85 39 this

974 2569 168 34 Gathering
1163 2570 169 33 Pumpkins

270 2671 152 39 advice
445 2671 53 39 he
530 2669 154 41 turned
708 2669 72 41 the
797 2681 97 29 case
923 2680 102 30 over
1039 2676 44 34 to
1097 2669 73 41 the
1192 2671 195 53 properly
1409 2672 261 52 constituted
1693 2683 119 41 court
1835 2678 134 46 under

275 2737 73 39 the
369 2742 286 44 government
686 2734 44 52 of
762 2735 73 51 the
869 2734 222 52 Republic.
1167 2734 92 52 The
1274 2734 193 52 offender
1497 2749 84 37 was
1603 2738 129 48 found
1754 2742 135 53 guilty
1911 2743 56 54 by

271 2816 25 27 a
328 2804 96 53 jury
465 2801 44 56 of
540 2802 64 55 his
636 2812 135 45 peers,
806 2799 81 58 and
921 2800 72 57 the
1025 2799 113 58 chief
1167 2800 153 57 justice
1362 2801 39 56 in
1435 2804 291 53 pronouncing
1765 2813 201 44 sentence

270 2869 102 45 said,
429 2872 22 42 "
475 2867 99 47 You
609 2878 72 36 are
713 2878 24 36 a
769 2864 144 50 rascal,
940 2864 69 50 sir;
1037 2877 83 40 you
1142 2876 106 41 gave
1269 2877 24 40 a
1322 2865 80 52 bad
1435 2868 239 50 reputation
1697 2876 43 42 to
1763 2871 72 47 the
1856 2884 110 34 com¬

268 2935 168 54 munity
460 2933 83 56 and
569 2932 16 57 I
610 2943 182 46 propose
814 2936 44 53 to
872 2929 124 60 make
1017 2942 52 47 an
1092 2930 192 59 example
1305 2930 44 59 of
1368 2943 94 46 you,
1488 2932 68 57 sir.
1619 2933 95 56 You
1736 2948 70 41 are
1829 2937 136 52 there¬

263 3001 95 40 fore
381 2998 235 43 sentenced
658 3003 43 38 to
742 2996 163 45 receive
942 3006 84 35 one
1046 2993 193 48 hundred
1262 2995 138 46 lashes
1435 3003 42 38 at
1511 2997 72 44 the
1623 2999 133 42 hands
1795 3001 45 40 of
1880 3004 82 40 Mr.

266 3067 187 40 Battle."
517 3064 119 48 Now,
673 3062 79 50 Mr.
780 3061 139 51 Battle
955 3060 33 52 is
1012 3059 71 53 the
1123 3072 202 40 manager
1359 3061 44 51 of
1439 3061 71 51 the
1544 3063 118 49 farm,
1694 3066 81 46 and
1816 3081 147 39 appro¬

262 3133 183 54 priately
488 3131 183 56 enough,
697 3126 156 61 inflicts
885 3126 190 61 corporal
1116 3125 274 62 punishment
1432 3127 120 60 when
1593 3129 29 58 it
1646 3129 73 58 has
1755 3131 106 56 been
1894 3135 68 52 de¬

262 3199 141 41 creed.
467 3197 81 43 Mr.
577 3194 109 46 Hart
710 3194 75 46 has
808 3191 243 52 frequently
1075 3197 42 46 to
1158 3190 190 53 mitigate
1371 3192 72 51 the
1480 3200 201 43 sentence
1703 3196 42 47 of
1778 3202 72 41 the
1872 3212 91 31 aus¬

262 3274 90 32 tere
376 3264 83 42 and
492 3262 221 49 righteous
734 3258 143 53 judge.
937 3255 93 56 The
1052 3255 121 56 value
1195 3256 44 55 of
1260 3256 84 55 this
1366 3257 124 54 mode
1520 3258 45 53 of
1585 3262 233 49 procedure
1839 3276 46 35 as
1905 3278 54 33 an

259 3333 149 52 object
450 3331 142 54 lesson
617 3333 44 52 to
702 3325 123 60 these
847 3323 106 62 boys
975 3327 155 58 cannot
1154 3320 52 65 be
1236 3332 102 53 over
1356 3323 239 62 estimated.
1655 3325 122 60 They
1797 3337 74 48 get
1906 3344 52 41 an

258 3399 97 40 idea
377 3397 45 42 of
443 3396 74 43 the
534 3390 257 56 impersonal
814 3389 219 57 character
1049 3385 82 61 and
1155 3386 239 60 beneficent
1411 3387 191 59 function
1621 3391 44 55 of
1678 3391 88 55 law,
1790 3407 24 39 a
1835 3397 126 49 train-
