2320 3613
608 1260 166 37 Preparing
787 1264 47 33 for
847 1266 49 31 the
912 1267 95 34 Day's
1023 1269 94 32 Work
1129 1275 32 26 at
1174 1271 51 30 the
1241 1272 77 29 Hart
1334 1274 89 27 Farm
1437 1274 111 27 School

338 1355 95 39 The
457 1357 137 40 Board
612 1361 45 38 of
680 1361 241 43 Children's
945 1366 250 52 Guardians,
1221 1377 43 41 to
1286 1371 137 47 whom
1447 1373 34 45 is
1502 1376 224 42 entrusted
1746 1376 72 42 the
1833 1388 96 30 care

223 1419 45 40 of
291 1421 262 52 dependent,
577 1425 249 54 delinquent
862 1431 82 48 and
966 1432 212 47 defective
1201 1436 203 49 children,
1429 1438 134 47 found
1587 1440 92 45 that
1702 1441 30 44 it
1768 1441 82 44 had
1873 1455 54 30 on

221 1486 117 40 hand
361 1501 24 25 a
406 1488 117 53 large
546 1492 181 49 number
744 1494 43 47 of
809 1496 244 51 dependent
1075 1499 81 48 and
1181 1501 376 53 semi-delinquent
1580 1505 207 51 juveniles
1810 1507 117 49 with¬

220 1560 75 33 out
317 1567 84 41 any
423 1568 149 40 means
594 1558 43 50 of
653 1559 222 53 disposing
897 1562 43 50 of
962 1564 129 48 them.
1152 1566 92 46 The
1266 1566 105 46 local
1392 1568 232 44 charitable
1654 1571 82 41 and
1754 1571 172 41 denom¬

219 1619 205 40 inational
448 1622 269 41 institutions
740 1625 172 40 refused
935 1634 44 33 to
1002 1629 98 38 take
1132 1630 116 39 them
1289 1631 181 40 because
1493 1634 101 53 they
1633 1647 111 40 were
1783 1636 140 51 black;

220 1685 105 55 they
348 1688 123 52 could
494 1695 74 45 not
585 1688 52 52 be
660 1697 94 43 sent
779 1697 42 43 to
854 1692 71 48 the
952 1693 175 47 Reform
1153 1695 166 49 School,
1348 1697 181 47 because
1553 1700 109 44 their
1702 1701 222 43 character

218 1753 168 39 needed
417 1753 243 50 formation,
685 1756 81 47 and
789 1764 74 39 not
884 1758 275 45 reformation
1177 1775 7 33 ;
1215 1767 43 41 to
1275 1769 76 43 put
1375 1763 116 49 them
1514 1765 41 47 in
1575 1765 71 51 jail
1669 1771 43 45 to
1734 1766 52 50 be
1800 1767 122 49 hard¬

219 1819 111 39 ened
355 1819 89 40 into
467 1821 216 39 criminals
706 1823 136 38 would
867 1823 52 39 be
941 1836 23 26 a
978 1826 129 37 crime
1128 1827 167 50 against
1327 1835 164 42 nature.

330 1885 64 39 At
417 1886 86 39 this
520 1887 211 52 juncture,
758 1888 219 51 Professor
1011 1890 111 49 Wm.
1149 1892 57 47 H.
1225 1891 55 48 H.
1308 1892 123 49 Hart,
1455 1906 24 35 a
1498 1895 207 50 graduate
1728 1896 44 49 of
1796 1897 127 48 How¬

216 1951 76 39 ard
323 1951 266 54 University,
613 1953 83 52 and
736 1966 24 39 a
798 1954 216 51 professor
1035 1956 41 49 in
1094 1956 72 49 the
1191 1956 101 49 Law
1316 1956 152 49 School
1492 1959 44 46 of
1558 1959 63 46 his
1642 1960 109 45 alma
1772 1968 148 43 mater,

219 2030 121 27 came
362 2017 185 40 forward
569 2019 82 38 and
686 2019 162 39 offered
871 2020 65 38 his
977 2020 445 41 three-hundred-acre
1456 2023 104 39 farm
1582 2036 45 26 as
1651 2037 23 25 a
1709 2026 81 38 site
1812 2026 66 39 for
1898 2040 25 25 a

217 2084 191 51 training
429 2083 147 52 school
593 2083 66 52 for
682 2085 104 50 such
810 2085 201 50 children.
1073 2085 92 50 The
1186 2088 261 49 proposition
1480 2101 83 36 was
1599 2090 203 51 accepted
1836 2092 83 49 and

220 2150 75 40 the
321 2150 115 40 Hart
460 2150 130 40 Farm
611 2148 157 42 School
787 2149 138 52 began
949 2151 53 50 its
1019 2151 215 50 existence
1256 2152 41 49 in
1402 2161 35 40 1897.

331 2217 84 39 Mr.
452 2216 152 40 Hart's
637 2216 119 47 farm,
792 2216 134 47 which
960 2215 74 48 has
1067 2216 305 54 subsequently
1404 2217 106 53 been
1543 2218 197 52 enlarged
1777 2226 41 44 to
1843 2229 78 41 700

212 2296 135 36 acres,
382 2282 35 50 is
451 2282 187 50 situated
672 2282 40 50 in
750 2282 148 50 Prince
939 2281 204 51 George's
1183 2288 168 47 county,
1377 2282 102 53 Md.,
1502 2294 54 41 on
1578 2283 73 52 the
1685 2291 90 44 east
1806 2285 113 50 bank

213 2349 45 40 of
300 2349 74 40 the
413 2348 216 49 Potomac,
674 2347 150 50 twelve
864 2347 120 50 miles
1024 2346 125 51 south
1198 2347 45 50 of
1273 2347 296 50 Washington,
1604 2348 82 49 and
1717 2349 126 48 abuts
1882 2364 37 33 a-

210 2417 145 50 gainst
382 2415 103 52 Fort
512 2414 300 53 Washington,
836 2413 142 54 whose
999 2425 109 42 guns
1131 2418 164 49 protect
1319 2413 70 54 the
1411 2412 184 55 national
1611 2414 163 53 capital.
1825 2414 94 53 The

211 2483 113 39 farm
347 2482 34 40 is
399 2481 95 41 well
516 2479 185 53 adapted
720 2485 43 47 to
786 2479 73 53 the
881 2477 131 55 needs
1035 2477 43 55 of
1099 2478 103 54 such
1225 2490 51 42 an
1299 2477 253 55 institution.
1597 2478 39 54 It
1669 2479 183 53 consists
1874 2481 45 51 of

169 2663 3 25 1
224 2626 33 79 $
282 2687 1 18 ■
320 2689 10 16 ,
393 2695 2 10 .
512 2696 6 9 ,
736 2677 34 28 «
819 2696 2 9 .
909 2651 24 59 f
1088 2661 16 49 '*
1124 2650 18 60 *'
1177 2694 2 16 .
1209 2653 2 57 '
1242 2654 7 56 '

941 3494 185 33 Harvesting
1140 3493 110 34 Wheat
