<?xml version="1.0" encoding="utf-8"?>
<alto xmlns:xsi="http://www.w3.org/2001/XMLSchema-instance" xmlns:xlink="http://www.w3.org/1999/xlink" xmlns:xsd="http://www.w3.org/2001/XMLSchema" xmlns:schemaLocation="http://www.loc.gov/standards/alto/alto-v2.0.xsd">
  <Description>
    <MeasurementUnit>pixel</MeasurementUnit>
    <sourceImageInformation>
      <fileName>00000002.jp2</fileName>
    </sourceImageInformation>
    <OCRProcessing ID="Processing">
      <ocrProcessingStep>
        <processingStepSettings>Image Resolution:400</processingStepSettings>
        <processingSoftware>
          <softwareCreator>I2S Kirtas</softwareCreator>
          <softwareName>Limb</softwareName>
          <softwareVersion>1.0</softwareVersion>
        </processingSoftware>
      </ocrProcessingStep>
    </OCRProcessing>
  </Description>
  <Styles>
    <TextStyle ID="StyleId-0" FONTSIZE="33" FONTFAMILY="Times New Roman" />
    <TextStyle ID="StyleId-1" FONTSIZE="16" FONTFAMILY="Times New Roman" />
    <TextStyle ID="StyleId-2" FONTSIZE="6" FONTFAMILY="Times New Roman" />
    <TextStyle ID="StyleId-3" FONTSIZE="9" FONTFAMILY="Times New Roman" />
  </Styles>
  <Layout>
    <Page ID="1" PHYSICAL_IMG_NR="1" HEIGHT="3599" WIDTH="2300" ACCURACY="0.8816954" QUALITY_DETAIL="470 words, 2272 chars, 2073 with recognition greater than 50% (91.24%)">
      <TopMargin ID="P1_TM00001" HPOS="0" VPOS="0" WIDTH="2300" HEIGHT="-7" />
      <LeftMargin ID="P1_LM00001" HPOS="0" VPOS="-7" WIDTH="514" HEIGHT="3185" />
      <RightMargin ID="P1_RM00001" HPOS="2264" VPOS="-7" WIDTH="36" HEIGHT="3185" />
      <BottomMargin ID="P1_BM00001" HPOS="0" VPOS="3178" WIDTH="2300" HEIGHT="421" />
      <PrintSpace ID="P1_PS00001" HPOS="514" VPOS="-7" WIDTH="1750" HEIGHT="3185">
        <TextBlock ID="P1_TB00001" HPOS="980" VPOS="-7" WIDTH="79" HEIGHT="160">
          <TextLine ID="P1_TL00001" HPOS="988" VPOS="1" WIDTH="46" HEIGHT="131">
            <String ID="P1_S00001" HPOS="988" VPOS="1" WIDTH="46" HEIGHT="131" STYLEREFS="StyleId-0" CONTENT="/" WC="0.25" CC="7" />
          </TextLine>
        </TextBlock>
        <TextBlock ID="P1_TB00002" HPOS="902" VPOS="293" WIDTH="1321" HEIGHT="270">
          <TextLine ID="P1_TL00001" HPOS="910" VPOS="304" WIDTH="956" HEIGHT="62">
            <String ID="P1_S00002" HPOS="910" VPOS="310" WIDTH="162" HEIGHT="70" STYLEREFS="StyleId-1" CONTENT="The" WC="0.8933333" CC="020" />
            <SP ID="P1_SP00001" WIDTH="0" HPOS="0" VPOS="0" />
            <String ID="P1_S00003" HPOS="1109" VPOS="308" WIDTH="179" HEIGHT="72" STYLEREFS="StyleId-1" CONTENT="Hart" WC="0.5025" CC="0676" />
            <SP ID="P1_SP00002" WIDTH="0" HPOS="0" VPOS="0" />
            <String ID="P1_S00004" HPOS="1324" VPOS="303" WIDTH="217" HEIGHT="77" STYLEREFS="StyleId-1" CONTENT="Farm" WC="0.535" CC="3563" />
            <SP ID="P1_SP00003" WIDTH="0" HPOS="0" VPOS="0" />
            <String ID="P1_S00005" HPOS="1577" VPOS="290" WIDTH="288" HEIGHT="90" STYLEREFS="StyleId-1" CONTENT="School*" WC="0.5814286" CC="0155617" />
          </TextLine>
          <TextLine ID="P1_TL00002" HPOS="1172" VPOS="479" WIDTH="344" HEIGHT="21">
            <String ID="P1_S00006" HPOS="1172" VPOS="477" WIDTH="148" HEIGHT="28" STYLEREFS="StyleId-2" CONTENT="KELLY" WC="0.89" CC="20110" />
            <SP ID="P1_SP00004" WIDTH="0" HPOS="0" VPOS="0" />
            <String ID="P1_S00007" HPOS="1345" VPOS="474" WIDTH="171" HEIGHT="31" STYLEREFS="StyleId-2" CONTENT="MILLER" WC="1" CC="000000" />
          </TextLine>
          <TextLine ID="P1_TL00003" HPOS="526" VPOS="596" WIDTH="1683" HEIGHT="90">
            <String ID="P1_S00008" HPOS="526" VPOS="594" WIDTH="287" HEIGHT="116" STYLEREFS="StyleId-3" CONTENT="THERE" WC="0.776" CC="24050" />
            <SP ID="P1_SP00005" WIDTH="0" HPOS="0" VPOS="0" />
            <String ID="P1_S00009" HPOS="827" VPOS="594" WIDTH="122" HEIGHT="116" STYLEREFS="StyleId-3" CONTENT="there" WC="0.818" CC="07200" />
            <SP ID="P1_SP00006" WIDTH="0" HPOS="0" VPOS="0" />
            <String ID="P1_S00010" HPOS="968" VPOS="603" WIDTH="73" HEIGHT="107" STYLEREFS="StyleId-3" CONTENT="are" WC="1" CC="000" />
            <SP ID="P1_SP00007" WIDTH="0" HPOS="0" VPOS="0" />
            <String ID="P1_S00011" HPOS="1061" VPOS="597" WIDTH="85" HEIGHT="113" STYLEREFS="StyleId-3" CONTENT="two" WC="0.74333334" CC="601" />
            <SP ID="P1_SP00008" WIDTH="0" HPOS="0" VPOS="0" />
            <String ID="P1_S00012" HPOS="1166" VPOS="588" WIDTH="175" HEIGHT="122" STYLEREFS="StyleId-3" CONTENT="distinct" WC="0.84875" CC="00303005" />
            <SP ID="P1_SP00009" WIDTH="0" HPOS="0" VPOS="0" />
            <String ID="P1_S00013" HPOS="1362" VPOS="582" WIDTH="210" HEIGHT="128" STYLEREFS="StyleId-3" CONTENT="branches" WC="0.8" CC="04300403" />
            <SP ID="P1_SP00010" WIDTH="0" HPOS="0" VPOS="0" />
            <String ID="P1_S00014" HPOS="1586" VPOS="580" WIDTH="45" HEIGHT="130" STYLEREFS="StyleId-3" CONTENT="of" WC="0.93" CC="01" />
            <SP ID="P1_SP00011" WIDTH="0" HPOS="0" VPOS="0" />
            <String ID="P1_S00015" HPOS="1646" VPOS="579" WIDTH="74" HEIGHT="131" STYLEREFS="StyleId-3" CONTENT="the" WC="1" CC="000" />
            <SP ID="P1_SP00012" WIDTH="0" HPOS="0" VPOS="0" />
            <String ID="P1_S00016" HPOS="1736" VPOS="577" WIDTH="146" HEIGHT="133" STYLEREFS="StyleId-3" CONTENT="Negro" WC="0.778" CC="04600" />
            <SP ID="P1_SP00013" WIDTH="0" HPOS="0" VPOS="0" />
            <String ID="P1_S00017" HPOS="1895" VPOS="573" WIDTH="204" HEIGHT="137" STYLEREFS="StyleId-3" CONTENT="problem," WC="0.815" CC="40005040" />
            <SP ID="P1_SP00014" WIDTH="0" HPOS="0" VPOS="0" />
            <String ID="P1_S00018" HPOS="2118" VPOS="572" WIDTH="90" HEIGHT="138" STYLEREFS="StyleId-3" CONTENT="viz.," WC="0.928" CC="00003" />
          </TextLine>
          <TextLine ID="P1_TL00004" HPOS="665" VPOS="660" WIDTH="1548" HEIGHT="30">
            <String ID="P1_S00019" HPOS="665" VPOS="662" WIDTH="74" HEIGHT="39" STYLEREFS="StyleId-3" CONTENT="the" WC="0.79" CC="060" />
            <SP ID="P1_SP00015" WIDTH="0" HPOS="0" VPOS="0" />
            <String ID="P1_S00020" HPOS="754" VPOS="660" WIDTH="131" HEIGHT="41" STYLEREFS="StyleId-3" CONTENT="rustic" WC="0.9316667" CC="000400" />
            <SP ID="P1_SP00016" WIDTH="0" HPOS="0" VPOS="0" />
            <String ID="P1_S00021" HPOS="898" VPOS="658" WIDTH="82" HEIGHT="43" STYLEREFS="StyleId-3" CONTENT="and" WC="0.88" CC="030" />
            <SP ID="P1_SP00017" WIDTH="0" HPOS="0" VPOS="0" />
            <String ID="P1_S00022" HPOS="999" VPOS="657" WIDTH="73" HEIGHT="44" STYLEREFS="StyleId-3" CONTENT="the" WC="0.8933333" CC="030" />
            <SP ID="P1_SP00018" WIDTH="0" HPOS="0" VPOS="0" />
            <String ID="P1_S00023" HPOS="1086" VPOS="655" WIDTH="149" HEIGHT="46" STYLEREFS="StyleId-3" CONTENT="urban." WC="0.925" CC="300100" />
            <SP ID="P1_SP00019" WIDTH="0" HPOS="0" VPOS="0" />
            <String ID="P1_S00024" HPOS="1265" VPOS="652" WIDTH="95" HEIGHT="49" STYLEREFS="StyleId-3" CONTENT="The" WC="0.706666648" CC="251" />
            <SP ID="P1_SP00020" WIDTH="0" HPOS="0" VPOS="0" />
            <String ID="P1_S00025" HPOS="1380" VPOS="649" WIDTH="191" HEIGHT="52" STYLEREFS="StyleId-3" CONTENT="problem" WC="0.87" CC="4000400" />
            <SP ID="P1_SP00021" WIDTH="0" HPOS="0" VPOS="0" />
            <String ID="P1_S00026" HPOS="1592" VPOS="646" WIDTH="46" HEIGHT="55" STYLEREFS="StyleId-3" CONTENT="of" WC="0.895" CC="02" />
            <SP ID="P1_SP00022" WIDTH="0" HPOS="0" VPOS="0" />
            <String ID="P1_S00027" HPOS="1658" VPOS="645" WIDTH="73" HEIGHT="56" STYLEREFS="StyleId-3" CONTENT="the" WC="1" CC="000" />
            <SP ID="P1_SP00023" WIDTH="0" HPOS="0" VPOS="0" />
            <String ID="P1_S00028" HPOS="1744" VPOS="648" WIDTH="181" HEIGHT="53" STYLEREFS="StyleId-3" CONTENT="country" WC="0.7714286" CC="0341005" />
            <SP ID="P1_SP00024" WIDTH="0" HPOS="0" VPOS="0" />
            <String ID="P1_S00029" HPOS="1948" VPOS="640" WIDTH="147" HEIGHT="61" STYLEREFS="StyleId-3" CONTENT="Negro" WC="0.85" CC="00700" />
            <SP ID="P1_SP00025" WIDTH="0" HPOS="0" VPOS="0" />
            <String ID="P1_S00030" HPOS="2115" VPOS="650" WIDTH="98" HEIGHT="51" STYLEREFS="StyleId-3" CONTENT="may" WC="0.78" CC="006" />
          </TextLine>
          <TextLine ID="P1_TL00005" HPOS="523" VPOS="728" WIDTH="1689" HEIGHT="26">
            <String ID="P1_S00031" HPOS="523" VPOS="729" WIDTH="55" HEIGHT="39" STYLEREFS="StyleId-3" CONTENT="be" WC="0.84" CC="30" />
            <SP ID="P1_SP00026" WIDTH="0" HPOS="0" VPOS="0" />
            <String ID="P1_S00032" HPOS="598" VPOS="726" WIDTH="211" HEIGHT="49" STYLEREFS="StyleId-3" CONTENT="deferred," WC="0.95" CC="002000002" />
            <SP ID="P1_SP00027" WIDTH="0" HPOS="0" VPOS="0" />
            <String ID="P1_S00033" HPOS="841" VPOS="725" WIDTH="94" HEIGHT="50" STYLEREFS="StyleId-3" CONTENT="that" WC="0.9025" CC="0300" />
            <SP ID="P1_SP00028" WIDTH="0" HPOS="0" VPOS="0" />
            <String ID="P1_S00034" HPOS="965" VPOS="724" WIDTH="45" HEIGHT="51" STYLEREFS="StyleId-3" CONTENT="of" WC="1" CC="00" />
            <SP ID="P1_SP00029" WIDTH="0" HPOS="0" VPOS="0" />
            <String ID="P1_S00035" HPOS="1039" VPOS="723" WIDTH="65" HEIGHT="52" STYLEREFS="StyleId-3" CONTENT="his" WC="0.9533333" CC="001" />
            <SP ID="P1_SP00030" WIDTH="0" HPOS="0" VPOS="0" />
            <String ID="P1_S00036" HPOS="1134" VPOS="720" WIDTH="135" HEIGHT="55" STYLEREFS="StyleId-3" CONTENT="urban" WC="0.874" CC="40002" />
            <SP ID="P1_SP00031" WIDTH="0" HPOS="0" VPOS="0" />
            <String ID="P1_S00037" HPOS="1298" VPOS="717" WIDTH="176" HEIGHT="58" STYLEREFS="StyleId-3" CONTENT="brother" WC="0.9257143" CC="0001400" />
            <SP ID="P1_SP00032" WIDTH="0" HPOS="0" VPOS="0" />
            <String ID="P1_S00038" HPOS="1503" VPOS="715" WIDTH="34" HEIGHT="60" STYLEREFS="StyleId-3" CONTENT="is" WC="1" CC="00" />
            <SP ID="P1_SP00033" WIDTH="0" HPOS="0" VPOS="0" />
            <String ID="P1_S00039" HPOS="1567" VPOS="710" WIDTH="243" HEIGHT="65" STYLEREFS="StyleId-3" CONTENT="immediate" WC="0.9177778" CC="400000020" />
            <SP ID="P1_SP00034" WIDTH="0" HPOS="0" VPOS="0" />
            <String ID="P1_S00040" HPOS="1838" VPOS="708" WIDTH="83" HEIGHT="67" STYLEREFS="StyleId-3" CONTENT="and" WC="1" CC="000" />
            <SP ID="P1_SP00035" WIDTH="0" HPOS="0" VPOS="0" />
            <String ID="P1_S00041" HPOS="1951" VPOS="703" WIDTH="261" HEIGHT="72" STYLEREFS="StyleId-3" CONTENT="imperative." WC="0.9209091" CC="20000020002" />
          </TextLine>
          <TextLine ID="P1_TL00006" HPOS="527" VPOS="795" WIDTH="1688" HEIGHT="28">
            <String ID="P1_S00042" HPOS="527" VPOS="794" WIDTH="144" HEIGHT="39" STYLEREFS="StyleId-3" CONTENT="While" WC="0.872" CC="03020" />
            <SP ID="P1_SP00036" WIDTH="0" HPOS="0" VPOS="0" />
            <String ID="P1_S00043" HPOS="692" VPOS="793" WIDTH="74" HEIGHT="40" STYLEREFS="StyleId-3" CONTENT="the" WC="0.803333342" CC="050" />
            <SP ID="P1_SP00037" WIDTH="0" HPOS="0" VPOS="0" />
            <String ID="P1_S00044" HPOS="797" VPOS="791" WIDTH="160" HEIGHT="42" STYLEREFS="StyleId-3" CONTENT="former" WC="0.8383333" CC="500003" />
            <SP ID="P1_SP00038" WIDTH="0" HPOS="0" VPOS="0" />
            <String ID="P1_S00045" HPOS="979" VPOS="801" WIDTH="96" HEIGHT="40" STYLEREFS="StyleId-3" CONTENT="may" WC="0.7366667" CC="070" />
            <SP ID="P1_SP00039" WIDTH="0" HPOS="0" VPOS="0" />
            <String ID="P1_S00046" HPOS="1095" VPOS="786" WIDTH="54" HEIGHT="55" STYLEREFS="StyleId-3" CONTENT="be" WC="0.815" CC="30" />
            <SP ID="P1_SP00040" WIDTH="0" HPOS="0" VPOS="0" />
            <String ID="P1_S00047" HPOS="1169" VPOS="782" WIDTH="228" HEIGHT="59" STYLEREFS="StyleId-3" CONTENT="preserved" WC="0.9766667" CC="020000000" />
            <SP ID="P1_SP00041" WIDTH="0" HPOS="0" VPOS="0" />
            <String ID="P1_S00048" HPOS="1428" VPOS="778" WIDTH="277" HEIGHT="63" STYLEREFS="StyleId-3" CONTENT="indefinitely," WC="0.8923077" CC="0300003020103" />
            <SP ID="P1_SP00042" WIDTH="0" HPOS="0" VPOS="0" />
            <String ID="P1_S00049" HPOS="1736" VPOS="788" WIDTH="47" HEIGHT="53" STYLEREFS="StyleId-3" CONTENT="as" WC="1" CC="00" />
            <SP ID="P1_SP00043" WIDTH="0" HPOS="0" VPOS="0" />
            <String ID="P1_S00050" HPOS="1804" VPOS="775" WIDTH="31" HEIGHT="66" STYLEREFS="StyleId-3" CONTENT="it" WC="1" CC="00" />
            <SP ID="P1_SP00044" WIDTH="0" HPOS="0" VPOS="0" />
            <String ID="P1_S00051" HPOS="1864" VPOS="784" WIDTH="112" HEIGHT="57" STYLEREFS="StyleId-3" CONTENT="were" WC="0.8875" CC="0040" />
            <SP ID="P1_SP00045" WIDTH="0" HPOS="0" VPOS="0" />
            <String ID="P1_S00052" HPOS="1996" VPOS="772" WIDTH="41" HEIGHT="69" STYLEREFS="StyleId-3" CONTENT="in" WC="1" CC="00" />
            <SP ID="P1_SP00046" WIDTH="0" HPOS="0" VPOS="0" />
            <String ID="P1_S00053" HPOS="2058" VPOS="782" WIDTH="24" HEIGHT="59" STYLEREFS="StyleId-3" CONTENT="a" WC="1" CC="0" />
            <SP ID="P1_SP00047" WIDTH="0" HPOS="0" VPOS="0" />
            <String ID="P1_S00054" HPOS="2102" VPOS="774" WIDTH="113" HEIGHT="67" STYLEREFS="StyleId-3" CONTENT="state" WC="0.946" CC="02000" />
          </TextLine>
          <TextLine ID="P1_TL00007" HPOS="528" VPOS="860" WIDTH="1549" HEIGHT="26">
            <String ID="P1_S00055" HPOS="529" VPOS="861" WIDTH="44" HEIGHT="38" STYLEREFS="StyleId-3" CONTENT="of" WC="0.97" CC="00" />
            <SP ID="P1_SP00048" WIDTH="0" HPOS="0" VPOS="0" />
            <String ID="P1_S00056" HPOS="589" VPOS="866" WIDTH="164" HEIGHT="41" STYLEREFS="StyleId-3" CONTENT="nature," WC="0.7757143" CC="6005003" />
            <SP ID="P1_SP00049" WIDTH="0" HPOS="0" VPOS="0" />
            <String ID="P1_S00057" HPOS="777" VPOS="857" WIDTH="73" HEIGHT="50" STYLEREFS="StyleId-3" CONTENT="the" WC="0.97" CC="000" />
            <SP ID="P1_SP00050" WIDTH="0" HPOS="0" VPOS="0" />
            <String ID="P1_S00058" HPOS="871" VPOS="856" WIDTH="128" HEIGHT="51" STYLEREFS="StyleId-3" CONTENT="latter" WC="0.87833333" CC="700000" />
            <SP ID="P1_SP00051" WIDTH="0" HPOS="0" VPOS="0" />
            <String ID="P1_S00059" HPOS="1018" VPOS="851" WIDTH="208" HEIGHT="56" STYLEREFS="StyleId-3" CONTENT="demands" WC="0.9514286" CC="0000300" />
            <SP ID="P1_SP00052" WIDTH="0" HPOS="0" VPOS="0" />
            <String ID="P1_S00060" HPOS="1247" VPOS="847" WIDTH="245" HEIGHT="60" STYLEREFS="StyleId-3" CONTENT="immediate" WC="0.93" CC="000001040" />
            <SP ID="P1_SP00053" WIDTH="0" HPOS="0" VPOS="0" />
            <String ID="P1_S00061" HPOS="1512" VPOS="855" WIDTH="149" HEIGHT="52" STYLEREFS="StyleId-3" CONTENT="rescue" WC="0.9633333" CC="002000" />
            <SP ID="P1_SP00054" WIDTH="0" HPOS="0" VPOS="0" />
            <String ID="P1_S00062" HPOS="1676" VPOS="842" WIDTH="110" HEIGHT="65" STYLEREFS="StyleId-3" CONTENT="from" WC="0.935" CC="0020" />
            <SP ID="P1_SP00055" WIDTH="0" HPOS="0" VPOS="0" />
            <String ID="P1_S00063" HPOS="1798" VPOS="837" WIDTH="279" HEIGHT="70" STYLEREFS="StyleId-3" CONTENT="destruction." WC="0.9633333" CC="000001020000" />
          </TextLine>
          <TextLine ID="P1_TL00008" HPOS="638" VPOS="923" WIDTH="1578" HEIGHT="29">
            <String ID="P1_S00064" HPOS="638" VPOS="924" WIDTH="94" HEIGHT="39" STYLEREFS="StyleId-3" CONTENT="The" WC="0.8" CC="060" />
            <SP ID="P1_SP00056" WIDTH="0" HPOS="0" VPOS="0" />
            <String ID="P1_S00065" HPOS="753" VPOS="922" WIDTH="132" HEIGHT="41" STYLEREFS="StyleId-3" CONTENT="influx" WC="0.696666658" CC="085500" />
            <SP ID="P1_SP00057" WIDTH="0" HPOS="0" VPOS="0" />
            <String ID="P1_S00066" HPOS="907" VPOS="921" WIDTH="43" HEIGHT="42" STYLEREFS="StyleId-3" CONTENT="of" WC="0.73" CC="04" />
            <SP ID="P1_SP00058" WIDTH="0" HPOS="0" VPOS="0" />
            <String ID="P1_S00067" HPOS="971" VPOS="919" WIDTH="110" HEIGHT="44" STYLEREFS="StyleId-3" CONTENT="rural" WC="0.758" CC="55001" />
            <SP ID="P1_SP00059" WIDTH="0" HPOS="0" VPOS="0" />
            <String ID="P1_S00068" HPOS="1103" VPOS="915" WIDTH="246" HEIGHT="54" STYLEREFS="StyleId-3" CONTENT="population" WC="0.884" CC="0103300020" />
            <SP ID="P1_SP00060" WIDTH="0" HPOS="0" VPOS="0" />
            <String ID="P1_S00069" HPOS="1379" VPOS="914" WIDTH="90" HEIGHT="55" STYLEREFS="StyleId-3" CONTENT="into" WC="0.6975" CC="2450" />
            <SP ID="P1_SP00061" WIDTH="0" HPOS="0" VPOS="0" />
            <String ID="P1_S00070" HPOS="1490" VPOS="911" WIDTH="116" HEIGHT="58" STYLEREFS="StyleId-3" CONTENT="large" WC="0.952" CC="20000" />
            <SP ID="P1_SP00062" WIDTH="0" HPOS="0" VPOS="0" />
            <String ID="P1_S00071" HPOS="1635" VPOS="914" WIDTH="170" HEIGHT="55" STYLEREFS="StyleId-3" CONTENT="centers" WC="1" CC="0000000" />
            <SP ID="P1_SP00063" WIDTH="0" HPOS="0" VPOS="0" />
            <String ID="P1_S00072" HPOS="1839" VPOS="903" WIDTH="261" HEIGHT="66" STYLEREFS="StyleId-3" CONTENT="constitutes" WC="0.9827273" CC="00000000100" />
            <SP ID="P1_SP00064" WIDTH="0" HPOS="0" VPOS="0" />
            <String ID="P1_S00073" HPOS="2134" VPOS="910" WIDTH="82" HEIGHT="59" STYLEREFS="StyleId-3" CONTENT="one" WC="1" CC="000" />
          </TextLine>
          <TextLine ID="P1_TL00009" HPOS="530" VPOS="990" WIDTH="1685" HEIGHT="27">
            <String ID="P1_S00074" HPOS="531" VPOS="991" WIDTH="45" HEIGHT="41" STYLEREFS="StyleId-3" CONTENT="of" WC="0.56" CC="35" />
            <SP ID="P1_SP00065" WIDTH="0" HPOS="0" VPOS="0" />
            <String ID="P1_S00075" HPOS="597" VPOS="991" WIDTH="73" HEIGHT="41" STYLEREFS="StyleId-3" CONTENT="the" WC="0.75666666" CC="430" />
            <SP ID="P1_SP00066" WIDTH="0" HPOS="0" VPOS="0" />
            <String ID="P1_S00076" HPOS="701" VPOS="994" WIDTH="111" HEIGHT="38" STYLEREFS="StyleId-3" CONTENT="most" WC="0.935" CC="0200" />
            <SP ID="P1_SP00067" WIDTH="0" HPOS="0" VPOS="0" />
            <String ID="P1_S00077" HPOS="845" VPOS="986" WIDTH="161" HEIGHT="46" STYLEREFS="StyleId-3" CONTENT="serious" WC="0.915714264" CC="0000230" />
            <SP ID="P1_SP00068" WIDTH="0" HPOS="0" VPOS="0" />
            <String ID="P1_S00078" HPOS="1037" VPOS="979" WIDTH="266" HEIGHT="53" STYLEREFS="StyleId-3" CONTENT="sociological" WC="0.9741667" CC="020000000000" />
            <SP ID="P1_SP00069" WIDTH="0" HPOS="0" VPOS="0" />
            <String ID="P1_S00079" HPOS="1333" VPOS="982" WIDTH="267" HEIGHT="50" STYLEREFS="StyleId-3" CONTENT="movements" WC="0.965555549" CC="000000030" />
            <SP ID="P1_SP00070" WIDTH="0" HPOS="0" VPOS="0" />
            <String ID="P1_S00080" HPOS="1630" VPOS="974" WIDTH="45" HEIGHT="58" STYLEREFS="StyleId-3" CONTENT="of" WC="0.93" CC="01" />
            <SP ID="P1_SP00071" WIDTH="0" HPOS="0" VPOS="0" />
            <String ID="P1_S00081" HPOS="1695" VPOS="973" WIDTH="73" HEIGHT="59" STYLEREFS="StyleId-3" CONTENT="the" WC="0.783333361" CC="060" />
            <SP ID="P1_SP00072" WIDTH="0" HPOS="0" VPOS="0" />
            <String ID="P1_S00082" HPOS="1789" VPOS="971" WIDTH="82" HEIGHT="61" STYLEREFS="StyleId-3" CONTENT="last" WC="0.97" CC="1000" />
            <SP ID="P1_SP00073" WIDTH="0" HPOS="0" VPOS="0" />
            <String ID="P1_S00083" HPOS="1901" VPOS="968" WIDTH="90" HEIGHT="64" STYLEREFS="StyleId-3" CONTENT="half" WC="0.86" CC="1004" />
            <SP ID="P1_SP00074" WIDTH="0" HPOS="0" VPOS="0" />
            <String ID="P1_S00084" HPOS="2020" VPOS="972" WIDTH="195" HEIGHT="60" STYLEREFS="StyleId-3" CONTENT="century." WC="0.83625" CC="00136002" />
          </TextLine>
          <TextLine ID="P1_TL00010" HPOS="532" VPOS="1055" WIDTH="1687" HEIGHT="15">
            <String ID="P1_S00085" HPOS="532" VPOS="1056" WIDTH="96" HEIGHT="39" STYLEREFS="StyleId-3" CONTENT="The" WC="0.91" CC="020" />
            <SP ID="P1_SP00075" WIDTH="0" HPOS="0" VPOS="0" />
            <String ID="P1_S00086" HPOS="650" VPOS="1054" WIDTH="103" HEIGHT="41" STYLEREFS="StyleId-3" CONTENT="evils" WC="0.958" CC="00020" />
            <SP ID="P1_SP00076" WIDTH="0" HPOS="0" VPOS="0" />
            <String ID="P1_S00087" HPOS="775" VPOS="1053" WIDTH="136" HEIGHT="42" STYLEREFS="StyleId-3" CONTENT="which" WC="0.904" CC="04000" />
            <SP ID="P1_SP00077" WIDTH="0" HPOS="0" VPOS="0" />
            <String ID="P1_S00088" HPOS="934" VPOS="1051" WIDTH="95" HEIGHT="44" STYLEREFS="StyleId-3" CONTENT="flow" WC="1" CC="0000" />
            <SP ID="P1_SP00078" WIDTH="0" HPOS="0" VPOS="0" />
            <String ID="P1_S00089" HPOS="1050" VPOS="1049" WIDTH="42" HEIGHT="46" STYLEREFS="StyleId-3" CONTENT="in" WC="0.665" CC="51" />
            <SP ID="P1_SP00079" WIDTH="0" HPOS="0" VPOS="0" />
            <String ID="P1_S00090" HPOS="1114" VPOS="1048" WIDTH="74" HEIGHT="47" STYLEREFS="StyleId-3" CONTENT="the" WC="0.696666658" CC="440" />
            <SP ID="P1_SP00080" WIDTH="0" HPOS="0" VPOS="0" />
            <String ID="P1_S00091" HPOS="1217" VPOS="1045" WIDTH="111" HEIGHT="50" STYLEREFS="StyleId-3" CONTENT="train" WC="0.972" CC="00000" />
            <SP ID="P1_SP00081" WIDTH="0" HPOS="0" VPOS="0" />
            <String ID="P1_S00092" HPOS="1349" VPOS="1043" WIDTH="44" HEIGHT="52" STYLEREFS="StyleId-3" CONTENT="of" WC="0.85" CC="03" />
            <SP ID="P1_SP00082" WIDTH="0" HPOS="0" VPOS="0" />
            <String ID="P1_S00093" HPOS="1413" VPOS="1042" WIDTH="85" HEIGHT="53" STYLEREFS="StyleId-3" CONTENT="this" WC="0.8375" CC="0310" />
            <SP ID="P1_SP00083" WIDTH="0" HPOS="0" VPOS="0" />
            <String ID="P1_S00094" HPOS="1518" VPOS="1043" WIDTH="244" HEIGHT="52" STYLEREFS="StyleId-3" CONTENT="movement" WC="0.93" CC="00000005" />
            <SP ID="P1_SP00084" WIDTH="0" HPOS="0" VPOS="0" />
            <String ID="P1_S00095" HPOS="1782" VPOS="1037" WIDTH="107" HEIGHT="58" STYLEREFS="StyleId-3" CONTENT="have" WC="0.9425" CC="2000" />
            <SP ID="P1_SP00085" WIDTH="0" HPOS="0" VPOS="0" />
            <String ID="P1_S00096" HPOS="1909" VPOS="1034" WIDTH="109" HEIGHT="61" STYLEREFS="StyleId-3" CONTENT="been" WC="0.885" CC="0004" />
            <SP ID="P1_SP00086" WIDTH="0" HPOS="0" VPOS="0" />
            <String ID="P1_S00097" HPOS="2057" VPOS="1030" WIDTH="162" HEIGHT="65" STYLEREFS="StyleId-3" CONTENT="univer¬" WC="0.8057143" CC="6420000" />
          </TextLine>
          <TextLine ID="P1_TL00011" HPOS="535" VPOS="1119" WIDTH="1684" HEIGHT="31">
            <String ID="P1_S00098" HPOS="536" VPOS="1122" WIDTH="104" HEIGHT="52" STYLEREFS="StyleId-3" CONTENT="sally" WC="0.898" CC="00050" />
            <SP ID="P1_SP00087" WIDTH="0" HPOS="0" VPOS="0" />
            <String ID="P1_S00099" HPOS="662" VPOS="1118" WIDTH="129" HEIGHT="56" STYLEREFS="StyleId-3" CONTENT="noted" WC="1" CC="00000" />
            <SP ID="P1_SP00088" WIDTH="0" HPOS="0" VPOS="0" />
            <String ID="P1_S00100" HPOS="814" VPOS="1117" WIDTH="82" HEIGHT="57" STYLEREFS="StyleId-3" CONTENT="and" WC="0.8" CC="600" />
            <SP ID="P1_SP00089" WIDTH="0" HPOS="0" VPOS="0" />
            <String ID="P1_S00101" HPOS="918" VPOS="1114" WIDTH="175" HEIGHT="60" STYLEREFS="StyleId-3" CONTENT="marked" WC="0.95" CC="003000" />
            <SP ID="P1_SP00090" WIDTH="0" HPOS="0" VPOS="0" />
            <String ID="P1_S00102" HPOS="1125" VPOS="1124" WIDTH="125" HEIGHT="50" STYLEREFS="StyleId-3" CONTENT="upon." WC="0.87" CC="30300" />
            <SP ID="P1_SP00091" WIDTH="0" HPOS="0" VPOS="0" />
            <String ID="P1_S00103" HPOS="1311" VPOS="1109" WIDTH="115" HEIGHT="65" STYLEREFS="StyleId-3" CONTENT="Such" WC="1" CC="0000" />
            <SP ID="P1_SP00092" WIDTH="0" HPOS="0" VPOS="0" />
            <String ID="P1_S00104" HPOS="1465" VPOS="1106" WIDTH="104" HEIGHT="68" STYLEREFS="StyleId-3" CONTENT="evils" WC="0.922" CC="00030" />
            <SP ID="P1_SP00093" WIDTH="0" HPOS="0" VPOS="0" />
            <String ID="P1_S00105" HPOS="1589" VPOS="1104" WIDTH="72" HEIGHT="70" STYLEREFS="StyleId-3" CONTENT="fall" WC="0.8625" CC="2003" />
            <SP ID="P1_SP00094" WIDTH="0" HPOS="0" VPOS="0" />
            <String ID="P1_S00106" HPOS="1693" VPOS="1108" WIDTH="111" HEIGHT="66" STYLEREFS="StyleId-3" CONTENT="most" WC="0.9025" CC="0003" />
            <SP ID="P1_SP00095" WIDTH="0" HPOS="0" VPOS="0" />
            <String ID="P1_S00107" HPOS="1824" VPOS="1098" WIDTH="166" HEIGHT="76" STYLEREFS="StyleId-3" CONTENT="heavily" WC="0.9085714" CC="5000000" />
            <SP ID="P1_SP00096" WIDTH="0" HPOS="0" VPOS="0" />
            <String ID="P1_S00108" HPOS="2011" VPOS="1108" WIDTH="112" HEIGHT="66" STYLEREFS="StyleId-3" CONTENT="upon" WC="0.9725" CC="0001" />
            <SP ID="P1_SP00097" WIDTH="0" HPOS="0" VPOS="0" />
            <String ID="P1_S00109" HPOS="2145" VPOS="1094" WIDTH="74" HEIGHT="80" STYLEREFS="StyleId-3" CONTENT="the" WC="0.9033333" CC="020" />
          </TextLine>
          <TextLine ID="P1_TL00012" HPOS="535" VPOS="1184" WIDTH="1686" HEIGHT="29">
            <String ID="P1_S00110" HPOS="536" VPOS="1199" WIDTH="103" HEIGHT="40" STYLEREFS="StyleId-3" CONTENT="poor" WC="0.9025" CC="0300" />
            <SP ID="P1_SP00098" WIDTH="0" HPOS="0" VPOS="0" />
            <String ID="P1_S00111" HPOS="653" VPOS="1185" WIDTH="208" HEIGHT="54" STYLEREFS="StyleId-3" CONTENT="Negroes," WC="0.8125" CC="80003003" />
            <SP ID="P1_SP00099" WIDTH="0" HPOS="0" VPOS="0" />
            <String ID="P1_S00112" HPOS="877" VPOS="1181" WIDTH="93" HEIGHT="58" STYLEREFS="StyleId-3" CONTENT="who" WC="0.94" CC="010" />
            <SP ID="P1_SP00100" WIDTH="0" HPOS="0" VPOS="0" />
            <String ID="P1_S00113" HPOS="986" VPOS="1191" WIDTH="70" HEIGHT="48" STYLEREFS="StyleId-3" CONTENT="are" WC="0.873333335" CC="300" />
            <SP ID="P1_SP00101" WIDTH="0" HPOS="0" VPOS="0" />
            <String ID="P1_S00114" HPOS="1069" VPOS="1176" WIDTH="159" HEIGHT="63" STYLEREFS="StyleId-3" CONTENT="allured" WC="0.682857156" CC="8273000" />
            <SP ID="P1_SP00102" WIDTH="0" HPOS="0" VPOS="0" />
            <String ID="P1_S00115" HPOS="1245" VPOS="1182" WIDTH="44" HEIGHT="57" STYLEREFS="StyleId-3" CONTENT="to" WC="0.985" CC="00" />
            <SP ID="P1_SP00103" WIDTH="0" HPOS="0" VPOS="0" />
            <String ID="P1_S00116" HPOS="1306" VPOS="1174" WIDTH="72" HEIGHT="65" STYLEREFS="StyleId-3" CONTENT="the" WC="1" CC="000" />
            <SP ID="P1_SP00104" WIDTH="0" HPOS="0" VPOS="0" />
            <String ID="P1_S00117" HPOS="1398" VPOS="1171" WIDTH="263" HEIGHT="68" STYLEREFS="StyleId-3" CONTENT="destruction" WC="0.900909066" CC="00060000040" />
            <SP ID="P1_SP00105" WIDTH="0" HPOS="0" VPOS="0" />
            <String ID="P1_S00118" HPOS="1682" VPOS="1167" WIDTH="45" HEIGHT="72" STYLEREFS="StyleId-3" CONTENT="of" WC="0.825" CC="03" />
            <SP ID="P1_SP00106" WIDTH="0" HPOS="0" VPOS="0" />
            <String ID="P1_S00119" HPOS="1746" VPOS="1167" WIDTH="86" HEIGHT="72" STYLEREFS="StyleId-3" CONTENT="city" WC="0.805" CC="0250" />
            <SP ID="P1_SP00107" WIDTH="0" HPOS="0" VPOS="0" />
            <String ID="P1_S00120" HPOS="1853" VPOS="1164" WIDTH="71" HEIGHT="75" STYLEREFS="StyleId-3" CONTENT="life" WC="0.975" CC="0000" />
            <SP ID="P1_SP00108" WIDTH="0" HPOS="0" VPOS="0" />
            <String ID="P1_S00121" HPOS="1939" VPOS="1176" WIDTH="46" HEIGHT="63" STYLEREFS="StyleId-3" CONTENT="as" WC="1" CC="00" />
            <SP ID="P1_SP00109" WIDTH="0" HPOS="0" VPOS="0" />
            <String ID="P1_S00122" HPOS="2006" VPOS="1161" WIDTH="142" HEIGHT="78" STYLEREFS="StyleId-3" CONTENT="moths" WC="0.832" CC="00430" />
            <SP ID="P1_SP00110" WIDTH="0" HPOS="0" VPOS="0" />
            <String ID="P1_S00123" HPOS="2164" VPOS="1159" WIDTH="57" HEIGHT="80" STYLEREFS="StyleId-3" CONTENT="by" WC="0.88" CC="20" />
          </TextLine>
          <TextLine ID="P1_TL00013" HPOS="539" VPOS="1250" WIDTH="1678" HEIGHT="27">
            <String ID="P1_S00124" HPOS="540" VPOS="1253" WIDTH="73" HEIGHT="38" STYLEREFS="StyleId-3" CONTENT="the" WC="0.776666641" CC="060" />
            <SP ID="P1_SP00111" WIDTH="0" HPOS="0" VPOS="0" />
            <String ID="P1_S00125" HPOS="634" VPOS="1250" WIDTH="117" HEIGHT="51" STYLEREFS="StyleId-3" CONTENT="glare" WC="1" CC="00000" />
            <SP ID="P1_SP00112" WIDTH="0" HPOS="0" VPOS="0" />
            <String ID="P1_S00126" HPOS="768" VPOS="1248" WIDTH="44" HEIGHT="53" STYLEREFS="StyleId-3" CONTENT="of" WC="0.745" CC="05" />
            <SP ID="P1_SP00113" WIDTH="0" HPOS="0" VPOS="0" />
            <String ID="P1_S00127" HPOS="833" VPOS="1248" WIDTH="73" HEIGHT="53" STYLEREFS="StyleId-3" CONTENT="the" WC="1" CC="000" />
            <SP ID="P1_SP00114" WIDTH="0" HPOS="0" VPOS="0" />
            <String ID="P1_S00128" HPOS="946" VPOS="1244" WIDTH="161" HEIGHT="57" STYLEREFS="StyleId-3" CONTENT="candle." WC="1" CC="0000000" />
            <SP ID="P1_SP00115" WIDTH="0" HPOS="0" VPOS="0" />
            <String ID="P1_S00129" HPOS="1183" VPOS="1240" WIDTH="143" HEIGHT="61" STYLEREFS="StyleId-3" CONTENT="These" WC="0.932" CC="03000" />
            <SP ID="P1_SP00116" WIDTH="0" HPOS="0" VPOS="0" />
            <String ID="P1_S00130" HPOS="1362" VPOS="1237" WIDTH="275" HEIGHT="64" STYLEREFS="StyleId-3" CONTENT="unfortunate" WC="0.823636353" CC="04300000820" />
            <SP ID="P1_SP00117" WIDTH="0" HPOS="0" VPOS="0" />
            <String ID="P1_S00131" HPOS="1675" VPOS="1231" WIDTH="152" HEIGHT="70" STYLEREFS="StyleId-3" CONTENT="people" WC="0.978333354" CC="001000" />
            <SP ID="P1_SP00118" WIDTH="0" HPOS="0" VPOS="0" />
            <String ID="P1_S00132" HPOS="1865" VPOS="1228" WIDTH="101" HEIGHT="73" STYLEREFS="StyleId-3" CONTENT="rush" WC="0.795" CC="0502" />
            <SP ID="P1_SP00119" WIDTH="0" HPOS="0" VPOS="0" />
            <String ID="P1_S00133" HPOS="2001" VPOS="1227" WIDTH="108" HEIGHT="74" STYLEREFS="StyleId-3" CONTENT="from" WC="1" CC="0000" />
            <SP ID="P1_SP00120" WIDTH="0" HPOS="0" VPOS="0" />
            <String ID="P1_S00134" HPOS="2144" VPOS="1225" WIDTH="73" HEIGHT="76" STYLEREFS="StyleId-3" CONTENT="the" WC="0.686666667" CC="260" />
          </TextLine>
          <TextLine ID="P1_TL00014" HPOS="540" VPOS="1315" WIDTH="1682" HEIGHT="30">
            <String ID="P1_S00135" HPOS="541" VPOS="1322" WIDTH="180" HEIGHT="46" STYLEREFS="StyleId-3" CONTENT="country" WC="0.922857165" CC="0203000" />
            <SP ID="P1_SP00121" WIDTH="0" HPOS="0" VPOS="0" />
            <String ID="P1_S00136" HPOS="743" VPOS="1313" WIDTH="140" HEIGHT="55" STYLEREFS="StyleId-3" CONTENT="where" WC="0.862" CC="06000" />
            <SP ID="P1_SP00122" WIDTH="0" HPOS="0" VPOS="0" />
            <String ID="P1_S00137" HPOS="897" VPOS="1311" WIDTH="103" HEIGHT="57" STYLEREFS="StyleId-3" CONTENT="they" WC="0.805" CC="2500" />
            <SP ID="P1_SP00123" WIDTH="0" HPOS="0" VPOS="0" />
            <String ID="P1_S00138" HPOS="1021" VPOS="1309" WIDTH="108" HEIGHT="59" STYLEREFS="StyleId-3" CONTENT="have" WC="0.85" CC="6000" />
            <SP ID="P1_SP00124" WIDTH="0" HPOS="0" VPOS="0" />
            <String ID="P1_S00139" HPOS="1144" VPOS="1320" WIDTH="24" HEIGHT="48" STYLEREFS="StyleId-3" CONTENT="a" WC="1" CC="0" />
            <SP ID="P1_SP00125" WIDTH="0" HPOS="0" VPOS="0" />
            <String ID="P1_S00140" HPOS="1188" VPOS="1304" WIDTH="139" HEIGHT="64" STYLEREFS="StyleId-3" CONTENT="useful" WC="0.9033333" CC="000320" />
            <SP ID="P1_SP00126" WIDTH="0" HPOS="0" VPOS="0" />
            <String ID="P1_S00141" HPOS="1345" VPOS="1308" WIDTH="137" HEIGHT="60" STYLEREFS="StyleId-3" CONTENT="status" WC="0.8433333" CC="050040" />
            <SP ID="P1_SP00127" WIDTH="0" HPOS="0" VPOS="0" />
            <String ID="P1_S00142" HPOS="1499" VPOS="1300" WIDTH="81" HEIGHT="68" STYLEREFS="StyleId-3" CONTENT="and" WC="0.74333334" CC="070" />
            <SP ID="P1_SP00128" WIDTH="0" HPOS="0" VPOS="0" />
            <String ID="P1_S00143" HPOS="1602" VPOS="1297" WIDTH="205" HEIGHT="71" STYLEREFS="StyleId-3" CONTENT="function," WC="0.904444456" CC="024001000" />
            <SP ID="P1_SP00129" WIDTH="0" HPOS="0" VPOS="0" />
            <String ID="P1_S00144" HPOS="1830" VPOS="1301" WIDTH="44" HEIGHT="67" STYLEREFS="StyleId-3" CONTENT="to" WC="1" CC="00" />
            <SP ID="P1_SP00130" WIDTH="0" HPOS="0" VPOS="0" />
            <String ID="P1_S00145" HPOS="1891" VPOS="1294" WIDTH="72" HEIGHT="74" STYLEREFS="StyleId-3" CONTENT="the" WC="0.73" CC="350" />
            <SP ID="P1_SP00131" WIDTH="0" HPOS="0" VPOS="0" />
            <String ID="P1_S00146" HPOS="1977" VPOS="1292" WIDTH="86" HEIGHT="76" STYLEREFS="StyleId-3" CONTENT="city" WC="1" CC="0000" />
            <SP ID="P1_SP00132" WIDTH="0" HPOS="0" VPOS="0" />
            <String ID="P1_S00147" HPOS="2080" VPOS="1290" WIDTH="142" HEIGHT="78" STYLEREFS="StyleId-3" CONTENT="where" WC="0.886" CC="05000" />
          </TextLine>
          <TextLine ID="P1_TL00015" HPOS="542" VPOS="1379" WIDTH="1683" HEIGHT="27">
            <String ID="P1_S00148" HPOS="543" VPOS="1382" WIDTH="120" HEIGHT="39" STYLEREFS="StyleId-3" CONTENT="there" WC="0.986" CC="00000" />
            <SP ID="P1_SP00133" WIDTH="0" HPOS="0" VPOS="0" />
            <String ID="P1_S00149" HPOS="677" VPOS="1381" WIDTH="34" HEIGHT="40" STYLEREFS="StyleId-3" CONTENT="is" WC="1" CC="00" />
            <SP ID="P1_SP00134" WIDTH="0" HPOS="0" VPOS="0" />
            <String ID="P1_S00150" HPOS="733" VPOS="1390" WIDTH="54" HEIGHT="31" STYLEREFS="StyleId-3" CONTENT="no" WC="0.91" CC="10" />
            <SP ID="P1_SP00135" WIDTH="0" HPOS="0" VPOS="0" />
            <String ID="P1_S00151" HPOS="817" VPOS="1373" WIDTH="222" HEIGHT="48" STYLEREFS="StyleId-3" CONTENT="industrial" WC="0.885" CC="0502020001" />
            <SP ID="P1_SP00136" WIDTH="0" HPOS="0" VPOS="0" />
            <String ID="P1_S00152" HPOS="1061" VPOS="1373" WIDTH="139" HEIGHT="48" STYLEREFS="StyleId-3" CONTENT="raison" WC="0.8616667" CC="000206" />
            <SP ID="P1_SP00137" WIDTH="0" HPOS="0" VPOS="0" />
            <String ID="P1_S00153" HPOS="1221" VPOS="1370" WIDTH="129" HEIGHT="51" STYLEREFS="StyleId-3" CONTENT="d'etre" WC="1.04" CC="03444999997105" />
            <SP ID="P1_SP00138" WIDTH="0" HPOS="0" VPOS="0" />
            <String ID="P1_S00154" HPOS="1369" VPOS="1368" WIDTH="66" HEIGHT="53" STYLEREFS="StyleId-3" CONTENT="for" WC="0.803333342" CC="320" />
            <SP ID="P1_SP00139" WIDTH="0" HPOS="0" VPOS="0" />
            <String ID="P1_S00155" HPOS="1455" VPOS="1366" WIDTH="130" HEIGHT="55" STYLEREFS="StyleId-3" CONTENT="them," WC="0.86" CC="02004" />
            <SP ID="P1_SP00140" WIDTH="0" HPOS="0" VPOS="0" />
            <String ID="P1_S00156" HPOS="1607" VPOS="1362" WIDTH="83" HEIGHT="59" STYLEREFS="StyleId-3" CONTENT="and" WC="0.836666644" CC="040" />
            <SP ID="P1_SP00141" WIDTH="0" HPOS="0" VPOS="0" />
            <String ID="P1_S00157" HPOS="1710" VPOS="1358" WIDTH="229" HEIGHT="63" STYLEREFS="StyleId-3" CONTENT="inevitably" WC="0.873" CC="0000335000" />
            <SP ID="P1_SP00142" WIDTH="0" HPOS="0" VPOS="0" />
            <String ID="P1_S00158" HPOS="1953" VPOS="1357" WIDTH="102" HEIGHT="64" STYLEREFS="StyleId-3" CONTENT="they" WC="0.8375" CC="6000" />
            <SP ID="P1_SP00143" WIDTH="0" HPOS="0" VPOS="0" />
            <String ID="P1_S00159" HPOS="2071" VPOS="1355" WIDTH="94" HEIGHT="66" STYLEREFS="StyleId-3" CONTENT="sink" WC="0.82" CC="0610" />
            <SP ID="P1_SP00144" WIDTH="0" HPOS="0" VPOS="0" />
            <String ID="P1_S00160" HPOS="2181" VPOS="1361" WIDTH="44" HEIGHT="60" STYLEREFS="StyleId-3" CONTENT="to" WC="1" CC="00" />
          </TextLine>
          <TextLine ID="P1_TL00016" HPOS="544" VPOS="1444" WIDTH="1680" HEIGHT="28">
            <String ID="P1_S00161" HPOS="545" VPOS="1447" WIDTH="72" HEIGHT="38" STYLEREFS="StyleId-3" CONTENT="the" WC="0.63" CC="640" />
            <SP ID="P1_SP00145" WIDTH="0" HPOS="0" VPOS="0" />
            <String ID="P1_S00162" HPOS="628" VPOS="1446" WIDTH="167" HEIGHT="39" STYLEREFS="StyleId-3" CONTENT="bottom" WC="0.918333352" CC="000400" />
            <SP ID="P1_SP00146" WIDTH="0" HPOS="0" VPOS="0" />
            <String ID="P1_S00163" HPOS="817" VPOS="1441" WIDTH="44" HEIGHT="44" STYLEREFS="StyleId-3" CONTENT="of" WC="1" CC="00" />
            <SP ID="P1_SP00147" WIDTH="0" HPOS="0" VPOS="0" />
            <String ID="P1_S00164" HPOS="883" VPOS="1440" WIDTH="72" HEIGHT="45" STYLEREFS="StyleId-3" CONTENT="the" WC="1" CC="000" />
            <SP ID="P1_SP00148" WIDTH="0" HPOS="0" VPOS="0" />
            <String ID="P1_S00165" HPOS="977" VPOS="1437" WIDTH="125" HEIGHT="48" STYLEREFS="StyleId-3" CONTENT="social" WC="0.998333335" CC="000000" />
            <SP ID="P1_SP00149" WIDTH="0" HPOS="0" VPOS="0" />
            <String ID="P1_S00166" HPOS="1118" VPOS="1437" WIDTH="122" HEIGHT="48" STYLEREFS="StyleId-3" CONTENT="scale," WC="0.805" CC="200404" />
            <SP ID="P1_SP00150" WIDTH="0" HPOS="0" VPOS="0" />
            <String ID="P1_S00167" HPOS="1263" VPOS="1434" WIDTH="139" HEIGHT="51" STYLEREFS="StyleId-3" CONTENT="where" WC="0.936" CC="03000" />
            <SP ID="P1_SP00151" WIDTH="0" HPOS="0" VPOS="0" />
            <String ID="P1_S00168" HPOS="1414" VPOS="1432" WIDTH="103" HEIGHT="53" STYLEREFS="StyleId-3" CONTENT="they" WC="0.9725" CC="0100" />
            <SP ID="P1_SP00152" WIDTH="0" HPOS="0" VPOS="0" />
            <String ID="P1_S00169" HPOS="1537" VPOS="1429" WIDTH="109" HEIGHT="56" STYLEREFS="StyleId-3" CONTENT="form" WC="0.8475" CC="4010" />
            <SP ID="P1_SP00153" WIDTH="0" HPOS="0" VPOS="0" />
            <String ID="P1_S00170" HPOS="1663" VPOS="1426" WIDTH="73" HEIGHT="59" STYLEREFS="StyleId-3" CONTENT="the" WC="0.99333334" CC="000" />
            <SP ID="P1_SP00154" WIDTH="0" HPOS="0" VPOS="0" />
            <String ID="P1_S00171" HPOS="1749" VPOS="1425" WIDTH="140" HEIGHT="60" STYLEREFS="StyleId-3" CONTENT="dregs," WC="0.9216667" CC="000003" />
            <SP ID="P1_SP00155" WIDTH="0" HPOS="0" VPOS="0" />
            <String ID="P1_S00172" HPOS="1912" VPOS="1422" WIDTH="73" HEIGHT="63" STYLEREFS="StyleId-3" CONTENT="the" WC="0.836666644" CC="040" />
            <SP ID="P1_SP00156" WIDTH="0" HPOS="0" VPOS="0" />
            <String ID="P1_S00173" HPOS="2002" VPOS="1434" WIDTH="130" HEIGHT="51" STYLEREFS="StyleId-3" CONTENT="scum," WC="0.812" CC="00603" />
            <SP ID="P1_SP00157" WIDTH="0" HPOS="0" VPOS="0" />
            <String ID="P1_S00174" HPOS="2141" VPOS="1419" WIDTH="83" HEIGHT="66" STYLEREFS="StyleId-3" CONTENT="and" WC="0.7366667" CC="070" />
          </TextLine>
          <TextLine ID="P1_TL00017" HPOS="543" VPOS="1508" WIDTH="1683" HEIGHT="28">
            <String ID="P1_S00175" HPOS="544" VPOS="1521" WIDTH="175" HEIGHT="28" STYLEREFS="StyleId-3" CONTENT="menace" WC="0.9266667" CC="004000" />
            <SP ID="P1_SP00158" WIDTH="0" HPOS="0" VPOS="0" />
            <String ID="P1_S00176" HPOS="740" VPOS="1507" WIDTH="46" HEIGHT="42" STYLEREFS="StyleId-3" CONTENT="of" WC="0.855" CC="02" />
            <SP ID="P1_SP00159" WIDTH="0" HPOS="0" VPOS="0" />
            <String ID="P1_S00177" HPOS="810" VPOS="1503" WIDTH="230" HEIGHT="52" STYLEREFS="StyleId-3" CONTENT="municipal" WC="0.8333333" CC="046000004" />
            <SP ID="P1_SP00160" WIDTH="0" HPOS="0" VPOS="0" />
            <String ID="P1_S00178" HPOS="1070" VPOS="1502" WIDTH="85" HEIGHT="53" STYLEREFS="StyleId-3" CONTENT="life." WC="1" CC="00000" />
            <SP ID="P1_SP00161" WIDTH="0" HPOS="0" VPOS="0" />
            <String ID="P1_S00179" HPOS="1213" VPOS="1499" WIDTH="42" HEIGHT="56" STYLEREFS="StyleId-3" CONTENT="A" WC="1" CC="0" />
            <SP ID="P1_SP00162" WIDTH="0" HPOS="0" VPOS="0" />
            <String ID="P1_S00180" HPOS="1287" VPOS="1503" WIDTH="177" HEIGHT="52" STYLEREFS="StyleId-3" CONTENT="counter" WC="0.8314286" CC="0145000" />
            <SP ID="P1_SP00163" WIDTH="0" HPOS="0" VPOS="0" />
            <String ID="P1_S00181" HPOS="1494" VPOS="1501" WIDTH="155" HEIGHT="54" STYLEREFS="StyleId-3" CONTENT="stream" WC="0.835" CC="030006" />
            <SP ID="P1_SP00164" WIDTH="0" HPOS="0" VPOS="0" />
            <String ID="P1_S00182" HPOS="1670" VPOS="1491" WIDTH="45" HEIGHT="64" STYLEREFS="StyleId-3" CONTENT="of" WC="0.94" CC="01" />
            <SP ID="P1_SP00165" WIDTH="0" HPOS="0" VPOS="0" />
            <String ID="P1_S00183" HPOS="1735" VPOS="1488" WIDTH="213" HEIGHT="67" STYLEREFS="StyleId-3" CONTENT="tendency" WC="0.8775" CC="50000400" />
            <SP ID="P1_SP00166" WIDTH="0" HPOS="0" VPOS="0" />
            <String ID="P1_S00184" HPOS="1979" VPOS="1485" WIDTH="134" HEIGHT="70" STYLEREFS="StyleId-3" CONTENT="which" WC="0.732" CC="02504" />
            <SP ID="P1_SP00167" WIDTH="0" HPOS="0" VPOS="0" />
            <String ID="P1_S00185" HPOS="2145" VPOS="1484" WIDTH="81" HEIGHT="71" STYLEREFS="StyleId-3" CONTENT="will" WC="0.8825" CC="0004" />
          </TextLine>
          <TextLine ID="P1_TL00018" HPOS="546" VPOS="1573" WIDTH="1682" HEIGHT="28">
            <String ID="P1_S00186" HPOS="547" VPOS="1581" WIDTH="146" HEIGHT="34" STYLEREFS="StyleId-3" CONTENT="return" WC="0.8233333" CC="004600" />
            <SP ID="P1_SP00168" WIDTH="0" HPOS="0" VPOS="0" />
            <String ID="P1_S00187" HPOS="716" VPOS="1572" WIDTH="84" HEIGHT="43" STYLEREFS="StyleId-3" CONTENT="this" WC="0.8875" CC="0400" />
            <SP ID="P1_SP00169" WIDTH="0" HPOS="0" VPOS="0" />
            <String ID="P1_S00188" HPOS="818" VPOS="1571" WIDTH="184" HEIGHT="44" STYLEREFS="StyleId-3" CONTENT="element" WC="0.8485714" CC="0600040" />
            <SP ID="P1_SP00170" WIDTH="0" HPOS="0" VPOS="0" />
            <String ID="P1_S00189" HPOS="1024" VPOS="1574" WIDTH="44" HEIGHT="41" STYLEREFS="StyleId-3" CONTENT="to" WC="0.735" CC="50" />
            <SP ID="P1_SP00171" WIDTH="0" HPOS="0" VPOS="0" />
            <String ID="P1_S00190" HPOS="1089" VPOS="1567" WIDTH="73" HEIGHT="48" STYLEREFS="StyleId-3" CONTENT="the" WC="0.79" CC="060" />
            <SP ID="P1_SP00172" WIDTH="0" HPOS="0" VPOS="0" />
            <String ID="P1_S00191" HPOS="1184" VPOS="1564" WIDTH="118" HEIGHT="52" STYLEREFS="StyleId-3" CONTENT="place" WC="0.95" CC="02000" />
            <SP ID="P1_SP00173" WIDTH="0" HPOS="0" VPOS="0" />
            <String ID="P1_S00192" HPOS="1332" VPOS="1562" WIDTH="140" HEIGHT="54" STYLEREFS="StyleId-3" CONTENT="where" WC="0.858" CC="07000" />
            <SP ID="P1_SP00174" WIDTH="0" HPOS="0" VPOS="0" />
            <String ID="P1_S00193" HPOS="1492" VPOS="1560" WIDTH="32" HEIGHT="56" STYLEREFS="StyleId-3" CONTENT="it" WC="1" CC="00" />
            <SP ID="P1_SP00175" WIDTH="0" HPOS="0" VPOS="0" />
            <String ID="P1_S00194" HPOS="1546" VPOS="1570" WIDTH="96" HEIGHT="46" STYLEREFS="StyleId-3" CONTENT="may" WC="1" CC="000" />
            <SP ID="P1_SP00176" WIDTH="0" HPOS="0" VPOS="0" />
            <String ID="P1_S00195" HPOS="1680" VPOS="1555" WIDTH="176" HEIGHT="61" STYLEREFS="StyleId-3" CONTENT="become" WC="0.9816667" CC="000100" />
            <SP ID="P1_SP00177" WIDTH="0" HPOS="0" VPOS="0" />
            <String ID="P1_S00196" HPOS="1876" VPOS="1564" WIDTH="25" HEIGHT="52" STYLEREFS="StyleId-3" CONTENT="a" WC="1" CC="0" />
            <SP ID="P1_SP00178" WIDTH="0" HPOS="0" VPOS="0" />
            <String ID="P1_S00197" HPOS="1934" VPOS="1550" WIDTH="163" HEIGHT="66" STYLEREFS="StyleId-3" CONTENT="helpful" WC="0.834285736" CC="0000560" />
            <SP ID="P1_SP00179" WIDTH="0" HPOS="0" VPOS="0" />
            <String ID="P1_S00198" HPOS="2132" VPOS="1561" WIDTH="96" HEIGHT="55" STYLEREFS="StyleId-3" CONTENT="con¬" WC="0.81" CC="0123" />
          </TextLine>
          <TextLine ID="P1_TL00019" HPOS="548" VPOS="1637" WIDTH="1678" HEIGHT="28">
            <String ID="P1_S00199" HPOS="549" VPOS="1639" WIDTH="209" HEIGHT="49" STYLEREFS="StyleId-3" CONTENT="tributing" WC="0.904444456" CC="020050000" />
            <SP ID="P1_SP00180" WIDTH="0" HPOS="0" VPOS="0" />
            <String ID="P1_S00200" HPOS="778" VPOS="1636" WIDTH="138" HEIGHT="52" STYLEREFS="StyleId-3" CONTENT="factor" WC="0.901666641" CC="300020" />
            <SP ID="P1_SP00181" WIDTH="0" HPOS="0" VPOS="0" />
            <String ID="P1_S00201" HPOS="945" VPOS="1634" WIDTH="35" HEIGHT="54" STYLEREFS="StyleId-3" CONTENT="is" WC="0.83" CC="03" />
            <SP ID="P1_SP00182" WIDTH="0" HPOS="0" VPOS="0" />
            <String ID="P1_S00202" HPOS="1010" VPOS="1645" WIDTH="23" HEIGHT="43" STYLEREFS="StyleId-3" CONTENT="a" WC="1" CC="0" />
            <SP ID="P1_SP00183" WIDTH="0" HPOS="0" VPOS="0" />
            <String ID="P1_S00203" HPOS="1063" VPOS="1627" WIDTH="264" HEIGHT="61" STYLEREFS="StyleId-3" CONTENT="sociological" WC="0.8825" CC="100001301005" />
            <SP ID="P1_SP00184" WIDTH="0" HPOS="0" VPOS="0" />
            <String ID="P1_S00204" HPOS="1355" VPOS="1625" WIDTH="288" HEIGHT="63" STYLEREFS="StyleId-3" CONTENT="desideratum" WC="0.944545448" CC="00600000000" />
            <SP ID="P1_SP00185" WIDTH="0" HPOS="0" VPOS="0" />
            <String ID="P1_S00205" HPOS="1672" VPOS="1617" WIDTH="203" HEIGHT="71" STYLEREFS="StyleId-3" CONTENT="devoutly" WC="0.86375" CC="00003430" />
            <SP ID="P1_SP00186" WIDTH="0" HPOS="0" VPOS="0" />
            <String ID="P1_S00206" HPOS="1914" VPOS="1622" WIDTH="45" HEIGHT="66" STYLEREFS="StyleId-3" CONTENT="to" WC="0.74" CC="50" />
            <SP ID="P1_SP00187" WIDTH="0" HPOS="0" VPOS="0" />
            <String ID="P1_S00207" HPOS="1980" VPOS="1616" WIDTH="52" HEIGHT="72" STYLEREFS="StyleId-3" CONTENT="be" WC="1" CC="00" />
            <SP ID="P1_SP00188" WIDTH="0" HPOS="0" VPOS="0" />
            <String ID="P1_S00208" HPOS="2053" VPOS="1613" WIDTH="173" HEIGHT="75" STYLEREFS="StyleId-3" CONTENT="wished." WC="1" CC="0000000" />
          </TextLine>
          <TextLine ID="P1_TL00020" HPOS="659" VPOS="1700" WIDTH="1571" HEIGHT="28">
            <String ID="P1_S00209" HPOS="659" VPOS="1701" WIDTH="214" HEIGHT="39" STYLEREFS="StyleId-3" CONTENT="Nowhere" WC="0.9185714" CC="0004010" />
            <SP ID="P1_SP00189" WIDTH="0" HPOS="0" VPOS="0" />
            <String ID="P1_S00210" HPOS="894" VPOS="1699" WIDTH="35" HEIGHT="41" STYLEREFS="StyleId-3" CONTENT="is" WC="1" CC="00" />
            <SP ID="P1_SP00190" WIDTH="0" HPOS="0" VPOS="0" />
            <String ID="P1_S00211" HPOS="943" VPOS="1698" WIDTH="73" HEIGHT="42" STYLEREFS="StyleId-3" CONTENT="the" WC="0.8933333" CC="030" />
            <SP ID="P1_SP00191" WIDTH="0" HPOS="0" VPOS="0" />
            <String ID="P1_S00212" HPOS="1037" VPOS="1695" WIDTH="80" HEIGHT="45" STYLEREFS="StyleId-3" CONTENT="evil" WC="0.9575" CC="0001" />
            <SP ID="P1_SP00192" WIDTH="0" HPOS="0" VPOS="0" />
            <String ID="P1_S00213" HPOS="1138" VPOS="1694" WIDTH="44" HEIGHT="46" STYLEREFS="StyleId-3" CONTENT="of" WC="0.64" CC="52" />
            <SP ID="P1_SP00193" WIDTH="0" HPOS="0" VPOS="0" />
            <String ID="P1_S00214" HPOS="1198" VPOS="1691" WIDTH="214" HEIGHT="49" STYLEREFS="StyleId-3" CONTENT="crowding" WC="1" CC="00000000" />
            <SP ID="P1_SP00194" WIDTH="0" HPOS="0" VPOS="0" />
            <String ID="P1_S00215" HPOS="1431" VPOS="1690" WIDTH="89" HEIGHT="50" STYLEREFS="StyleId-3" CONTENT="into" WC="0.845" CC="0600" />
            <SP ID="P1_SP00195" WIDTH="0" HPOS="0" VPOS="0" />
            <String ID="P1_S00216" HPOS="1540" VPOS="1686" WIDTH="119" HEIGHT="54" STYLEREFS="StyleId-3" CONTENT="cities" WC="0.86833334" CC="025000" />
            <SP ID="P1_SP00196" WIDTH="0" HPOS="0" VPOS="0" />
            <String ID="P1_S00217" HPOS="1679" VPOS="1695" WIDTH="117" HEIGHT="45" STYLEREFS="StyleId-3" CONTENT="more" WC="0.9375" CC="0002" />
            <SP ID="P1_SP00197" WIDTH="0" HPOS="0" VPOS="0" />
            <String ID="P1_S00218" HPOS="1811" VPOS="1680" WIDTH="236" HEIGHT="60" STYLEREFS="StyleId-3" CONTENT="noticeable" WC="0.938" CC="5000000000" />
            <SP ID="P1_SP00198" WIDTH="0" HPOS="0" VPOS="0" />
            <String ID="P1_S00219" HPOS="2068" VPOS="1679" WIDTH="102" HEIGHT="61" STYLEREFS="StyleId-3" CONTENT="than" WC="0.7575" CC="0108" />
            <SP ID="P1_SP00199" WIDTH="0" HPOS="0" VPOS="0" />
            <String ID="P1_S00220" HPOS="2186" VPOS="1685" WIDTH="44" HEIGHT="55" STYLEREFS="StyleId-3" CONTENT="at" WC="1" CC="00" />
          </TextLine>
          <TextLine ID="P1_TL00021" HPOS="551" VPOS="1766" WIDTH="1681" HEIGHT="29">
            <String ID="P1_S00221" HPOS="552" VPOS="1770" WIDTH="73" HEIGHT="38" STYLEREFS="StyleId-3" CONTENT="the" WC="0.7033333" CC="350" />
            <SP ID="P1_SP00200" WIDTH="0" HPOS="0" VPOS="0" />
            <String ID="P1_S00222" HPOS="646" VPOS="1766" WIDTH="152" HEIGHT="52" STYLEREFS="StyleId-3" CONTENT="capital" WC="0.9557143" CC="0000003" />
            <SP ID="P1_SP00201" WIDTH="0" HPOS="0" VPOS="0" />
            <String ID="P1_S00223" HPOS="820" VPOS="1764" WIDTH="43" HEIGHT="54" STYLEREFS="StyleId-3" CONTENT="of" WC="1" CC="00" />
            <SP ID="P1_SP00202" WIDTH="0" HPOS="0" VPOS="0" />
            <String ID="P1_S00224" HPOS="885" VPOS="1763" WIDTH="73" HEIGHT="55" STYLEREFS="StyleId-3" CONTENT="the" WC="0.87" CC="030" />
            <SP ID="P1_SP00203" WIDTH="0" HPOS="0" VPOS="0" />
            <String ID="P1_S00225" HPOS="979" VPOS="1761" WIDTH="158" HEIGHT="57" STYLEREFS="StyleId-3" CONTENT="nation." WC="0.9028571" CC="0004002" />
            <SP ID="P1_SP00204" WIDTH="0" HPOS="0" VPOS="0" />
            <String ID="P1_S00226" HPOS="1197" VPOS="1758" WIDTH="141" HEIGHT="60" STYLEREFS="StyleId-3" CONTENT="Every" WC="1" CC="00000" />
            <SP ID="P1_SP00205" WIDTH="0" HPOS="0" VPOS="0" />
            <String ID="P1_S00227" HPOS="1361" VPOS="1753" WIDTH="122" HEIGHT="65" STYLEREFS="StyleId-3" CONTENT="social" WC="0.905" CC="500000" />
            <SP ID="P1_SP00206" WIDTH="0" HPOS="0" VPOS="0" />
            <String ID="P1_S00228" HPOS="1518" VPOS="1765" WIDTH="46" HEIGHT="53" STYLEREFS="StyleId-3" CONTENT="or" WC="0.73" CC="05" />
            <SP ID="P1_SP00207" WIDTH="0" HPOS="0" VPOS="0" />
            <String ID="P1_S00229" HPOS="1585" VPOS="1749" WIDTH="183" HEIGHT="69" STYLEREFS="StyleId-3" CONTENT="political" WC="0.8333333" CC="004042004" />
            <SP ID="P1_SP00208" WIDTH="0" HPOS="0" VPOS="0" />
            <String ID="P1_S00230" HPOS="1802" VPOS="1745" WIDTH="273" HEIGHT="73" STYLEREFS="StyleId-3" CONTENT="disturbance" WC="0.867272735" CC="00062400000" />
            <SP ID="P1_SP00209" WIDTH="0" HPOS="0" VPOS="0" />
            <String ID="P1_S00231" HPOS="2096" VPOS="1744" WIDTH="41" HEIGHT="74" STYLEREFS="StyleId-3" CONTENT="in" WC="0.69" CC="06" />
            <SP ID="P1_SP00210" WIDTH="0" HPOS="0" VPOS="0" />
            <String ID="P1_S00232" HPOS="2158" VPOS="1744" WIDTH="74" HEIGHT="74" STYLEREFS="StyleId-3" CONTENT="the" WC="0.9533333" CC="010" />
          </TextLine>
          <TextLine ID="P1_TL00022" HPOS="553" VPOS="1832" WIDTH="1677" HEIGHT="28">
            <String ID="P1_S00233" HPOS="553" VPOS="1833" WIDTH="137" HEIGHT="40" STYLEREFS="StyleId-3" CONTENT="South" WC="0.802" CC="00405" />
            <SP ID="P1_SP00211" WIDTH="0" HPOS="0" VPOS="0" />
            <String ID="P1_S00234" HPOS="707" VPOS="1832" WIDTH="35" HEIGHT="41" STYLEREFS="StyleId-3" CONTENT="is" WC="1" CC="00" />
            <SP ID="P1_SP00212" WIDTH="0" HPOS="0" VPOS="0" />
            <String ID="P1_S00235" HPOS="764" VPOS="1841" WIDTH="97" HEIGHT="32" STYLEREFS="StyleId-3" CONTENT="sure" WC="0.75" CC="5500" />
            <SP ID="P1_SP00213" WIDTH="0" HPOS="0" VPOS="0" />
            <String ID="P1_S00236" HPOS="882" VPOS="1835" WIDTH="43" HEIGHT="38" STYLEREFS="StyleId-3" CONTENT="to" WC="0.72" CC="50" />
            <SP ID="P1_SP00214" WIDTH="0" HPOS="0" VPOS="0" />
            <String ID="P1_S00237" HPOS="946" VPOS="1827" WIDTH="124" HEIGHT="49" STYLEREFS="StyleId-3" CONTENT="bring" WC="0.816" CC="04040" />
            <SP ID="P1_SP00215" WIDTH="0" HPOS="0" VPOS="0" />
            <String ID="P1_S00238" HPOS="1090" VPOS="1822" WIDTH="155" HEIGHT="54" STYLEREFS="StyleId-3" CONTENT="afresh" WC="0.821666658" CC="041004" />
            <SP ID="P1_SP00216" WIDTH="0" HPOS="0" VPOS="0" />
            <String ID="P1_S00239" HPOS="1268" VPOS="1831" WIDTH="114" HEIGHT="45" STYLEREFS="StyleId-3" CONTENT="wave" WC="1" CC="0000" />
            <SP ID="P1_SP00217" WIDTH="0" HPOS="0" VPOS="0" />
            <String ID="P1_S00240" HPOS="1403" VPOS="1818" WIDTH="44" HEIGHT="58" STYLEREFS="StyleId-3" CONTENT="of" WC="0.74" CC="05" />
            <SP ID="P1_SP00218" WIDTH="0" HPOS="0" VPOS="0" />
            <String ID="P1_S00241" HPOS="1469" VPOS="1818" WIDTH="145" HEIGHT="58" STYLEREFS="StyleId-3" CONTENT="Negro" WC="1" CC="00000" />
            <SP ID="P1_SP00219" WIDTH="0" HPOS="0" VPOS="0" />
            <String ID="P1_S00242" HPOS="1635" VPOS="1813" WIDTH="265" HEIGHT="63" STYLEREFS="StyleId-3" CONTENT="immigrants" WC="0.855" CC="0000006700" />
            <SP ID="P1_SP00220" WIDTH="0" HPOS="0" VPOS="0" />
            <String ID="P1_S00243" HPOS="1917" VPOS="1811" WIDTH="89" HEIGHT="65" STYLEREFS="StyleId-3" CONTENT="into" WC="0.7775" CC="0800" />
            <SP ID="P1_SP00221" WIDTH="0" HPOS="0" VPOS="0" />
            <String ID="P1_S00244" HPOS="2027" VPOS="1808" WIDTH="84" HEIGHT="68" STYLEREFS="StyleId-3" CONTENT="this" WC="0.8525" CC="0500" />
            <SP ID="P1_SP00222" WIDTH="0" HPOS="0" VPOS="0" />
            <String ID="P1_S00245" HPOS="2131" VPOS="1808" WIDTH="99" HEIGHT="68" STYLEREFS="StyleId-3" CONTENT="city," WC="0.894" CC="02200" />
          </TextLine>
          <TextLine ID="P1_TL00023" HPOS="550" VPOS="1895" WIDTH="1682" HEIGHT="28">
            <String ID="P1_S00246" HPOS="551" VPOS="1912" WIDTH="45" HEIGHT="25" STYLEREFS="StyleId-3" CONTENT="as" WC="1" CC="00" />
            <SP ID="P1_SP00223" WIDTH="0" HPOS="0" VPOS="0" />
            <String ID="P1_S00247" HPOS="619" VPOS="1897" WIDTH="72" HEIGHT="40" STYLEREFS="StyleId-3" CONTENT="the" WC="0.68" CC="360" />
            <SP ID="P1_SP00224" WIDTH="0" HPOS="0" VPOS="0" />
            <String ID="P1_S00248" HPOS="713" VPOS="1896" WIDTH="91" HEIGHT="41" STYLEREFS="StyleId-3" CONTENT="first" WC="0.922" CC="00003" />
            <SP ID="P1_SP00225" WIDTH="0" HPOS="0" VPOS="0" />
            <String ID="P1_S00249" HPOS="827" VPOS="1892" WIDTH="200" HEIGHT="51" STYLEREFS="StyleId-3" CONTENT="stopping" WC="0.86875" CC="01000350" />
            <SP ID="P1_SP00226" WIDTH="0" HPOS="0" VPOS="0" />
            <String ID="P1_S00250" HPOS="1047" VPOS="1890" WIDTH="117" HEIGHT="53" STYLEREFS="StyleId-3" CONTENT="place" WC="0.782" CC="06004" />
            <SP ID="P1_SP00227" WIDTH="0" HPOS="0" VPOS="0" />
            <String ID="P1_S00251" HPOS="1185" VPOS="1900" WIDTH="53" HEIGHT="43" STYLEREFS="StyleId-3" CONTENT="on" WC="1" CC="00" />
            <SP ID="P1_SP00228" WIDTH="0" HPOS="0" VPOS="0" />
            <String ID="P1_S00252" HPOS="1260" VPOS="1885" WIDTH="109" HEIGHT="58" STYLEREFS="StyleId-3" CONTENT="their" WC="0.806" CC="36000" />
            <SP ID="P1_SP00229" WIDTH="0" HPOS="0" VPOS="0" />
            <String ID="P1_S00253" HPOS="1390" VPOS="1895" WIDTH="89" HEIGHT="48" STYLEREFS="StyleId-3" CONTENT="way" WC="1" CC="000" />
            <SP ID="P1_SP00230" WIDTH="0" HPOS="0" VPOS="0" />
            <String ID="P1_S00254" HPOS="1500" VPOS="1888" WIDTH="45" HEIGHT="55" STYLEREFS="StyleId-3" CONTENT="to" WC="0.745" CC="05" />
            <SP ID="P1_SP00231" WIDTH="0" HPOS="0" VPOS="0" />
            <String ID="P1_S00255" HPOS="1574" VPOS="1880" WIDTH="73" HEIGHT="63" STYLEREFS="StyleId-3" CONTENT="the" WC="0.7966667" CC="060" />
            <SP ID="P1_SP00232" WIDTH="0" HPOS="0" VPOS="0" />
            <String ID="P1_S00256" HPOS="1687" VPOS="1875" WIDTH="154" HEIGHT="68" STYLEREFS="StyleId-3" CONTENT="North." WC="0.9066667" CC="030020" />
            <SP ID="P1_SP00233" WIDTH="0" HPOS="0" VPOS="0" />
            <String ID="P1_S00257" HPOS="1916" VPOS="1874" WIDTH="93" HEIGHT="69" STYLEREFS="StyleId-3" CONTENT="The" WC="0.79" CC="060" />
            <SP ID="P1_SP00234" WIDTH="0" HPOS="0" VPOS="0" />
            <String ID="P1_S00258" HPOS="2040" VPOS="1873" WIDTH="192" HEIGHT="70" STYLEREFS="StyleId-3" CONTENT="feeblest," WC="0.9022222" CC="400040000" />
          </TextLine>
          <TextLine ID="P1_TL00024" HPOS="552" VPOS="1960" WIDTH="1681" HEIGHT="28">
            <String ID="P1_S00259" HPOS="553" VPOS="1963" WIDTH="82" HEIGHT="39" STYLEREFS="StyleId-3" CONTENT="and" WC="0.9" CC="030" />
            <SP ID="P1_SP00235" WIDTH="0" HPOS="0" VPOS="0" />
            <String ID="P1_S00260" HPOS="649" VPOS="1967" WIDTH="111" HEIGHT="35" STYLEREFS="StyleId-3" CONTENT="most" WC="0.9425" CC="0020" />
            <SP ID="P1_SP00236" WIDTH="0" HPOS="0" VPOS="0" />
            <String ID="P1_S00261" HPOS="973" VPOS="1954" WIDTH="86" HEIGHT="48" STYLEREFS="StyleId-3" CONTENT="helpless,find" WC="0.9053846" CC="0020400030020" />
            <SP ID="P1_SP00237" WIDTH="0" HPOS="0" VPOS="0" />
            <String ID="P1_S00262" HPOS="1071" VPOS="1951" WIDTH="256" HEIGHT="51" STYLEREFS="StyleId-3" CONTENT="themselves" WC="0.815" CC="5007000004" />
            <SP ID="P1_SP00238" WIDTH="0" HPOS="0" VPOS="0" />
            <String ID="P1_S00263" HPOS="1343" VPOS="1946" WIDTH="199" HEIGHT="56" STYLEREFS="StyleId-3" CONTENT="stranded" WC="0.90375" CC="20500000" />
            <SP ID="P1_SP00239" WIDTH="0" HPOS="0" VPOS="0" />
            <String ID="P1_S00264" HPOS="1553" VPOS="1943" WIDTH="82" HEIGHT="59" STYLEREFS="StyleId-3" CONTENT="and" WC="1" CC="000" />
            <SP ID="P1_SP00240" WIDTH="0" HPOS="0" VPOS="0" />
            <String ID="P1_S00265" HPOS="1647" VPOS="1941" WIDTH="152" HEIGHT="61" STYLEREFS="StyleId-3" CONTENT="unable" WC="0.9166667" CC="010030" />
            <SP ID="P1_SP00241" WIDTH="0" HPOS="0" VPOS="0" />
            <String ID="P1_S00266" HPOS="1811" VPOS="1946" WIDTH="44" HEIGHT="56" STYLEREFS="StyleId-3" CONTENT="to" WC="0.69" CC="60" />
            <SP ID="P1_SP00242" WIDTH="0" HPOS="0" VPOS="0" />
            <String ID="P1_S00267" HPOS="1863" VPOS="1938" WIDTH="179" HEIGHT="64" STYLEREFS="StyleId-3" CONTENT="proceed" WC="1" CC="0000000" />
            <SP ID="P1_SP00243" WIDTH="0" HPOS="0" VPOS="0" />
            <String ID="P1_S00268" HPOS="2056" VPOS="1937" WIDTH="177" HEIGHT="65" STYLEREFS="StyleId-3" CONTENT="further," WC="0.76625" CC="25204003" />
          </TextLine>
          <TextLine ID="P1_TL00025" HPOS="554" VPOS="2024" WIDTH="1684" HEIGHT="28">
            <String ID="P1_S00269" HPOS="555" VPOS="2028" WIDTH="82" HEIGHT="39" STYLEREFS="StyleId-3" CONTENT="and" WC="0.7966667" CC="060" />
            <SP ID="P1_SP00244" WIDTH="0" HPOS="0" VPOS="0" />
            <String ID="P1_S00270" HPOS="660" VPOS="2025" WIDTH="126" HEIGHT="42" STYLEREFS="StyleId-3" CONTENT="settle" WC="0.87833333" CC="001500" />
            <SP ID="P1_SP00245" WIDTH="0" HPOS="0" VPOS="0" />
            <String ID="P1_S00271" HPOS="805" VPOS="2023" WIDTH="124" HEIGHT="44" STYLEREFS="StyleId-3" CONTENT="down" WC="0.9575" CC="0001" />
            <SP ID="P1_SP00246" WIDTH="0" HPOS="0" VPOS="0" />
            <String ID="P1_S00272" HPOS="950" VPOS="2033" WIDTH="45" HEIGHT="34" STYLEREFS="StyleId-3" CONTENT="as" WC="1" CC="00" />
            <SP ID="P1_SP00247" WIDTH="0" HPOS="0" VPOS="0" />
            <String ID="P1_S00273" HPOS="1012" VPOS="2032" WIDTH="24" HEIGHT="35" STYLEREFS="StyleId-3" CONTENT="a" WC="1" CC="0" />
            <SP ID="P1_SP00248" WIDTH="0" HPOS="0" VPOS="0" />
            <String ID="P1_S00274" HPOS="1048" VPOS="2024" WIDTH="93" HEIGHT="46" STYLEREFS="StyleId-3" CONTENT="part" WC="0.6975" CC="0506" />
            <SP ID="P1_SP00249" WIDTH="0" HPOS="0" VPOS="0" />
            <String ID="P1_S00275" HPOS="1158" VPOS="2016" WIDTH="44" HEIGHT="54" STYLEREFS="StyleId-3" CONTENT="of" WC="1" CC="00" />
            <SP ID="P1_SP00250" WIDTH="0" HPOS="0" VPOS="0" />
            <String ID="P1_S00276" HPOS="1219" VPOS="2015" WIDTH="72" HEIGHT="55" STYLEREFS="StyleId-3" CONTENT="the" WC="0.696666658" CC="260" />
            <SP ID="P1_SP00251" WIDTH="0" HPOS="0" VPOS="0" />
            <String ID="P1_S00277" HPOS="1306" VPOS="2013" WIDTH="105" HEIGHT="57" STYLEREFS="StyleId-3" CONTENT="dark" WC="1" CC="0000" />
            <SP ID="P1_SP00252" WIDTH="0" HPOS="0" VPOS="0" />
            <String ID="P1_S00278" HPOS="1431" VPOS="2010" WIDTH="81" HEIGHT="60" STYLEREFS="StyleId-3" CONTENT="and" WC="0.96" CC="010" />
            <SP ID="P1_SP00253" WIDTH="0" HPOS="0" VPOS="0" />
            <String ID="P1_S00279" HPOS="1527" VPOS="2009" WIDTH="151" HEIGHT="61" STYLEREFS="StyleId-3" CONTENT="nether" WC="0.9316667" CC="000400" />
            <SP ID="P1_SP00254" WIDTH="0" HPOS="0" VPOS="0" />
            <String ID="P1_S00280" HPOS="1697" VPOS="2006" WIDTH="72" HEIGHT="64" STYLEREFS="StyleId-3" CONTENT="life" WC="0.9425" CC="0020" />
            <SP ID="P1_SP00255" WIDTH="0" HPOS="0" VPOS="0" />
            <String ID="P1_S00281" HPOS="1782" VPOS="2005" WIDTH="43" HEIGHT="65" STYLEREFS="StyleId-3" CONTENT="of" WC="1" CC="00" />
            <SP ID="P1_SP00256" WIDTH="0" HPOS="0" VPOS="0" />
            <String ID="P1_S00282" HPOS="1840" VPOS="2005" WIDTH="72" HEIGHT="65" STYLEREFS="StyleId-3" CONTENT="the" WC="0.9033333" CC="200" />
            <SP ID="P1_SP00257" WIDTH="0" HPOS="0" VPOS="0" />
            <String ID="P1_S00283" HPOS="1933" VPOS="2003" WIDTH="184" HEIGHT="67" STYLEREFS="StyleId-3" CONTENT="national" WC="0.73625" CC="20030706" />
            <SP ID="P1_SP00258" WIDTH="0" HPOS="0" VPOS="0" />
            <String ID="P1_S00284" HPOS="2130" VPOS="2001" WIDTH="108" HEIGHT="69" STYLEREFS="StyleId-3" CONTENT="capi¬" WC="0.928" CC="00020" />
          </TextLine>
          <TextLine ID="P1_TL00026" HPOS="555" VPOS="2089" WIDTH="1683" HEIGHT="29">
            <String ID="P1_S00285" HPOS="556" VPOS="2092" WIDTH="69" HEIGHT="40" STYLEREFS="StyleId-3" CONTENT="tal." WC="0.92" CC="0030" />
            <SP ID="P1_SP00259" WIDTH="0" HPOS="0" VPOS="0" />
            <String ID="P1_S00286" HPOS="648" VPOS="2091" WIDTH="94" HEIGHT="41" STYLEREFS="StyleId-3" CONTENT="The" WC="1" CC="000" />
            <SP ID="P1_SP00260" WIDTH="0" HPOS="0" VPOS="0" />
            <String ID="P1_S00287" HPOS="758" VPOS="2089" WIDTH="145" HEIGHT="48" STYLEREFS="StyleId-3" CONTENT="Negro" WC="1" CC="00000" />
            <SP ID="P1_SP00261" WIDTH="0" HPOS="0" VPOS="0" />
            <String ID="P1_S00288" HPOS="920" VPOS="2083" WIDTH="244" HEIGHT="54" STYLEREFS="StyleId-3" CONTENT="population" WC="0.958" CC="0000030000" />
            <SP ID="P1_SP00262" WIDTH="0" HPOS="0" VPOS="0" />
            <String ID="P1_S00289" HPOS="1181" VPOS="2081" WIDTH="44" HEIGHT="56" STYLEREFS="StyleId-3" CONTENT="of" WC="0.74" CC="32" />
            <SP ID="P1_SP00263" WIDTH="0" HPOS="0" VPOS="0" />
            <String ID="P1_S00290" HPOS="1239" VPOS="2078" WIDTH="284" HEIGHT="59" STYLEREFS="StyleId-3" CONTENT="Washington" WC="0.828" CC="0007040006" />
            <SP ID="P1_SP00264" WIDTH="0" HPOS="0" VPOS="0" />
            <String ID="P1_S00291" HPOS="1537" VPOS="2075" WIDTH="34" HEIGHT="62" STYLEREFS="StyleId-3" CONTENT="is" WC="1" CC="00" />
            <SP ID="P1_SP00265" WIDTH="0" HPOS="0" VPOS="0" />
            <String ID="P1_S00292" HPOS="1583" VPOS="2071" WIDTH="168" HEIGHT="66" STYLEREFS="StyleId-3" CONTENT="divided" WC="1" CC="0000000" />
            <SP ID="P1_SP00266" WIDTH="0" HPOS="0" VPOS="0" />
            <String ID="P1_S00293" HPOS="1773" VPOS="2071" WIDTH="88" HEIGHT="66" STYLEREFS="StyleId-3" CONTENT="into" WC="0.7975" CC="0430" />
            <SP ID="P1_SP00267" WIDTH="0" HPOS="0" VPOS="0" />
            <String ID="P1_S00294" HPOS="1875" VPOS="2075" WIDTH="83" HEIGHT="62" STYLEREFS="StyleId-3" CONTENT="two" WC="0.8" CC="600" />
            <SP ID="P1_SP00268" WIDTH="0" HPOS="0" VPOS="0" />
            <String ID="P1_S00295" HPOS="1979" VPOS="2067" WIDTH="171" HEIGHT="70" STYLEREFS="StyleId-3" CONTENT="sharply" WC="0.8042857" CC="0402060" />
            <SP ID="P1_SP00269" WIDTH="0" HPOS="0" VPOS="0" />
            <String ID="P1_S00296" HPOS="2170" VPOS="2067" WIDTH="68" HEIGHT="70" STYLEREFS="StyleId-3" CONTENT="de¬" WC="1" CC="000" />
          </TextLine>
          <TextLine ID="P1_TL00027" HPOS="559" VPOS="2154" WIDTH="1678" HEIGHT="27">
            <String ID="P1_S00297" HPOS="559" VPOS="2156" WIDTH="113" HEIGHT="39" STYLEREFS="StyleId-3" CONTENT="fined" WC="0.722" CC="44400" />
            <SP ID="P1_SP00270" WIDTH="0" HPOS="0" VPOS="0" />
            <String ID="P1_S00298" HPOS="706" VPOS="2154" WIDTH="169" HEIGHT="45" STYLEREFS="StyleId-3" CONTENT="classes," WC="0.8775" CC="05000004" />
            <SP ID="P1_SP00271" WIDTH="0" HPOS="0" VPOS="0" />
            <String ID="P1_S00299" HPOS="900" VPOS="2150" WIDTH="71" HEIGHT="49" STYLEREFS="StyleId-3" CONTENT="the" WC="0.9" CC="300" />
            <SP ID="P1_SP00272" WIDTH="0" HPOS="0" VPOS="0" />
            <String ID="P1_S00300" HPOS="993" VPOS="2160" WIDTH="133" HEIGHT="39" STYLEREFS="StyleId-3" CONTENT="upper" WC="0.988" CC="00000" />
            <SP ID="P1_SP00273" WIDTH="0" HPOS="0" VPOS="0" />
            <String ID="P1_S00301" HPOS="1147" VPOS="2153" WIDTH="72" HEIGHT="46" STYLEREFS="StyleId-3" CONTENT="ten" WC="0.89" CC="300" />
            <SP ID="P1_SP00274" WIDTH="0" HPOS="0" VPOS="0" />
            <String ID="P1_S00302" HPOS="1246" VPOS="2143" WIDTH="82" HEIGHT="56" STYLEREFS="StyleId-3" CONTENT="and" WC="1" CC="000" />
            <SP ID="P1_SP00275" WIDTH="0" HPOS="0" VPOS="0" />
            <String ID="P1_S00303" HPOS="1351" VPOS="2142" WIDTH="72" HEIGHT="57" STYLEREFS="StyleId-3" CONTENT="the" WC="0.8233333" CC="140" />
            <SP ID="P1_SP00276" WIDTH="0" HPOS="0" VPOS="0" />
            <String ID="P1_S00304" HPOS="1444" VPOS="2140" WIDTH="127" HEIGHT="59" STYLEREFS="StyleId-3" CONTENT="lower" WC="0.97" CC="10000" />
            <SP ID="P1_SP00277" WIDTH="0" HPOS="0" VPOS="0" />
            <String ID="P1_S00305" HPOS="1604" VPOS="2137" WIDTH="161" HEIGHT="62" STYLEREFS="StyleId-3" CONTENT="ninety." WC="0.95" CC="2000000" />
            <SP ID="P1_SP00278" WIDTH="0" HPOS="0" VPOS="0" />
            <String ID="P1_S00306" HPOS="1823" VPOS="2134" WIDTH="94" HEIGHT="65" STYLEREFS="StyleId-3" CONTENT="The" WC="0.9266667" CC="020" />
            <SP ID="P1_SP00279" WIDTH="0" HPOS="0" VPOS="0" />
            <String ID="P1_S00307" HPOS="1954" VPOS="2137" WIDTH="283" HEIGHT="62" STYLEREFS="StyleId-3" CONTENT="government" WC="0.951" CC="0000040000" />
          </TextLine>
          <TextLine ID="P1_TL00028" HPOS="559" VPOS="2218" WIDTH="1682" HEIGHT="27">
            <String ID="P1_S00308" HPOS="560" VPOS="2220" WIDTH="150" HEIGHT="47" STYLEREFS="StyleId-3" CONTENT="clerks," WC="0.941428542" CC="0000003" />
            <SP ID="P1_SP00280" WIDTH="0" HPOS="0" VPOS="0" />
            <String ID="P1_S00309" HPOS="734" VPOS="2216" WIDTH="144" HEIGHT="51" STYLEREFS="StyleId-3" CONTENT="school" WC="0.9266667" CC="000003" />
            <SP ID="P1_SP00281" WIDTH="0" HPOS="0" VPOS="0" />
            <String ID="P1_S00310" HPOS="900" VPOS="2213" WIDTH="207" HEIGHT="54" STYLEREFS="StyleId-3" CONTENT="teachers," WC="0.894444466" CC="500040000" />
            <SP ID="P1_SP00282" WIDTH="0" HPOS="0" VPOS="0" />
            <String ID="P1_S00311" HPOS="1130" VPOS="2206" WIDTH="277" HEIGHT="61" STYLEREFS="StyleId-3" CONTENT="professional" WC="0.980833352" CC="000000000200" />
            <SP ID="P1_SP00283" WIDTH="0" HPOS="0" VPOS="0" />
            <String ID="P1_S00312" HPOS="1428" VPOS="2204" WIDTH="81" HEIGHT="63" STYLEREFS="StyleId-3" CONTENT="and" WC="0.64" CC="820" />
            <SP ID="P1_SP00284" WIDTH="0" HPOS="0" VPOS="0" />
            <String ID="P1_S00313" HPOS="1531" VPOS="2202" WIDTH="195" HEIGHT="65" STYLEREFS="StyleId-3" CONTENT="business" WC="0.87375" CC="03023000" />
            <SP ID="P1_SP00285" WIDTH="0" HPOS="0" VPOS="0" />
            <String ID="P1_S00314" HPOS="1747" VPOS="2211" WIDTH="110" HEIGHT="56" STYLEREFS="StyleId-3" CONTENT="men," WC="0.885" CC="0004" />
            <SP ID="P1_SP00286" WIDTH="0" HPOS="0" VPOS="0" />
            <String ID="P1_S00315" HPOS="1879" VPOS="2197" WIDTH="101" HEIGHT="70" STYLEREFS="StyleId-3" CONTENT="with" WC="0.8475" CC="0006" />
            <SP ID="P1_SP00287" WIDTH="0" HPOS="0" VPOS="0" />
            <String ID="P1_S00316" HPOS="2002" VPOS="2196" WIDTH="110" HEIGHT="71" STYLEREFS="StyleId-3" CONTENT="their" WC="0.812" CC="04040" />
            <SP ID="P1_SP00288" WIDTH="0" HPOS="0" VPOS="0" />
            <String ID="P1_S00317" HPOS="2124" VPOS="2195" WIDTH="117" HEIGHT="72" STYLEREFS="StyleId-3" CONTENT="fami¬" WC="0.96" CC="20000" />
          </TextLine>
          <TextLine ID="P1_TL00029" HPOS="561" VPOS="2280" WIDTH="1678" HEIGHT="19">
            <String ID="P1_S00318" HPOS="561" VPOS="2287" WIDTH="75" HEIGHT="38" STYLEREFS="StyleId-3" CONTENT="lies" WC="1" CC="0000" />
            <SP ID="P1_SP00289" WIDTH="0" HPOS="0" VPOS="0" />
            <String ID="P1_S00319" HPOS="653" VPOS="2283" WIDTH="80" HEIGHT="42" STYLEREFS="StyleId-3" CONTENT="and" WC="0.9433333" CC="010" />
            <SP ID="P1_SP00290" WIDTH="0" HPOS="0" VPOS="0" />
            <String ID="P1_S00320" HPOS="757" VPOS="2281" WIDTH="109" HEIGHT="44" STYLEREFS="StyleId-3" CONTENT="their" WC="0.878" CC="06000" />
            <SP ID="P1_SP00291" WIDTH="0" HPOS="0" VPOS="0" />
            <String ID="P1_S00321" HPOS="887" VPOS="2277" WIDTH="275" HEIGHT="48" STYLEREFS="StyleId-3" CONTENT="connections" WC="0.848181844" CC="08060000001" />
            <SP ID="P1_SP00292" WIDTH="0" HPOS="0" VPOS="0" />
            <String ID="P1_S00322" HPOS="1183" VPOS="2268" WIDTH="233" HEIGHT="57" STYLEREFS="StyleId-3" CONTENT="constitute" WC="0.701" CC="0000774630" />
            <SP ID="P1_SP00293" WIDTH="0" HPOS="0" VPOS="0" />
            <String ID="P1_S00323" HPOS="1436" VPOS="2282" WIDTH="24" HEIGHT="43" STYLEREFS="StyleId-3" CONTENT="a" WC="1" CC="0" />
            <SP ID="P1_SP00294" WIDTH="0" HPOS="0" VPOS="0" />
            <String ID="P1_S00324" HPOS="1480" VPOS="2268" WIDTH="108" HEIGHT="57" STYLEREFS="StyleId-3" CONTENT="class" WC="0.956" CC="02000" />
            <SP ID="P1_SP00295" WIDTH="0" HPOS="0" VPOS="0" />
            <String ID="P1_S00325" HPOS="1608" VPOS="2266" WIDTH="45" HEIGHT="59" STYLEREFS="StyleId-3" CONTENT="of" WC="0.63" CC="42" />
            <SP ID="P1_SP00296" WIDTH="0" HPOS="0" VPOS="0" />
            <String ID="P1_S00326" HPOS="1673" VPOS="2262" WIDTH="290" HEIGHT="63" STYLEREFS="StyleId-3" CONTENT="considerable" WC="0.933333337" CC="000040000011" />
            <SP ID="P1_SP00297" WIDTH="0" HPOS="0" VPOS="0" />
            <String ID="P1_S00327" HPOS="1983" VPOS="2261" WIDTH="152" HEIGHT="64" STYLEREFS="StyleId-3" CONTENT="wealth" WC="0.87" CC="000033" />
            <SP ID="P1_SP00298" WIDTH="0" HPOS="0" VPOS="0" />
            <String ID="P1_S00328" HPOS="2156" VPOS="2260" WIDTH="83" HEIGHT="65" STYLEREFS="StyleId-3" CONTENT="and" WC="1" CC="000" />
          </TextLine>
          <TextLine ID="P1_TL00030" HPOS="561" VPOS="2347" WIDTH="1679" HEIGHT="26">
            <String ID="P1_S00329" HPOS="562" VPOS="2351" WIDTH="176" HEIGHT="45" STYLEREFS="StyleId-3" CONTENT="culture," WC="0.9275" CC="00010003" />
            <SP ID="P1_SP00299" WIDTH="0" HPOS="0" VPOS="0" />
            <String ID="P1_S00330" HPOS="762" VPOS="2346" WIDTH="93" HEIGHT="50" STYLEREFS="StyleId-3" CONTENT="who" WC="1" CC="000" />
            <SP ID="P1_SP00300" WIDTH="0" HPOS="0" VPOS="0" />
            <String ID="P1_S00331" HPOS="877" VPOS="2343" WIDTH="200" HEIGHT="53" STYLEREFS="StyleId-3" CONTENT="cultivate" WC="0.913333356" CC="001300020" />
            <SP ID="P1_SP00301" WIDTH="0" HPOS="0" VPOS="0" />
            <String ID="P1_S00332" HPOS="1099" VPOS="2340" WIDTH="73" HEIGHT="56" STYLEREFS="StyleId-3" CONTENT="the" WC="0.75666666" CC="070" />
            <SP ID="P1_SP00302" WIDTH="0" HPOS="0" VPOS="0" />
            <String ID="P1_S00333" HPOS="1194" VPOS="2337" WIDTH="126" HEIGHT="59" STYLEREFS="StyleId-3" CONTENT="social" WC="0.845" CC="000233" />
            <SP ID="P1_SP00303" WIDTH="0" HPOS="0" VPOS="0" />
            <String ID="P1_S00334" HPOS="1340" VPOS="2346" WIDTH="149" HEIGHT="50" STYLEREFS="StyleId-3" CONTENT="graces" WC="1" CC="000000" />
            <SP ID="P1_SP00304" WIDTH="0" HPOS="0" VPOS="0" />
            <String ID="P1_S00335" HPOS="1521" VPOS="2332" WIDTH="83" HEIGHT="64" STYLEREFS="StyleId-3" CONTENT="and" WC="0.7966667" CC="060" />
            <SP ID="P1_SP00305" WIDTH="0" HPOS="0" VPOS="0" />
            <String ID="P1_S00336" HPOS="1636" VPOS="2328" WIDTH="160" HEIGHT="68" STYLEREFS="StyleId-3" CONTENT="refined" WC="0.982857168" CC="0000000" />
            <SP ID="P1_SP00306" WIDTH="0" HPOS="0" VPOS="0" />
            <String ID="P1_S00337" HPOS="1835" VPOS="2326" WIDTH="222" HEIGHT="70" STYLEREFS="StyleId-3" CONTENT="amenities" WC="0.913333356" CC="000205000" />
            <SP ID="P1_SP00307" WIDTH="0" HPOS="0" VPOS="0" />
            <String ID="P1_S00338" HPOS="2091" VPOS="2325" WIDTH="44" HEIGHT="71" STYLEREFS="StyleId-3" CONTENT="of" WC="0.94" CC="01" />
            <SP ID="P1_SP00308" WIDTH="0" HPOS="0" VPOS="0" />
            <String ID="P1_S00339" HPOS="2155" VPOS="2325" WIDTH="85" HEIGHT="71" STYLEREFS="StyleId-3" CONTENT="life." WC="0.826" CC="50300" />
          </TextLine>
          <TextLine ID="P1_TL00031" HPOS="563" VPOS="2412" WIDTH="1679" HEIGHT="27">
            <String ID="P1_S00340" HPOS="563" VPOS="2417" WIDTH="84" HEIGHT="38" STYLEREFS="StyleId-3" CONTENT="But" WC="0.81" CC="023" />
            <SP ID="P1_SP00309" WIDTH="0" HPOS="0" VPOS="0" />
            <String ID="P1_S00341" HPOS="668" VPOS="2415" WIDTH="30" HEIGHT="40" STYLEREFS="StyleId-3" CONTENT="it" WC="0.835" CC="03" />
            <SP ID="P1_SP00310" WIDTH="0" HPOS="0" VPOS="0" />
            <String ID="P1_S00342" HPOS="720" VPOS="2413" WIDTH="34" HEIGHT="42" STYLEREFS="StyleId-3" CONTENT="is" WC="0.935" CC="00" />
            <SP ID="P1_SP00311" WIDTH="0" HPOS="0" VPOS="0" />
            <String ID="P1_S00343" HPOS="774" VPOS="2408" WIDTH="255" HEIGHT="49" STYLEREFS="StyleId-3" CONTENT="distressing" WC="0.8172727" CC="010100000710" />
            <SP ID="P1_SP00312" WIDTH="0" HPOS="0" VPOS="0" />
            <String ID="P1_S00344" HPOS="1060" VPOS="2412" WIDTH="45" HEIGHT="45" STYLEREFS="StyleId-3" CONTENT="to" WC="1" CC="00" />
            <SP ID="P1_SP00313" WIDTH="0" HPOS="0" VPOS="0" />
            <String ID="P1_S00345" HPOS="1140" VPOS="2402" WIDTH="285" HEIGHT="55" STYLEREFS="StyleId-3" CONTENT="contemplate" WC="0.9145455" CC="00000003060" />
            <SP ID="P1_SP00314" WIDTH="0" HPOS="0" VPOS="0" />
            <String ID="P1_S00346" HPOS="1456" VPOS="2399" WIDTH="94" HEIGHT="58" STYLEREFS="StyleId-3" CONTENT="how" WC="1" CC="000" />
            <SP ID="P1_SP00315" WIDTH="0" HPOS="0" VPOS="0" />
            <String ID="P1_S00347" HPOS="1571" VPOS="2396" WIDTH="73" HEIGHT="61" STYLEREFS="StyleId-3" CONTENT="the" WC="0.85" CC="210" />
            <SP ID="P1_SP00316" WIDTH="0" HPOS="0" VPOS="0" />
            <String ID="P1_S00348" HPOS="1664" VPOS="2394" WIDTH="123" HEIGHT="63" STYLEREFS="StyleId-3" CONTENT="other" WC="0.73" CC="51600" />
            <SP ID="P1_SP00317" WIDTH="0" HPOS="0" VPOS="0" />
            <String ID="P1_S00349" HPOS="1806" VPOS="2392" WIDTH="100" HEIGHT="65" STYLEREFS="StyleId-3" CONTENT="half," WC="0.704" CC="30613" />
            <SP ID="P1_SP00318" WIDTH="0" HPOS="0" VPOS="0" />
            <String ID="P1_S00350" HPOS="1929" VPOS="2403" WIDTH="47" HEIGHT="54" STYLEREFS="StyleId-3" CONTENT="or" WC="0.775" CC="40" />
            <SP ID="P1_SP00319" WIDTH="0" HPOS="0" VPOS="0" />
            <String ID="P1_S00351" HPOS="2005" VPOS="2390" WIDTH="143" HEIGHT="67" STYLEREFS="StyleId-3" CONTENT="rather" WC="0.9216667" CC="000400" />
            <SP ID="P1_SP00320" WIDTH="0" HPOS="0" VPOS="0" />
            <String ID="P1_S00352" HPOS="2169" VPOS="2390" WIDTH="73" HEIGHT="67" STYLEREFS="StyleId-3" CONTENT="the" WC="0.75333333" CC="250" />
          </TextLine>
          <TextLine ID="P1_TL00032" HPOS="564" VPOS="2477" WIDTH="1680" HEIGHT="25">
            <String ID="P1_S00353" HPOS="565" VPOS="2481" WIDTH="122" HEIGHT="38" STYLEREFS="StyleId-3" CONTENT="other" WC="0.972" CC="00001" />
            <SP ID="P1_SP00321" WIDTH="0" HPOS="0" VPOS="0" />
            <String ID="P1_S00354" HPOS="700" VPOS="2473" WIDTH="274" HEIGHT="47" STYLEREFS="StyleId-3" CONTENT="nine-tenths," WC="0.7675" CC="606000055202" />
            <SP ID="P1_SP00322" WIDTH="0" HPOS="0" VPOS="0" />
            <String ID="P1_S00355" HPOS="991" VPOS="2472" WIDTH="116" HEIGHT="48" STYLEREFS="StyleId-3" CONTENT="lives." WC="0.988333344" CC="000000" />
            <SP ID="P1_SP00323" WIDTH="0" HPOS="0" VPOS="0" />
            <String ID="P1_S00356" HPOS="1165" VPOS="2468" WIDTH="141" HEIGHT="52" STYLEREFS="StyleId-3" CONTENT="There" WC="1" CC="00000" />
            <SP ID="P1_SP00324" WIDTH="0" HPOS="0" VPOS="0" />
            <String ID="P1_S00357" HPOS="1327" VPOS="2477" WIDTH="70" HEIGHT="43" STYLEREFS="StyleId-3" CONTENT="are" WC="1" CC="000" />
            <SP ID="P1_SP00325" WIDTH="0" HPOS="0" VPOS="0" />
            <String ID="P1_S00358" HPOS="1412" VPOS="2476" WIDTH="53" HEIGHT="44" STYLEREFS="StyleId-3" CONTENT="no" WC="0.795" CC="40" />
            <SP ID="P1_SP00326" WIDTH="0" HPOS="0" VPOS="0" />
            <String ID="P1_S00359" HPOS="1479" VPOS="2460" WIDTH="248" HEIGHT="60" STYLEREFS="StyleId-3" CONTENT="productive" WC="0.911" CC="0310004000" />
            <SP ID="P1_SP00327" WIDTH="0" HPOS="0" VPOS="0" />
            <String ID="P1_S00360" HPOS="1747" VPOS="2457" WIDTH="228" HEIGHT="63" STYLEREFS="StyleId-3" CONTENT="industries" WC="0.867" CC="0500000602" />
            <SP ID="P1_SP00328" WIDTH="0" HPOS="0" VPOS="0" />
            <String ID="P1_S00361" HPOS="1996" VPOS="2456" WIDTH="41" HEIGHT="64" STYLEREFS="StyleId-3" CONTENT="in" WC="1" CC="00" />
            <SP ID="P1_SP00329" WIDTH="0" HPOS="0" VPOS="0" />
            <String ID="P1_S00362" HPOS="2059" VPOS="2455" WIDTH="73" HEIGHT="65" STYLEREFS="StyleId-3" CONTENT="the" WC="0.8" CC="060" />
            <SP ID="P1_SP00330" WIDTH="0" HPOS="0" VPOS="0" />
            <String ID="P1_S00363" HPOS="2150" VPOS="2455" WIDTH="94" HEIGHT="65" STYLEREFS="StyleId-3" CONTENT="Dis¬" WC="0.9375" CC="2000" />
          </TextLine>
          <TextLine ID="P1_TL00033" HPOS="563" VPOS="2541" WIDTH="1682" HEIGHT="26">
            <String ID="P1_S00364" HPOS="564" VPOS="2546" WIDTH="98" HEIGHT="39" STYLEREFS="StyleId-3" CONTENT="trict" WC="0.888" CC="05000" />
            <SP ID="P1_SP00331" WIDTH="0" HPOS="0" VPOS="0" />
            <String ID="P1_S00365" HPOS="683" VPOS="2542" WIDTH="44" HEIGHT="43" STYLEREFS="StyleId-3" CONTENT="of" WC="0.72" CC="32" />
            <SP ID="P1_SP00332" WIDTH="0" HPOS="0" VPOS="0" />
            <String ID="P1_S00366" HPOS="749" VPOS="2538" WIDTH="234" HEIGHT="47" STYLEREFS="StyleId-3" CONTENT="Columbia." WC="0.8922222" CC="015300000" />
            <SP ID="P1_SP00333" WIDTH="0" HPOS="0" VPOS="0" />
            <String ID="P1_S00367" HPOS="1036" VPOS="2536" WIDTH="94" HEIGHT="49" STYLEREFS="StyleId-3" CONTENT="The" WC="1" CC="000" />
            <SP ID="P1_SP00334" WIDTH="0" HPOS="0" VPOS="0" />
            <String ID="P1_S00368" HPOS="1152" VPOS="2531" WIDTH="213" HEIGHT="54" STYLEREFS="StyleId-3" CONTENT="condition" WC="0.9222222" CC="000002400" />
            <SP ID="P1_SP00335" WIDTH="0" HPOS="0" VPOS="0" />
            <String ID="P1_S00369" HPOS="1386" VPOS="2528" WIDTH="45" HEIGHT="57" STYLEREFS="StyleId-3" CONTENT="of" WC="0.665" CC="15" />
            <SP ID="P1_SP00336" WIDTH="0" HPOS="0" VPOS="0" />
            <String ID="P1_S00370" HPOS="1450" VPOS="2528" WIDTH="123" HEIGHT="57" STYLEREFS="StyleId-3" CONTENT="these" WC="0.97" CC="01000" />
            <SP ID="P1_SP00337" WIDTH="0" HPOS="0" VPOS="0" />
            <String ID="P1_S00371" HPOS="1588" VPOS="2523" WIDTH="149" HEIGHT="62" STYLEREFS="StyleId-3" CONTENT="people" WC="0.91" CC="002020" />
            <SP ID="P1_SP00338" WIDTH="0" HPOS="0" VPOS="0" />
            <String ID="P1_S00372" HPOS="1768" VPOS="2523" WIDTH="34" HEIGHT="62" STYLEREFS="StyleId-3" CONTENT="is" WC="1" CC="00" />
            <SP ID="P1_SP00339" WIDTH="0" HPOS="0" VPOS="0" />
            <String ID="P1_S00373" HPOS="1822" VPOS="2534" WIDTH="46" HEIGHT="51" STYLEREFS="StyleId-3" CONTENT="as" WC="1" CC="00" />
            <SP ID="P1_SP00340" WIDTH="0" HPOS="0" VPOS="0" />
            <String ID="P1_S00374" HPOS="1888" VPOS="2521" WIDTH="172" HEIGHT="64" STYLEREFS="StyleId-3" CONTENT="pitiable" WC="0.8975" CC="03310000" />
            <SP ID="P1_SP00341" WIDTH="0" HPOS="0" VPOS="0" />
            <String ID="P1_S00375" HPOS="2080" VPOS="2520" WIDTH="81" HEIGHT="65" STYLEREFS="StyleId-3" CONTENT="and" WC="0.9033333" CC="020" />
            <SP ID="P1_SP00342" WIDTH="0" HPOS="0" VPOS="0" />
            <String ID="P1_S00376" HPOS="2176" VPOS="2520" WIDTH="69" HEIGHT="65" STYLEREFS="StyleId-3" CONTENT="de¬" WC="1" CC="000" />
          </TextLine>
          <TextLine ID="P1_TL00034" HPOS="565" VPOS="2606" WIDTH="1680" HEIGHT="32">
            <String ID="P1_S00377" HPOS="566" VPOS="2608" WIDTH="187" HEIGHT="55" STYLEREFS="StyleId-3" CONTENT="plorable" WC="0.89125" CC="00520010" />
            <SP ID="P1_SP00343" WIDTH="0" HPOS="0" VPOS="0" />
            <String ID="P1_S00378" HPOS="773" VPOS="2619" WIDTH="46" HEIGHT="44" STYLEREFS="StyleId-3" CONTENT="as" WC="1" CC="00" />
            <SP ID="P1_SP00344" WIDTH="0" HPOS="0" VPOS="0" />
            <String ID="P1_S00379" HPOS="841" VPOS="2617" WIDTH="77" HEIGHT="46" STYLEREFS="StyleId-3" CONTENT="can" WC="0.956666648" CC="001" />
            <SP ID="P1_SP00345" WIDTH="0" HPOS="0" VPOS="0" />
            <String ID="P1_S00380" HPOS="939" VPOS="2602" WIDTH="92" HEIGHT="61" STYLEREFS="StyleId-3" CONTENT="well" WC="0.8425" CC="0006" />
            <SP ID="P1_SP00346" WIDTH="0" HPOS="0" VPOS="0" />
            <String ID="P1_S00381" HPOS="1052" VPOS="2601" WIDTH="53" HEIGHT="62" STYLEREFS="StyleId-3" CONTENT="be" WC="1" CC="00" />
            <SP ID="P1_SP00347" WIDTH="0" HPOS="0" VPOS="0" />
            <String ID="P1_S00382" HPOS="1125" VPOS="2596" WIDTH="225" HEIGHT="67" STYLEREFS="StyleId-3" CONTENT="imagined." WC="1" CC="000000000" />
            <SP ID="P1_SP00348" WIDTH="0" HPOS="0" VPOS="0" />
            <String ID="P1_S00383" HPOS="1408" VPOS="2594" WIDTH="122" HEIGHT="69" STYLEREFS="StyleId-3" CONTENT="They" WC="1" CC="0000" />
            <SP ID="P1_SP00349" WIDTH="0" HPOS="0" VPOS="0" />
            <String ID="P1_S00384" HPOS="1551" VPOS="2603" WIDTH="70" HEIGHT="60" STYLEREFS="StyleId-3" CONTENT="are" WC="1" CC="000" />
            <SP ID="P1_SP00350" WIDTH="0" HPOS="0" VPOS="0" />
            <String ID="P1_S00385" HPOS="1641" VPOS="2588" WIDTH="143" HEIGHT="75" STYLEREFS="StyleId-3" CONTENT="forced" WC="0.95" CC="300000" />
            <SP ID="P1_SP00351" WIDTH="0" HPOS="0" VPOS="0" />
            <String ID="P1_S00386" HPOS="1822" VPOS="2593" WIDTH="43" HEIGHT="70" STYLEREFS="StyleId-3" CONTENT="to" WC="1" CC="00" />
            <SP ID="P1_SP00352" WIDTH="0" HPOS="0" VPOS="0" />
            <String ID="P1_S00387" HPOS="1885" VPOS="2587" WIDTH="81" HEIGHT="76" STYLEREFS="StyleId-3" CONTENT="live" WC="0.98" CC="0000" />
            <SP ID="P1_SP00353" WIDTH="0" HPOS="0" VPOS="0" />
            <String ID="P1_S00388" HPOS="1986" VPOS="2587" WIDTH="40" HEIGHT="76" STYLEREFS="StyleId-3" CONTENT="in" WC="0.63" CC="06" />
            <SP ID="P1_SP00354" WIDTH="0" HPOS="0" VPOS="0" />
            <String ID="P1_S00389" HPOS="2047" VPOS="2585" WIDTH="71" HEIGHT="78" STYLEREFS="StyleId-3" CONTENT="the" WC="0.793333352" CC="041" />
            <SP ID="P1_SP00355" WIDTH="0" HPOS="0" VPOS="0" />
            <String ID="P1_S00390" HPOS="2137" VPOS="2585" WIDTH="108" HEIGHT="78" STYLEREFS="StyleId-3" CONTENT="dens" WC="0.9125" CC="0011" />
          </TextLine>
          <TextLine ID="P1_TL00035" HPOS="566" VPOS="2671" WIDTH="1625" HEIGHT="31">
            <String ID="P1_S00391" HPOS="567" VPOS="2676" WIDTH="81" HEIGHT="39" STYLEREFS="StyleId-3" CONTENT="and" WC="0.783333361" CC="060" />
            <SP ID="P1_SP00356" WIDTH="0" HPOS="0" VPOS="0" />
            <String ID="P1_S00392" HPOS="670" VPOS="2673" WIDTH="131" HEIGHT="51" STYLEREFS="StyleId-3" CONTENT="alleys" WC="0.9766667" CC="001000" />
            <SP ID="P1_SP00357" WIDTH="0" HPOS="0" VPOS="0" />
            <String ID="P1_S00393" HPOS="823" VPOS="2670" WIDTH="139" HEIGHT="54" STYLEREFS="StyleId-3" CONTENT="where" WC="0.926" CC="03000" />
            <SP ID="P1_SP00358" WIDTH="0" HPOS="0" VPOS="0" />
            <String ID="P1_S00394" HPOS="985" VPOS="2667" WIDTH="102" HEIGHT="57" STYLEREFS="StyleId-3" CONTENT="they" WC="0.8325" CC="0600" />
            <SP ID="P1_SP00359" WIDTH="0" HPOS="0" VPOS="0" />
            <String ID="P1_S00395" HPOS="1109" VPOS="2664" WIDTH="79" HEIGHT="60" STYLEREFS="StyleId-3" CONTENT="eke" WC="0.9433333" CC="100" />
            <SP ID="P1_SP00360" WIDTH="0" HPOS="0" VPOS="0" />
            <String ID="P1_S00396" HPOS="1210" VPOS="2669" WIDTH="73" HEIGHT="55" STYLEREFS="StyleId-3" CONTENT="out" WC="0.78" CC="060" />
            <SP ID="P1_SP00361" WIDTH="0" HPOS="0" VPOS="0" />
            <String ID="P1_S00397" HPOS="1304" VPOS="2673" WIDTH="24" HEIGHT="51" STYLEREFS="StyleId-3" CONTENT="a" WC="1" CC="0" />
            <SP ID="P1_SP00362" WIDTH="0" HPOS="0" VPOS="0" />
            <String ID="P1_S00398" HPOS="1348" VPOS="2657" WIDTH="223" HEIGHT="67" STYLEREFS="StyleId-3" CONTENT="miserable" WC="0.937777758" CC="010000040" />
            <SP ID="P1_SP00363" WIDTH="0" HPOS="0" VPOS="0" />
            <String ID="P1_S00399" HPOS="1600" VPOS="2654" WIDTH="82" HEIGHT="70" STYLEREFS="StyleId-3" CONTENT="and" WC="1" CC="000" />
            <SP ID="P1_SP00364" WIDTH="0" HPOS="0" VPOS="0" />
            <String ID="P1_S00400" HPOS="1703" VPOS="2652" WIDTH="240" HEIGHT="72" STYLEREFS="StyleId-3" CONTENT="precarious" WC="0.989" CC="0000000001" />
            <SP ID="P1_SP00365" WIDTH="0" HPOS="0" VPOS="0" />
            <String ID="P1_S00401" HPOS="1963" VPOS="2652" WIDTH="228" HEIGHT="72" STYLEREFS="StyleId-3" CONTENT="existence." WC="0.944" CC="0000100003" />
          </TextLine>
          <TextLine ID="P1_TL00036" HPOS="683" VPOS="2734" WIDTH="1564" HEIGHT="34">
            <String ID="P1_S00402" HPOS="684" VPOS="2740" WIDTH="38" HEIGHT="37" STYLEREFS="StyleId-3" CONTENT="It" WC="0.96" CC="00" />
            <SP ID="P1_SP00366" WIDTH="0" HPOS="0" VPOS="0" />
            <String ID="P1_S00403" HPOS="745" VPOS="2750" WIDTH="77" HEIGHT="27" STYLEREFS="StyleId-3" CONTENT="can" WC="1" CC="000" />
            <SP ID="P1_SP00367" WIDTH="0" HPOS="0" VPOS="0" />
            <String ID="P1_S00404" HPOS="844" VPOS="2735" WIDTH="54" HEIGHT="42" STYLEREFS="StyleId-3" CONTENT="be" WC="1" CC="00" />
            <SP ID="P1_SP00368" WIDTH="0" HPOS="0" VPOS="0" />
            <String ID="P1_S00405" HPOS="920" VPOS="2732" WIDTH="131" HEIGHT="52" STYLEREFS="StyleId-3" CONTENT="easily" WC="0.9066667" CC="000320" />
            <SP ID="P1_SP00369" WIDTH="0" HPOS="0" VPOS="0" />
            <String ID="P1_S00406" HPOS="1073" VPOS="2742" WIDTH="100" HEIGHT="42" STYLEREFS="StyleId-3" CONTENT="seen" WC="1" CC="0000" />
            <SP ID="P1_SP00370" WIDTH="0" HPOS="0" VPOS="0" />
            <String ID="P1_S00407" HPOS="1197" VPOS="2729" WIDTH="91" HEIGHT="55" STYLEREFS="StyleId-3" CONTENT="that" WC="0.935" CC="0200" />
            <SP ID="P1_SP00371" WIDTH="0" HPOS="0" VPOS="0" />
            <String ID="P1_S00408" HPOS="1310" VPOS="2726" WIDTH="122" HEIGHT="58" STYLEREFS="StyleId-3" CONTENT="these" WC="0.876" CC="31001" />
            <SP ID="P1_SP00372" WIDTH="0" HPOS="0" VPOS="0" />
            <String ID="P1_S00409" HPOS="1453" VPOS="2721" WIDTH="237" HEIGHT="63" STYLEREFS="StyleId-3" CONTENT="conditions" WC="0.901" CC="0000020150" />
            <SP ID="P1_SP00373" WIDTH="0" HPOS="0" VPOS="0" />
            <String ID="P1_S00410" HPOS="1711" VPOS="2723" WIDTH="113" HEIGHT="61" STYLEREFS="StyleId-3" CONTENT="must" WC="0.8975" CC="0400" />
            <SP ID="P1_SP00374" WIDTH="0" HPOS="0" VPOS="0" />
            <String ID="P1_S00411" HPOS="1845" VPOS="2717" WIDTH="101" HEIGHT="67" STYLEREFS="StyleId-3" CONTENT="bear" WC="1" CC="0000" />
            <SP ID="P1_SP00375" WIDTH="0" HPOS="0" VPOS="0" />
            <String ID="P1_S00412" HPOS="1966" VPOS="2721" WIDTH="111" HEIGHT="63" STYLEREFS="StyleId-3" CONTENT="most" WC="0.955" CC="0010" />
            <SP ID="P1_SP00376" WIDTH="0" HPOS="0" VPOS="0" />
            <String ID="P1_S00413" HPOS="2097" VPOS="2715" WIDTH="150" HEIGHT="69" STYLEREFS="StyleId-3" CONTENT="hardly" WC="0.738333344" CC="503060" />
          </TextLine>
          <TextLine ID="P1_TL00037" HPOS="569" VPOS="2801" WIDTH="1676" HEIGHT="32">
            <String ID="P1_S00414" HPOS="570" VPOS="2819" WIDTH="113" HEIGHT="39" STYLEREFS="StyleId-3" CONTENT="upon" WC="0.6825" CC="7005" />
            <SP ID="P1_SP00377" WIDTH="0" HPOS="0" VPOS="0" />
            <String ID="P1_S00415" HPOS="724" VPOS="2803" WIDTH="92" HEIGHT="55" STYLEREFS="StyleId-3" CONTENT="that" WC="0.6225" CC="3506" />
            <SP ID="P1_SP00378" WIDTH="0" HPOS="0" VPOS="0" />
            <String ID="P1_S00416" HPOS="847" VPOS="2800" WIDTH="185" HEIGHT="58" STYLEREFS="StyleId-3" CONTENT="element" WC="0.91" CC="0600000" />
            <SP ID="P1_SP00379" WIDTH="0" HPOS="0" VPOS="0" />
            <String ID="P1_S00417" HPOS="1062" VPOS="2796" WIDTH="45" HEIGHT="62" STYLEREFS="StyleId-3" CONTENT="of" WC="0.765" CC="31" />
            <SP ID="P1_SP00380" WIDTH="0" HPOS="0" VPOS="0" />
            <String ID="P1_S00418" HPOS="1137" VPOS="2794" WIDTH="73" HEIGHT="64" STYLEREFS="StyleId-3" CONTENT="the" WC="0.8333333" CC="500" />
            <SP ID="P1_SP00381" WIDTH="0" HPOS="0" VPOS="0" />
            <String ID="P1_S00419" HPOS="1240" VPOS="2789" WIDTH="258" HEIGHT="69" STYLEREFS="StyleId-3" CONTENT="population," WC="0.906363666" CC="01000050004" />
            <SP ID="P1_SP00382" WIDTH="0" HPOS="0" VPOS="0" />
            <String ID="P1_S00420" HPOS="1530" VPOS="2786" WIDTH="193" HEIGHT="72" STYLEREFS="StyleId-3" CONTENT="between" WC="0.9285714" CC="0000005" />
            <SP ID="P1_SP00383" WIDTH="0" HPOS="0" VPOS="0" />
            <String ID="P1_S00421" HPOS="1763" VPOS="2782" WIDTH="73" HEIGHT="76" STYLEREFS="StyleId-3" CONTENT="the" WC="0.91" CC="020" />
            <SP ID="P1_SP00384" WIDTH="0" HPOS="0" VPOS="0" />
            <String ID="P1_S00422" HPOS="1856" VPOS="2793" WIDTH="103" HEIGHT="65" STYLEREFS="StyleId-3" CONTENT="ages" WC="1" CC="0000" />
            <SP ID="P1_SP00385" WIDTH="0" HPOS="0" VPOS="0" />
            <String ID="P1_S00423" HPOS="1988" VPOS="2780" WIDTH="44" HEIGHT="78" STYLEREFS="StyleId-3" CONTENT="of" WC="1" CC="00" />
            <SP ID="P1_SP00386" WIDTH="0" HPOS="0" VPOS="0" />
            <String ID="P1_S00424" HPOS="2062" VPOS="2786" WIDTH="72" HEIGHT="72" STYLEREFS="StyleId-3" CONTENT="ten" WC="0.836666644" CC="103" />
            <SP ID="P1_SP00387" WIDTH="0" HPOS="0" VPOS="0" />
            <String ID="P1_S00425" HPOS="2164" VPOS="2781" WIDTH="81" HEIGHT="77" STYLEREFS="StyleId-3" CONTENT="and" WC="1" CC="000" />
          </TextLine>
          <TextLine ID="P1_TL00038" HPOS="570" VPOS="2866" WIDTH="1678" HEIGHT="32">
            <String ID="P1_S00426" HPOS="571" VPOS="2872" WIDTH="212" HEIGHT="51" STYLEREFS="StyleId-3" CONTENT="eighteen," WC="0.8144444" CC="000700072" />
            <SP ID="P1_SP00388" WIDTH="0" HPOS="0" VPOS="0" />
            <String ID="P1_S00427" HPOS="800" VPOS="2865" WIDTH="94" HEIGHT="58" STYLEREFS="StyleId-3" CONTENT="who" WC="0.6933333" CC="062" />
            <SP ID="P1_SP00389" WIDTH="0" HPOS="0" VPOS="0" />
            <String ID="P1_S00428" HPOS="907" VPOS="2876" WIDTH="71" HEIGHT="47" STYLEREFS="StyleId-3" CONTENT="are" WC="1" CC="000" />
            <SP ID="P1_SP00390" WIDTH="0" HPOS="0" VPOS="0" />
            <String ID="P1_S00429" HPOS="997" VPOS="2863" WIDTH="88" HEIGHT="60" STYLEREFS="StyleId-3" CONTENT="just" WC="0.89" CC="1200" />
            <SP ID="P1_SP00391" WIDTH="0" HPOS="0" VPOS="0" />
            <String ID="P1_S00430" HPOS="1107" VPOS="2859" WIDTH="68" HEIGHT="64" STYLEREFS="StyleId-3" CONTENT="old" WC="0.9033333" CC="020" />
            <SP ID="P1_SP00392" WIDTH="0" HPOS="0" VPOS="0" />
            <String ID="P1_S00431" HPOS="1197" VPOS="2856" WIDTH="168" HEIGHT="67" STYLEREFS="StyleId-3" CONTENT="enough" WC="0.8016667" CC="000605" />
            <SP ID="P1_SP00393" WIDTH="0" HPOS="0" VPOS="0" />
            <String ID="P1_S00432" HPOS="1383" VPOS="2861" WIDTH="44" HEIGHT="62" STYLEREFS="StyleId-3" CONTENT="to" WC="0.795" CC="13" />
            <SP ID="P1_SP00394" WIDTH="0" HPOS="0" VPOS="0" />
            <String ID="P1_S00433" HPOS="1447" VPOS="2851" WIDTH="145" HEIGHT="72" STYLEREFS="StyleId-3" CONTENT="forfeit" WC="0.9628571" CC="1001000" />
            <SP ID="P1_SP00395" WIDTH="0" HPOS="0" VPOS="0" />
            <String ID="P1_S00434" HPOS="1606" VPOS="2847" WIDTH="188" HEIGHT="76" STYLEREFS="StyleId-3" CONTENT="parental" WC="0.94375" CC="00000040" />
            <SP ID="P1_SP00396" WIDTH="0" HPOS="0" VPOS="0" />
            <String ID="P1_S00435" HPOS="1810" VPOS="2846" WIDTH="219" HEIGHT="77" STYLEREFS="StyleId-3" CONTENT="solicitude" WC="0.87" CC="0000004520" />
            <SP ID="P1_SP00397" WIDTH="0" HPOS="0" VPOS="0" />
            <String ID="P1_S00436" HPOS="2045" VPOS="2846" WIDTH="81" HEIGHT="77" STYLEREFS="StyleId-3" CONTENT="and" WC="0.87" CC="030" />
            <SP ID="P1_SP00398" WIDTH="0" HPOS="0" VPOS="0" />
            <String ID="P1_S00437" HPOS="2141" VPOS="2858" WIDTH="107" HEIGHT="65" STYLEREFS="StyleId-3" CONTENT="care," WC="0.928" CC="00300" />
          </TextLine>
          <TextLine ID="P1_TL00039" HPOS="570" VPOS="2931" WIDTH="1680" HEIGHT="33">
            <String ID="P1_S00438" HPOS="571" VPOS="2937" WIDTH="81" HEIGHT="41" STYLEREFS="StyleId-3" CONTENT="and" WC="0.396666676" CC="0810" />
            <SP ID="P1_SP00399" WIDTH="0" HPOS="0" VPOS="0" />
            <String ID="P1_S00439" HPOS="668" VPOS="2940" WIDTH="72" HEIGHT="48" STYLEREFS="StyleId-3" CONTENT="yet" WC="0.89" CC="002" />
            <SP ID="P1_SP00400" WIDTH="0" HPOS="0" VPOS="0" />
            <String ID="P1_S00440" HPOS="755" VPOS="2938" WIDTH="74" HEIGHT="50" STYLEREFS="StyleId-3" CONTENT="not" WC="0.74666667" CC="700" />
            <SP ID="P1_SP00401" WIDTH="0" HPOS="0" VPOS="0" />
            <String ID="P1_S00441" HPOS="852" VPOS="2926" WIDTH="254" HEIGHT="62" STYLEREFS="StyleId-3" CONTENT="sufficiently" WC="0.8225" CC="070004006200" />
            <SP ID="P1_SP00402" WIDTH="0" HPOS="0" VPOS="0" />
            <String ID="P1_S00442" HPOS="1128" VPOS="2931" WIDTH="165" HEIGHT="57" STYLEREFS="StyleId-3" CONTENT="mature" WC="0.821666658" CC="000640" />
            <SP ID="P1_SP00403" WIDTH="0" HPOS="0" VPOS="0" />
            <String ID="P1_S00443" HPOS="1314" VPOS="2927" WIDTH="43" HEIGHT="61" STYLEREFS="StyleId-3" CONTENT="to" WC="0.755" CC="40" />
            <SP ID="P1_SP00404" WIDTH="0" HPOS="0" VPOS="0" />
            <String ID="P1_S00444" HPOS="1379" VPOS="2917" WIDTH="200" HEIGHT="71" STYLEREFS="StyleId-3" CONTENT="maintain" WC="0.76625" CC="70023032" />
            <SP ID="P1_SP00405" WIDTH="0" HPOS="0" VPOS="0" />
            <String ID="P1_S00445" HPOS="1596" VPOS="2914" WIDTH="72" HEIGHT="74" STYLEREFS="StyleId-3" CONTENT="the" WC="0.766666651" CC="240" />
            <SP ID="P1_SP00406" WIDTH="0" HPOS="0" VPOS="0" />
            <String ID="P1_S00446" HPOS="1690" VPOS="2912" WIDTH="189" HEIGHT="76" STYLEREFS="StyleId-3" CONTENT="struggle" WC="0.93375" CC="00000023" />
            <SP ID="P1_SP00407" WIDTH="0" HPOS="0" VPOS="0" />
            <String ID="P1_S00447" HPOS="1894" VPOS="2911" WIDTH="66" HEIGHT="77" STYLEREFS="StyleId-3" CONTENT="for" WC="0.8933333" CC="300" />
            <SP ID="P1_SP00408" WIDTH="0" HPOS="0" VPOS="0" />
            <String ID="P1_S00448" HPOS="1980" VPOS="2910" WIDTH="270" HEIGHT="78" STYLEREFS="StyleId-3" CONTENT="themselves." WC="0.9563636" CC="04000000000" />
          </TextLine>
          <TextLine ID="P1_TL00040" HPOS="572" VPOS="2998" WIDTH="1682" HEIGHT="28">
            <String ID="P1_S00449" HPOS="572" VPOS="3004" WIDTH="143" HEIGHT="39" STYLEREFS="StyleId-3" CONTENT="There" WC="0.844" CC="06100" />
            <SP ID="P1_SP00409" WIDTH="0" HPOS="0" VPOS="0" />
            <String ID="P1_S00450" HPOS="736" VPOS="3000" WIDTH="34" HEIGHT="43" STYLEREFS="StyleId-3" CONTENT="is" WC="0.985" CC="00" />
            <SP ID="P1_SP00410" WIDTH="0" HPOS="0" VPOS="0" />
            <String ID="P1_S00451" HPOS="792" VPOS="3010" WIDTH="23" HEIGHT="33" STYLEREFS="StyleId-3" CONTENT="a" WC="1" CC="0" />
            <SP ID="P1_SP00411" WIDTH="0" HPOS="0" VPOS="0" />
            <String ID="P1_S00452" HPOS="836" VPOS="2998" WIDTH="114" HEIGHT="48" STYLEREFS="StyleId-3" CONTENT="large" WC="0.918" CC="40000" />
            <SP ID="P1_SP00412" WIDTH="0" HPOS="0" VPOS="0" />
            <String ID="P1_S00453" HPOS="972" VPOS="2994" WIDTH="108" HEIGHT="52" STYLEREFS="StyleId-3" CONTENT="class" WC="0.978" CC="01000" />
            <SP ID="P1_SP00413" WIDTH="0" HPOS="0" VPOS="0" />
            <String ID="P1_S00454" HPOS="1102" VPOS="2991" WIDTH="44" HEIGHT="55" STYLEREFS="StyleId-3" CONTENT="of" WC="0.815" CC="03" />
            <SP ID="P1_SP00414" WIDTH="0" HPOS="0" VPOS="0" />
            <String ID="P1_S00455" HPOS="1167" VPOS="2989" WIDTH="102" HEIGHT="57" STYLEREFS="StyleId-3" CONTENT="such" WC="0.795" CC="0403" />
            <SP ID="P1_SP00415" WIDTH="0" HPOS="0" VPOS="0" />
            <String ID="P1_S00456" HPOS="1292" VPOS="2985" WIDTH="187" HEIGHT="61" STYLEREFS="StyleId-3" CONTENT="children" WC="0.91625" CC="06000000" />
            <SP ID="P1_SP00416" WIDTH="0" HPOS="0" VPOS="0" />
            <String ID="P1_S00457" HPOS="1501" VPOS="2983" WIDTH="165" HEIGHT="63" STYLEREFS="StyleId-3" CONTENT="thrown" WC="0.765" CC="460004" />
            <SP ID="P1_SP00417" WIDTH="0" HPOS="0" VPOS="0" />
            <String ID="P1_S00458" HPOS="1697" VPOS="2990" WIDTH="112" HEIGHT="56" STYLEREFS="StyleId-3" CONTENT="upon" WC="0.6075" CC="5044" />
            <SP ID="P1_SP00418" WIDTH="0" HPOS="0" VPOS="0" />
            <String ID="P1_S00459" HPOS="1831" VPOS="2978" WIDTH="73" HEIGHT="68" STYLEREFS="StyleId-3" CONTENT="the" WC="0.793333352" CC="060" />
            <SP ID="P1_SP00419" WIDTH="0" HPOS="0" VPOS="0" />
            <String ID="P1_S00460" HPOS="1943" VPOS="2977" WIDTH="141" HEIGHT="69" STYLEREFS="StyleId-3" CONTENT="public" WC="0.845" CC="061100" />
            <SP ID="P1_SP00420" WIDTH="0" HPOS="0" VPOS="0" />
            <String ID="P1_S00461" HPOS="2124" VPOS="2976" WIDTH="130" HEIGHT="70" STYLEREFS="StyleId-3" CONTENT="chari¬" WC="0.831666648" CC="023012" />
          </TextLine>
          <TextLine ID="P1_TL00041" HPOS="575" VPOS="3067" WIDTH="531" HEIGHT="43">
            <String ID="P1_S00462" HPOS="575" VPOS="3071" WIDTH="80" HEIGHT="38" STYLEREFS="StyleId-3" CONTENT="ties" WC="0.925" CC="3000" />
            <SP ID="P1_SP00421" WIDTH="0" HPOS="0" VPOS="0" />
            <String ID="P1_S00463" HPOS="676" VPOS="3066" WIDTH="44" HEIGHT="43" STYLEREFS="StyleId-3" CONTENT="of" WC="0.86" CC="02" />
            <SP ID="P1_SP00422" WIDTH="0" HPOS="0" VPOS="0" />
            <String ID="P1_S00464" HPOS="737" VPOS="3065" WIDTH="73" HEIGHT="44" STYLEREFS="StyleId-3" CONTENT="the" WC="0.81" CC="050" />
            <SP ID="P1_SP00423" WIDTH="0" HPOS="0" VPOS="0" />
            <String ID="P1_S00465" HPOS="831" VPOS="3059" WIDTH="275" HEIGHT="52" STYLEREFS="StyleId-3" CONTENT="community." WC="0.816" CC="5000607000" />
          </TextLine>
          <TextLine ID="P1_TL00042" HPOS="676" VPOS="3161" WIDTH="520" HEIGHT="26">
            <String ID="P1_S00466" HPOS="676" VPOS="3167" WIDTH="15" HEIGHT="14" STYLEREFS="StyleId-2" CONTENT="*" WC="0.7" CC="3" />
            <SP ID="P1_SP00424" WIDTH="0" HPOS="0" VPOS="0" />
            <String ID="P1_S00467" HPOS="718" VPOS="3165" WIDTH="81" HEIGHT="27" STYLEREFS="StyleId-2" CONTENT="Near" WC="0.97" CC="0010" />
            <SP ID="P1_SP00425" WIDTH="0" HPOS="0" VPOS="0" />
            <String ID="P1_S00468" HPOS="812" VPOS="3162" WIDTH="69" HEIGHT="30" STYLEREFS="StyleId-2" CONTENT="Fort" WC="0.78" CC="2600" />
            <SP ID="P1_SP00426" WIDTH="0" HPOS="0" VPOS="0" />
            <String ID="P1_S00469" HPOS="897" VPOS="3157" WIDTH="218" HEIGHT="35" STYLEREFS="StyleId-2" CONTENT="Washington." WC="0.7936364" CC="00570201330" />
            <SP ID="P1_SP00427" WIDTH="0" HPOS="0" VPOS="0" />
            <String ID="P1_S00470" HPOS="1130" VPOS="3153" WIDTH="65" HEIGHT="39" STYLEREFS="StyleId-2" CONTENT="Md." WC="0.8833333" CC="201" />
          </TextLine>
        </TextBlock>
      </PrintSpace>
    </Page>
  </Layout>
</alto>